2882 5028
569 417 702 489 DE
761 417 1241 491 CARMINE
1299 417 1611 492 EPICO
1667 418 2040 494 VIRGlL.
2338 428 2432 497 27

209 625 295 676 ce
320 613 417 674 est
439 615 757 703 accepta
788 598 1261 692 referenda3
1299 602 1458 677 hoc
1492 602 1774 680 eorum
1808 603 2103 680 docent
2131 605 2439 704 scripta,

206 705 281 778 in
314 729 610 780 summa
651 703 1163 806 simplicitate
1211 706 1552 802 cultum,
1635 708 2018 801 nitorem,
2086 722 2166 783 et
2216 733 2444 783 orna-

203 822 355 883 tum
401 808 997 905 admirabilem,
1054 835 1301 910 quem
1334 809 1551 885 nulla
1601 810 1743 885 alia
1790 825 1999 886 aetas
2028 824 2445 912 assequuta

200 925 337 1007 est,
405 911 865 991 referentia.
986 914 1383 991 Videntur
1441 913 1737 989 scilicet
1805 929 2093 1015 poetae
2152 915 2444 1015 doctis-

198 1017 361 1090 simi
415 1030 496 1092 et
547 1015 1213 1094 Ptolemaeorum
1260 1018 1792 1093 contubernio
1840 1017 2157 1118 expoliti
2203 1019 2446 1093 anim-

198 1118 650 1215 advertisse,
748 1138 921 1196 non
983 1120 1409 1197 infeliciter
1465 1121 1981 1219 Tragicos-um
2038 1136 2446 1198 tumorem

194 1226 605 1299 Homerica
672 1222 1171 1325 simplicitate
1235 1225 1663 1325 temperari
1746 1239 1825 1301 et
1909 1239 2174 1300 natam
2258 1226 2447 1302 inde

198 1329 565 1403 orationis
605 1329 1075 1424 gravitatem
1116 1331 1384 1404 aetatis
1422 1354 1612 1404 suae
1667 1327 2049 1427 elegantia
2093 1328 2447 1430 quodam

195 1430 435 1507 modo
478 1431 775 1529 imbui,
854 1432 1224 1533 adeoque
1282 1431 1747 1531 dignitatem
1795 1456 1978 1508 cum
2036 1446 2448 1508 venustate

200 1537 619 1611 consociari
655 1560 920 1636 posse.
1026 1541 1196 1612 Hos
1223 1541 1450 1612 Maro
1484 1550 1845 1611 auctores
1884 1534 2203 1633 habuit,
2267 1562 2450 1612 cum

201 1653 409 1715 tanto
449 1641 762 1715 maiore
804 1639 1076 1716 iudicii
1115 1639 1391 1736 laude,
1447 1639 1674 1740 quod
1718 1641 2021 1716 Ennius
2063 1654 2143 1715 et
2185 1642 2449 1736 ceteri,

204 1745 329 1842 qui
360 1757 993 1845 praecesserant,
1052 1743 1156 1820 de
1189 1745 1565 1819 orationis
1615 1743 2001 1841 elegantia
2035 1757 2114 1819 et
2163 1758 2450 1820 ornatu

202 1848 678 1946 castigatiore
702 1873 993 1948 parum
1029 1846 1600 1925 laboraverant.

394 2006 593 2080 XIV.
660 2002 931 2079 Placet
988 2027 1205 2077 nunc
1254 2002 1337 2077 in
1386 2000 1553 2076 fine
1621 2000 2008 2076 subiicere
2071 2000 2451 2078 nonnulla

201 2119 279 2178 et
335 2131 480 2205 per
534 2120 889 2181 saturam
940 2130 1314 2201 monere,
1400 2104 1688 2207 quibus
1747 2107 2104 2180 virorum
2170 2106 2452 2181 docto-

199 2234 369 2282 rum
408 2216 885 2309 opinionibus,
941 2239 1122 2309 quae
1154 2223 1377 2285 totam
1416 2215 1755 2284 carminis
1788 2216 2098 2285 indolem
2134 2218 2248 2285 vel
2277 2216 2454 2284 cha·

202 2328 552 2389 meterem
600 2323 854 2390 tollere
897 2321 1188 2409 videas,
1259 2312 1491 2387 tacite
1538 2325 1670 2387 aut
1717 2337 2081 2413 expresse
2131 2338 2169 2387 a
2221 2313 2456 2388 nobis

203 2430 693 2507 occurratur;
760 2443 951 2492 nam
1007 2418 1087 2491 in
1152 2417 1754 2491 contentionem
1802 2441 1985 2492 eum
2046 2442 2456 2519 quoquam

208 2519 693 2598 descendere
727 2546 879 2597 nec
914 2523 1489 2621 ingenii-nostri
1521 2545 1672 2595 nec
1708 2523 1953 2595 moris
1988 2534 2129 2598 est.

400 2682 566 2756 XV.
604 2678 970 2753 Primum
997 2684 1093 2752 de
1123 2683 1433 2771 consilio,
1466 2671 1691 2774 quod
1720 2687 1957 2773 poeta
1986 2676 2068 2749 in
2101 2676 2456 2752 Aeneide

210 2780 783 2856 conscribenda
841 2793 1224 2881 sequutus
1277 2780 1410 2874 sit,
1481 2790 1561 2852 et
1602 2781 1920 2878 desine,
1976 2804 2223 2878 quem
2268 2804 2459 2879 pro-

217 2885 553 2982 positum
583 2884 979 2978 habuerit,
1010 2883 1242 2959 multi
1270 2883 1478 2957 varia
1513 2879 2245 2961 comminiscuntur.
2289 2885 2457 2958 Iam

223 2989 555 3084 primum
605 2987 853 3063 Iuliae
928 2987 1182 3086 gentis
1257 2987 1481 3083 origo
1560 2984 1656 3058 ab
1702 2988 1972 3060 Aenea
2033 2986 2305 3078 ducta,
2383 2999 2460 3062 et

217 3091 557 3168 studium
601 3093 897 3189 gratiae
951 3091 1278 3187 Augusti
1343 3087 1886 3164 demerendae
1938 3090 2199 3189 potuit
2246 3087 2460 3164 forte

215 3196 495 3294 Virgilii
532 3197 896 3271 animum
944 3195 1045 3269 ad
1086 3193 1246 3268 hoc
1286 3191 1662 3270 Aeneidis
1711 3206 2271 3289 argumentum
2323 3191 2461 3267 ad-

215 3313 552 3391 vertere3
607 3300 997 3375 hactenus
1039 3322 1207 3373 non
1243 3295 1452 3372 male
1501 3295 1651 3370 dici
1695 3309 1981 3396 potest,
2035 3297 2181 3371 nisi
2225 3299 2463 3373 Octa-

214 3403 476 3478 vianus
509 3406 591 3479 in
639 3416 971 3502 gentem
1011 3403 1290 3478 Iuliam
1342 3399 1759 3501 adoptatus
1798 3396 2108 3495 suisset,
2165 3399 2461 3474 nullam

216 3530 353 3580 nos
396 3507 815 3583 habituros
863 3531 1034 3582 esse
1060 3503 1544 3594 Aeneidem;
1609 3515 1795 3579 sunt
1841 3527 2169 3605 quoque
2212 3501 2462 3577 multa

218 3609 290 3683 in
346 3610 587 3687 Iuliae
644 3612 905 3709 gentis
964 3610 1452 3708 Augustique
1514 3607 1920 3682 honorem
1978 3611 2056 3682 in
2116 3606 2465 3682 carmine

220 3714 615 3812 ingeniose
667 3717 997 3806 intexta3
1081 3738 1231 3789 nec
1287 3726 1560 3787 tamen
1618 3710 1770 3786 dici
1819 3725 2120 3811 potest.
2198 3718 2468 3808 Augu-

221 3830 417 3895 stum
463 3818 851 3897 Aeneidis
915 3830 1154 3918 caput
1204 3814 1686 3915 fontemque
1738 3840 1927 3893 esse.
2047 3813 2265 3891 Nihil
2309 3839 2469 3889 ma-

220 3922 322 4018 gis
365 3923 715 4001 alienum
750 3947 926 3998 esse
969 3933 1231 4023 potest
1265 3920 1361 3994 ab
1410 3919 1639 4019 epico
1688 3920 2036 3995 carmine
2079 3945 2320 4020 quam
2353 3925 2469 3993 al·-

226 4032 532 4125 legm-iu,·
586 4027 893 4126 iugulat
925 4026 1141 4100 enim
1169 4037 1424 4098 totam
1463 4023 1630 4099 eius
1662 4025 1847 4116 vim,
1895 4049 2167 4100 rerum
2203 4038 2280 4099 et
2318 4023 2469 4097 ho-

228 4132 513 4209 minum
578 4133 1060 4230 dignitatem
1121 4138 1515 4221 attenuat‚'
1575 4141 1887 4225 gratum
1948 4128 2189 4203 animi
2259 4150 2470 4202 erro-

226 4257 380 4312 rem
445 4237 746 4314 excutit
808 4248 888 4309 et
941 4245 1243 4308 aestum
1289 4232 1496 4307 inter
1551 4231 1985 4328 legendum
2035 4229 2471 4328 refrigerat,

222 4341 879 4444 voluptatemque
915 4360 1246 4412 omnem
1282 4337 1699 4435 intercipit.
1787 4336 2163 4412 Certatim
2207 4350 2470 4409 tamen

216 4447 340 4522 viri
378 4447 590 4525 docti
642 4443 978 4542 argutiis
1018 4440 1174 4514 suis
1217 4446 1529 4516 Aeneae
1578 4463 2004 4540 personam
2047 4439 2281 4514 nobis
2323 4440 2475 4513 eri-
