2882 5028
578 445 713 516 DE
773 444 1255 519 CARMINE
1310 443 2052 521 EP1C0.V1RG1L.
2345 454 2434 523 21

230 625 548 724 Virgilio,
615 627 781 703 aliis
832 618 1035 704 nihil
1079 628 1416 705 ieiunius
1460 642 1539 705 et
1581 630 1941 707 sterilius,
2041 629 2442 731 Equidem

221 728 454 804 hocin
486 729 669 807 loco
702 732 959 807 multa
1009 756 1182 808 esse
1225 732 1502 826 vide0,
1561 758 1763 834 quae
1815 758 1964 808 nec
2012 731 2222 808 laudi
2273 760 2443 809 ma-

206 856 543 933 gnopere
580 860 733 910 nec
762 837 1044 910 veniae
1075 833 1349 910 locum
1378 835 1691 930 faciant,
1747 836 1888 912 sed
1924 862 2125 937 quae
2161 840 2275 912 rei
2309 863 2440 912 na-

208 949 409 1011 turae
439 952 519 1013 et
549 939 842 1013 rationi
874 939 978 1013 ita
1011 952 1196 1013 sunt
1228 954 1783 1036 consentanea,
1836 954 1962 1031 ut,
2018 939 2438 1041 quomodo

204 1052 325 1114 aut
353 1067 596 1140 quare
646 1042 876 1117 aliter
919 1067 1003 1117 se
1051 1042 1350 1117 habere
1395 1042 1778 1139 debeant,
1835 1067 2097 1118 caussa
2150 1043 2438 1119 idonea

200 1166 357 1218 non
406 1158 799 1245 appareat.
910 1148 1326 1221 Summam
1369 1148 1733 1222 carminis
1778 1148 1874 1222 ad
1919 1148 2436 1223 Homericum

202 1248 646 1348 exemplum
698 1251 1206 1324 constitutam
1248 1274 1417 1325 esse
1459 1250 1819 1329 vidimus.
1927 1253 2130 1327 Cum
2175 1251 2437 1350 itaque

202 1352 438 1426 semel
475 1352 577 1427 ad
606 1353 1011 1450 Odysseae
1049 1365 1128 1428 et
1154 1352 1419 1428 Iliadis
1461 1367 1869 1454 tamquam
1898 1353 2435 1450 magisterium

201 1454 631 1530 Aeneidem
691 1457 1272 1555 composuisset
1323 1470 1600 1557 poleta3
1670 1455 1947 1557 quidni
1988 1460 2436 1531 Homerum

204 1557 277 1630 in
310 1558 661 1658 partibus
722 1584 1051 1662 quoque
1112 1572 1245 1634 aut
1300 1560 1636 1657 singulis
1681 1559 1874 1635 locis
1931 1559 2433 1662 sequendum

204 1672 552 1760 putaret?
624 1676 738 1758 et,
809 1688 992 1738 cum
1044 1663 1381 1738 omnino
1421 1662 1763 1761 vestigiis
1804 1663 1971 1739 eius
2024 1664 2439 1757 insisteret,
2525 1708 2528 1713 =

208 1764 511 1863 quando
633 1765 852 1843 ‘dem
882 1780 1445 1867 argumentum
1477 1765 1723 1842 affine
1752 1791 1839 1841 ac
1869 1766 2124 1842 simile
2161 1779 2435 1841 tracta-

204 1866 359 1964 bat,
412 1793 740 1945 difflclile
776 1885 941 1946 erat
987 1894 1299 1962 cavere,
1359 1894 1460 1945 ne
1507 1872 1588 1945 in
1634 1868 1956 1946 easdem
1991 1870 2282 1970 passim
2311 1895 2435 1945 re-

204 1997 367 2045 rum
426 1972 678 2067 ideas,
755 1973 1042 2049 eadem
1089 1973 1674 2075 phantasmata,
1743 1971 2066 2048 easdem
2114 1986 2437 2048 senten-

204 2075 365 2171 tiaS,
429 2076 716 2152 eadem
760 2084 969 2183 πάθη
1023 2079 1484 2154 incurreret.
1594 2079 1799 2152 Sunt
1848 2089 2113 2150 autem
2165 2076 2436 2171 multa,

205 2203 392 2276 quae
438 2205 606 2255 uno
659 2193 970 2255 tantum
1019 2179 1274 2256 modo
1328 2193 1547 2254 recte
1600 2179 1752 2255 dici
1802 2192 1880 2256 et
1939 2176 2210 2254 efferri
2263 2202 2437 2279 pos.

202 2295 404 2372 sunt;
460 2283 726 2378 multa,
785 2309 1014 2385 quae,
1068 2286 1130 2359 si
1156 2297 1486 2360 naturae
1524 2297 2052 2358 consentanea
2097 2307 2265 2359 esse
2305 2283 2437 2357 de-

205 2382 415 2481 bent,
469 2388 767 2462 variare
809 2387 1016 2463 velle
1063 2388 1428 2488 ineptum
1466 2388 1582 2467 sit.
1654 2391 2070 2462 Praeterea
2113 2409 2280 2459 non
2320 2384 2427 2462 fa-

208 2487 337 2563 cile
382 2516 838 2593 assequare,
897 2491 1318 2591 quomodo
1360 2504 1599 2592 poeta
1635 2489 1915 2566 doctus
1964 2502 2043 2566 et
2090 2494 2434 2566 Graeco-

208 2617 368 2666 rum
386 2610 813 2693 poetarum
858 2597 1219 2671 lectione
1248 2595 1669 2671 subactum
1723 2594 2028 2669 habens
2075 2607 2154 2668 et
2199 2618 2433 2668 orna—

206 2707 357 2769 tum
391 2699 797 2798 ingenium
825 2762 844 2791 ,
903 2723 1083 2774 cum
1132 2724 1214 2774 se
1262 2698 1361 2774 ad
1412 2722 1616 2798 opus
1647 2723 1883 2771 suum
1913 2711 2435 2793 converteret,

207 2798 297 2872 ita
334 2802 634 2891 omnia,
692 2827 897 2903 quae
928 2801 1256 2901 legerat,
1314 2803 1581 2877 animo
1618 2798 2017 2900 expellere
2057 2813 2137 2874 et
2177 2813 2435 2875 extur—

209 2899 374 2978 bare
418 2907 838 3005 potuisset,
907 2919 997 2980 ut
1034 2905 1224 2981 nihil
1269 2930 1359 2980 ex
1400 2905 1726 3005 pristina
1756 2901 2099 2982 lectione
2146 2902 2433 2977 obver-

218 3021 487 3082 saretur
524 3010 833 3087 animo:
886 3011 1222 3083 maxima
1254 3020 1522 3083 autem
1555 3031 1874 3096 eorum,
1933 3030 2134 3108 quae
2178 3006 2429 3082 imita-

212 3107 401 3185 tione
457 3136 818 3211 expressa
869 3112 1021 3188 dici
1053 3124 1415 3213 possunt,
1472 3135 1650 3211 pars
1699 3110 2090 3190 eiusmodi
2141 3124 2291 3204 est,
2345 3124 2436 3184 ut

214 3236 357 3286 non
400 3227 560 3288 tam
610 3214 788 3290 data
833 3240 1079 3316 opera
1128 3229 1206 3290 et
1244 3215 1511 3289 studio
1543 3214 1966 3290 Homerica
2017 3213 2257 3289 verba
2300 3227 2432 3289 aut

209 3320 608 3392 sententias
659 3319 1012 3396 reddere
1080 3317 1424 3393 voluisse
1490 3317 1740 3393 videri
1811 3317 2099 3416 possit,
2191 3342 2431 3417 quam

210 3432 286 3490 ut
332 3422 589 3520 potius
648 3424 732 3497 in
790 3450 880 3499 ea
946 3422 1311 3499 incidisse
1384 3421 1635 3498 videri
1707 3420 2034 3517 debeat,
2119 3420 2284 3520 ipsa
2343 3446 2433 3496 re

215 3545 321 3616 ea,
371 3550 567 3624 quae
615 3526 816 3602 olim
861 3525 1061 3602 lecta
1104 3538 1182 3600 et
1228 3525 1536 3622 cognita
1576 3525 1656 3599 in
1687 3522 1924 3598 simili
1961 3536 2431 3621 argumento

217 3629 566 3703 memoria
619 3630 987 3723 tenebat,
1070 3628 1356 3704 iterum
1424 3628 1523 3703 ad
1584 3630 1940 3702 animum
1986 3640 2432 3707 revocante.

215 3733 418 3832 Atqui
452 3731 609 3808 hoc
641 3732 1007 3811 imitandi
1037 3754 1323 3830 geum,
1374 3744 1686 3806 tantum
1721 3729 1978 3829 abest,
2037 3742 2126 3806 ut
2155 3755 2432 3832 repre-

215 3971 410 4024 centum
451 3964 820 4046 respiciunt,
886 3978 1075 4037 eoque
1119 3961 1382 4019 animum
1417 3958 1493 4017 ab
1531 3978 1602 4018 eo
1648 3965 1938 4032 avocant,
1983 3956 2146 4035 quod
2187 3958 2246 4016 in
2279 3980 2431 4017 con-

210 4044 584 4111 :idm-ationem
624 4047 857 4108 adduci
906 4045 1181 4105 debebat.
1279 4044 1609 4104 Discrimen
1650 4042 2003 4123 primarium
2046 4044 2246 4103 statim
2301 4045 2433 4124 ipsa

205 4141 527 4216 temporum,
586 4137 816 4215 quibus
843 4142 1099 4209 uterque
1127 4131 1314 4203 vixit,
1370 4140 1433 4202 et
1476 4129 1821 4204 hominum,
1875 4128 2232 4205 quibuscum
2257 4131 2432 4189 vixe-

196 4233 328 4297 runt,
356 4237 413 4285 et
443 4223 768 4294 sermonis,
801 4238 927 4296 quo
960 4217 1049 4275 usi
1074 4227 1233 4291 sunt,
1263 4216 1579 4275 diversitas
1607 4216 1827 4273 inferre
1865 4213 2093 4274 debuit.
2150 4214 2432 4292 Virgilius

191 4320 294 4369 nne
319 4324 374 4372 et
403 4313 613 4373 studio
663 4306 853 4367 finxit
881 4303 1217 4380 ingenium,
1275 4311 1333 4360 et
1369 4301 1448 4360 ad
1483 4300 1908 4360 sublimitatem
1945 4320 2018 4358 ac
2061 4300 2430 4379 dignitatem,

184 4395 570 4479 adelagi-ntiae
600 4412 863 4455 sensum
901 4388 1162 4464 aliquem
1189 4387 1248 4445 in
1277 4389 1457 4447 rebus
1494 4397 1558 4445 et
1577 4387 1804 4460 verbis,
1847 4383 2156 4463 expolivit.
2229 4387 2430 4459 Quam

182 4483 383 4546 diver-a
416 4487 482 4547 in
522 4484 815 4556 Homero
856 4473 1087 4535 suerint
1116 4473 1344 4551 omnia,
1383 4471 1659 4533 hocloco
1683 4489 1985 4552 exponere
2015 4469 2163 4530 nihil
2192 4470 2428 4531 attinet.
