2882 5028
486 399 640 474 794
965 393 1044 467 Ρ.
1113 390 1648 467 VIRGILII
1712 390 2264 466 MARONIS

488 581 902 657 Proximus
947 577 1389 678 ingreditur
1428 575 1697 670 donis»,
1753 578 1887 677 qui
1921 577 2224 653 vincula
2258 576 2495 677 rupit;

486 688 935 776 Extremu5‚
988 683 1293 758 volucri
1339 682 1474 782 qui
1504 679 1668 754 fixit
1699 680 2086 756 arundine
2129 680 2436 757 malum.

590 793 689 863 At
716 800 943 886 pater
969 792 1312 881 AeneaS‚
1365 784 1738 859 nondum
1784 787 2211 860 certamine
2251 786 2507 880 miSSO,
2558 788 2683 863 545

489 889 929 967 Custodem
975 889 1071 965 ad
1109 914 1282 965 sese
1319 889 1865 988 comitemque
1903 889 2216 989 inpubis
2244 887 2386 964 Iuli

484 993 879 1094 Epytiden
908 1006 1171 1090 vocat,
1242 1006 1322 1067 et
1350 992 1597 1067 fidam
1630 992 1740 1066 sic
1774 990 1984 1067 fatur
2011 992 2111 1068 ad
2147 1015 2448 1068 aurem:

487 1096 708 1176 Vade
748 1120 924 1194 age,
984 1110 1097 1193 et,
1150 1097 1520 1191 Ascanio,
1574 1097 1637 1170 si
1688 1096 1842 1171 iam
1875 1095 2180 1195 puerile
2224 1108 2564 1197 paratum

485 1207 795 1298 Agmen
827 1200 1070 1276 habet
1103 1225 1402 1297 secum,
1462 1225 1895 1300 cursusque
1925 1201 2283 1275 instruxit
2319 1219 2684 1300 equorum,

482 1307 738 1380 Ducat
769 1328 914 1380 avo
947 1318 1287 1399 turmam,
1345 1318 1424 1379 et
1453 1328 1625 1379 sese
1658 1303 2030 1378 ostendat
2070 1305 2152 1378 in
2188 1305 2442 1396 armiS‚
2564 1304 2684 1379 550

483 1409 665 1501 Dic,
721 1408 842 1486 ait.
947 1412 1128 1508 Ipse
1165 1431 1497 1483 omnem
1543 1408 1786 1505 longo
1823 1406 2219 1483 decedere
2268 1406 2471 1481 circo

625 1581 729 1637 546
780 1583 1171 1652 Custodemque
1230 1583 1305 1635 ad
1358 1601 1416 1634 ee
1464 1600 1510 1632 c.
1558 1581 1719 1639 Witt.
1790 1584 2029 1634 comitem
2090 1583 2163 1633 im
2206 1579 2422 1631 ubentis
2463 1577 2542 1629 ed.
2582 1576 2684 1627 Vm.

483 1649 586 1707 547
622 1652 946 1724 Aepytidem
980 1654 1128 1703 Rom.
1165 1661 1218 1702 et
1253 1650 1343 1702 alii
1379 1650 1505 1702 libri
1537 1651 1708 1716 Pion,
1744 1652 2036 1722 Epitiden,
2067 1655 2152 1722 Ep
2204 1650 2379 1701 ’idem
2410 1647 2493 1713 al„
2523 1645 2686 1723 vitiose.

484 1723 578 1772 Est
616 1739 701 1790 ap.
741 1723 951 1773 Homer.
986 1715 1288 1789 Ἠπυτίδης
1356 1722 1424 1772 cf.
1465 1721 1643 1773 Heius.
1694 1725 1769 1788 (et
1816 1722 2090 1791 Epytiden
2141 1719 2338 1771 Medic.
2386 1736 2466 1785 ap.
2511 1717 2687 1782 Foggm.

490 1791 635 1856 Wr.)
708 1791 783 1842 ad
818 1796 993 1842 aur-Im
1030 1792 1163 1842 Gud.
1236 1794 1295 1842 in
1332 1809 1523 1841 aurem
1558 1790 1759 1859 aliquot
1793 1790 1997 1841 Heinsii
2032 1790 2182 1854 libri,
2236 1788 2376 1857 quod
2410 1787 2520 1854 ipse
2549 1791 2686 1835 monet

485 1860 697 1911 comicis
736 1878 851 1909 esse
888 1860 1175 1923 familiare3
1212 1860 1353 1929 quod
1390 1871 1562 1911 tamen
1600 1859 1643 1910 si
1681 1871 1795 1924 est,
1842 1860 1994 1928 cpico
2031 1875 2274 1910 sermone
2309 1858 2474 1908 minus
2517 1855 2684 1920 dignum

485 1929 650 1981 videri
690 1930 868 1980 debet.
941 1933 1081 1981 Beue
1119 1931 1274 1981 etiam
1313 1932 1482 1980 Burin.
1518 1940 1728 1991 monet,
1776 1932 1832 1980 in
1871 1948 2059 1980 aurem
2095 1946 2212 1979 esse
2251 1927 2462 1979 alicuius
2493 1923 2589 1975 anri
2617 1938 2686 1971 ar-

484 2000 598 2050 cani
631 1999 756 2068 quid
792 2000 1145 2062 insusurrare,
1194 2000 1268 2050 ad
1302 2018 1490 2050 aurem
1524 2016 1648 2050 vcro
1670 2000 1852 2065 stdam
1888 1998 2148 2068 Epytidae
2184 1997 2328 2048 idem
2375 2013 2486 2046 esse
2525 2012 2603 2056 ac,
2639 1988 2687 2040 nd

484 2070 644 2119 fidum
680 2068 959 2122 hominem.
1034 2071 1131 2136 (ad
1166 2088 1353 2120 aurem
1388 2070 1568 2120 dicere
1602 2069 1670 2118 de
1703 2069 1876 2119 verbis
1906 2067 2242 2119 familiariter
2279 2077 2333 2118 et
2369 2064 2559 2116 curiose
2587 2075 2686 2128 μω·

481 2136 636 2203 latis,
668 2148 771 2189 tam
811 2156 928 2189 uam
961 2138 1017 2190 in
1051 2157 1176 2190 aure
1209 2138 1487 2205 repositis,
1522 2137 1714 2206 accipit
1749 2138 1917 2189 Haud.
1955 2136 2243 2189 Tursellin.
2291 2134 2413 2187 vol.
2460 2135 2497 2188 1.
2543 2151 2587 2200 p.
2624 2128 2687 2182 78-

491 2208 633 2275 Wr.)
807 2209 841 2261 9
876 2226 1200 2288 cursumque
1234 2210 1367 2260 Ven.
1474 2208 1576 2263 550
1619 2220 1853 2259 ostentet
1885 2211 2028 2259 Serv.
2065 2207 2132 2257 ad
2168 2207 2271 2272 XI,
2305 2206 2389 2259 42.
2491 2203 2576 2255 551
2601 2200 2688 2278 125⁶»

481 2280 585 2339 ait,
635 2295 697 2327 ex
734 2277 887 2328 codd.
925 2287 978 2328 et
1016 2290 1222 2329 ratione
1274 2279 1544 2329 firmarunt
1587 2278 1722 2328 Pier.
1768 2286 1822 2327 et
1871 2280 1967 2328 Ge..
2014 2275 2220 2328 Fabrio.
2290 2275 2395 2326 Alii
2427 2274 2541 2323 Sic.
2581 2265 2687 2336 (nde

470 2347 609 2411 Not.
653 2345 797 2413 Wr.)
868 2349 937 2397 In
982 2366 1040 2398 se
1076 2366 1281 2398 omnem
1332 2348 1537 2415 Mcnug.
1587 2365 1664 2415 pr.
1737 2347 1901 2417 longe
1951 2346 2055 2397 duo
2101 2347 2276 2396 Burm.
2331 2354 2386 2395 et
2432 2341 2528 2393 Erf.
2572 2358 2595 2390 a
2632 2351 2684 2386 Ι-

480 2434 562 2535 pr.
606 2418 683 2497 {et
723 2418 768 2468 1.
809 2418 963 2498 Wr.)·
1029 2417 1189 2487 largo
1235 2416 1452 2498 qudam:
1525 2416 1879 2480 descendere,
1929 2417 2232 2480 deducere,
2292 2412 2556 2465 discedere
2595 2403 2683 2457 sol-

503 2502 621 2536 cum
657 2484 816 2537 modo
853 2496 1086 2538 variatur
1119 2496 1172 2538 et
1206 2485 1309 2537 hic.
1381 2486 1659 2537 discedere
1691 2498 1847 2539 coetu
1883 2495 2106 2555 quatuor
2142 2502 2233 2553 ap.
2271 2486 2437 2535 Burin.

480 2636 552 2686 ut
582 2623 827 2702 ἐσθλὸς,
874 2623 1219 2711 εὐγνώμων.
1268 2625 1409 2708 (Sed
1436 2626 1563 2686 vid.

406 2772 420 2784 ,
480 2711 631 2790 quae
659 2714 867 2793 scripsi
915 2716 977 2773 in
1007 2715 1143 2774 Not.
1174 2714 1249 2772 ad
1284 2714 1387 2788 XI,
1425 2716 1563 2776 106.

487 2801 585 2859 W
583 2799 658 2880 r.)
746 2802 1067 2859 Proximus
1095 2800 1268 2858 donis
1296 2797 1392 2878 (ut
1416 2821 1564 2876 pro-

479 2889 680 2943 ‚sunus
751 2886 958 2968 laude)
1031 2886 1364 2963 ingreditur
1429 2887 1565 2963 (pro

479 2968 594 3050 est)
623 3015 641 3045 ‚
712 2968 772 3028 h.
831 2992 880 3030 e.
947 2975 1047 3049 qui
1101 2971 1379 3050 proximo
1431 2971 1565 3028 loco

477 3056 741 3134 praemio
810 3057 1076 3116 donatur
1113 3101 1128 3129 ,
1202 3055 1565 3114 Mnestheus.

477 3141 641 3199 Haec
670 3160 795 3198 mea
824 3143 993 3202 ratio.
1082 3143 1163 3200 At
1193 3145 1360 3201 Serv.
1392 3143 1563 3199 donis

477 3225 539 3287 h.
572 3246 620 3285 e.
654 3226 731 3284 ad
759 3227 948 3303 dona3
994 3237 1054 3286 et
1091 3228 1310 3286 Cerdo:
1354 3232 1560 3304 ingre-

476 3313 640 3371 ditur
675 3312 881 3391 donis,
942 3313 1168 3374 incedit
1207 3314 1559 3392 gloriabun-

477 3397 591 3457 dus
623 3419 758 3456 curn
790 3401 979 3458 donis,
1068 3397 1299 3479 (Quum
1328 3408 1388 3456 et
1404 3419 1555 3475 pro-

476 3486 674 3540 ximus
704 3485 876 3543 donis
905 3494 961 3542 et
987 3486 1224 3562 ingredi
1249 3486 1420 3542 donis
1450 3485 1562 3541 La-

476 3569 671 3627 tinum
705 3570 813 3644 sit,
858 3570 1043 3629 nolim
1077 3572 1251 3628 donis
1292 3589 1427 3628 cum
1473 3571 1562 3627 al-

474 3663 714 3713 terutro
740 3657 901 3733 iungi
919 3701 936 3732 ,
982 3656 1086 3714 sed
1115 3658 1319 3735 potius
1344 3654 1418 3712 ad
1458 3676 1562 3714 or-

473 3749 599 3800 tam
652 3759 727 3798 ex
790 3752 1052 3818 utroque
1101 3743 1408 3801 notionem
1453 3744 1565 3803 τοῦ

476 3821 850 3901 δευτερεύειν
873 3828 1098 3887 referri.
1142 3829 1417 3886 Ceterum
1437 3827 1560 3884 vid.

473 3913 604 3970 Not.
631 3912 710 3969 ad
751 3934 838 3971 vs.
886 3917 986 3977 68.
1043 3912 1209 3993 lsVr.)
1298 3914 1560 3971 Omnino

473 4009 592 4072 est,
639 4000 803 4076 quod
840 4019 969 4076 sup.
1001 4003 1145 4064 268.
1188 4003 1313 4061 269
1359 4019 1560 4056 omn-es

472 4088 683 4143 donati
731 4087 918 4144 ibant.
1014 4086 1333 4142 Extremus
1387 4085 1557 4162 Hyr-

470 4172 712 4231 incides.

557 4255 940 4323 545—547.
1003 4255 1132 4313 Vid.
1183 4256 1430 4340 Exqurs.
1477 4255 1553 4312 ad

469 4343 528 4401 h.
567 4344 602 4402 l.
647 4345 966 4401 certamine
994 4345 1173 4399 misso
1196 4386 1211 4412 ,
1262 4350 1329 4399 ut
1364 4334 1553 4421 α’γών,

471 4449 581 4505 pro
621 4428 982 4487 certantium
1036 4448 1105 4484 ac
1153 4427 1548 4506 spectantium

1649 2628 1829 2687 turba
1859 2626 2127 2685 dimissa:
2169 2627 2300 2686 fere
2331 2634 2404 2684 ut
2442 2623 2551 2682 iam
2584 2634 2685 2693 sup.

1648 2717 1795 2777 286.
1882 2715 2000 2773 Sed
2049 2722 2111 2772 et
2145 2711 2411 2792 pedestri
2462 2717 2686 2767 sermone

1648 2800 1770 2857 sere
1800 2799 1912 2857 sic:
1961 2808 2035 2859 ut
2058 2799 2225 2877 apud
2254 2798 2374 2856 Cic.
2446 2806 2571 2854 ante
2607 2790 2681 2846 Iu·

1649 2885 1859 2942 dorum
1888 2887 2231 2943 missionem
2273 2883 2373 2942 lib.
2407 2882 2457 2940 V
2483 2878 2551 2936 ad
2586 2873 2683 2931 Div-

1657 2975 1752 3034 12.
1807 2971 2120 3028 Custodem
2161 2974 2572 3047 comitemque,
2610 2960 2684 3017 in·

1647 3057 1740 3115 sra
1783 3077 1844 3114 v.
1893 3055 2022 3120 562
2068 3059 2431 3136 magistros,
2502 3069 2569 3107 ex
2601 3060 2683 3101 sno

1648 3161 1794 3199 aevo
1823 3141 2078 3200 adscivit
2114 3142 2420 3219 Virgilius,
2463 3156 2573 3215 quo
2599 3150 2686 3189 no·

1644 3226 1861 3285 bilibus
1885 3228 2202 3287 iuvenibus
2227 3225 2589 3286 addebantur
2609 3226 2685 3272 tt·-

1645 3314 1728 3370 les
1758 3314 2020 3391 magistri
2048 3314 2146 3372 vel
2177 3311 2454 3371 custodes
2494 3305 2683 3396 (Ηοτψ

1644 3398 1729 3457 tio
1750 3420 1920 3476 reges
1940 3444 1956 3474 ,
2003 3408 2074 3457 ut
2103 3400 2129 3457 Ι
2164 3398 2281 3457 Od.
2310 3402 2412 3471 36,
2442 3392 2522 3473 8).
2589 3386 2684 3481 lh·-

1648 3503 1761 3543 nus
1794 3485 1944 3543 bene
1979 3484 2224 3544 Servius
2260 3483 2458 3541 locum
2498 3497 2566 3545 ex
2607 3473 2684 3529 Cl-

1648 3589 1864 3628 cerone
1894 3567 2085 3650 (nunc
2111 3579 2204 3628 est
2236 3569 2300 3628 in
2331 3552 2681 3644 Fragmentis)

1645 3654 1892 3727 laudat,
1953 3657 2166 3715 melius
2214 3675 2344 3734 sup.
2389 3650 2599 3712 v.o257
2636 3647 2683 3697 ⁶¹

1648 3742 1784 3800 infr.
1804 3740 1957 3814 Vnt,
1988 3744 2112 3808 515
2145 3758 2463 3819 compares.
2491 3729 2682 3814 (Mult-

1649 3827 1723 3886 de
1767 3827 1839 3885 iis
1866 3829 1987 3904 egit
2015 3827 2342 3886 Martorell.
2374 3823 2561 3882 Theca
2594 3834 2680 3872 ca-

1646 3916 1795 3970 lam.
1866 3933 1923 3990 p.
1990 3916 2110 3977 169
2164 3910 2316 3992 sqq.)
2420 3902 2678 3991 Epytides

1645 4019 1718 4057 ex
1747 3998 2066 4057 Homerico
2107 3995 2485 4077 Periphante‚
2532 3990 2676 4063 Epyn

1642 4085 1796 4158 filio,
1842 4084 2008 4142 Iliad.
2042 4107 2097 4162 ρ,
2138 4088 2260 4147 328
2302 4100 2451 4158 κει,
2491 4073 2676 4132 adum·

1640 4172 1840 4228 brasse
1867 4171 2128 4228 videtur.
2213 4168 2474 4227 Ornatus
2499 4171 2673 4248 vem?

1638 4257 1764 4321 550
1792 4255 1866 4313 de
1904 4256 2174 4314 Ascanio.
2258 4274 2400 4327 avo,
2441 4249 2500 4305 in
2541 4241 2672 4336 ¹⁰d.⁸⁸

1636 4343 1696 4399 in
1758 4341 2048 4404 Anchisae
2129 4340 2410 4400 honorem
2468 4329 2666 4390 lubin&

1638 4426 1850 4506 (famr
1871 4460 1952 4473 -
1982 4427 2071 4486 tii!
2092 4473 2107 4502 ‚
2147 4426 2276 4486 vid.
2301 4427 2537 4502 'praela'
2569 4409 2666 4467 1²⁸·
