2882 5028
538 421 1154 503 AENEmos
1205 423 1417 499 ΜΒ.
1457 422 1604 519 v1‚
1654 429 2099 503 ινδ-232

2281 433 2435 506 893

169 610 518 704 Gaudia3
581 593 1253 710 mortiferumque
1288 608 1687 685 adverso
1668 634 1749 685 m
1783 608 2062 685 limine
2093 610 2433 709 Bellum,

164 716 611 816 Ferreique
669 713 1216 790 Eumenidum
1263 712 1626 810 thalami,
1694 725 1774 789 et
1816 713 2228 791 Discordia
2287 713 2434 791 de-

1341 840 1599 912 menS,
2276 825 2434 899 280

168 924 616 1022 Vipereum
649 921 951 996 crinem
983 920 1188 995 vittis
1225 920 1508 996 innexa
1551 918 1917 997 cruentis.

278 1028 371 1102 ln
404 1023 680 1100 medio
722 1048 989 1099 ramos
1022 1046 1483 1126 annosaque
1518 1020 1838 1098 brachia
1866 1021 2147 1122 pandit

313 1216 418 1270 279
451 1213 967 1285 monstriferumque
1003 1213 1138 1266 alter
1170 1215 1252 1266 Ha
1253 1214 1360 1266 mb.
1395 1232 1444 1266 v.
1479 1216 1651 1266 But-m.
1718 1214 1779 1266 in
1826 1214 1980 1268 deest
2011 1213 2296 1282 Hamburg.
2345 1231 2431 1283 pr.

166 1284 710 1338 wnlelumGoth
746 1295 865 1336 tert.
1002 1286 1108 1338 280

1143 1296 1196 1334 ee
1230 1284 1383 1335 abest
1417 1303 1447 1335 a
1480 1284 1536 1335 bi
1519 1283 1619 1334 mis
1653 1285 1824 1335 Βιιιπι.

1915 1279 2060 1339 281
2107 1284 2313 1335 innexa
2359 1284 2430 1335 cf.

171 1374 232 1406 su
238 1375 291 1424 p.
324 1355 391 1405 ad
426 1355 571 1405 Geor
544 1371 621 1420 r.g
658 1355 749 1414 IV,
783 1354 905 1417 482,
939 1353 1006 1404 ad
1042 1353 1180 1405 Tibu
1183 1353 1241 1404 11.
1276 1355 1318 1417 1,
1349 1353 1403 1418 3,
1437 1354 1524 1408 69.
1593 1354 1789 1404 innixa
1824 1354 1974 1405 Rom.
2079 1354 2277 1407 2821n
2313 1370 2432 1403 me-

171 1425 329 1476 dium
362 1422 494 1474 alter
528 1424 735 1505 Menag.
803 1426 874 1474 In
910 1441 992 1473 me
993 1423 1115 1474 daos
1144 1421 1637 1474 Montalb.1’orro
1677 1421 1855 1473 tendit
1886 1421 2127 1474 Parthas.
2196 1421 2434 1473 tendens

171 1494 352 1545 Proba
385 1491 645 1544 Faltonia.
710 1493 897 1563 pande
867 1510 966 1544 ens
998 1491 1175 1545 schol.
1209 1491 1383 1545 Statii.
1431 1509 1483 1544 v.
1518 1510 1633 1560 sup.
1667 1490 1737 1544 ad
1771 1492 1965 1560 Georg.
1997 1492 2065 1559 11,
2098 1492 2221 1547 296.

147 1629 393 1706 ’Ἷίινος
414 1633 773 1714 κασίγνητος
802 1627 1105 1696 Θανάτου.
1150 1632 1262 1692 Et-

170 1720 295 1778 iam
321 1717 581 1778 Hesiodo
620 1716 920 1796 Theogon.
967 1718 1093 1786 756
1133 1738 1259 1796 sqq.

174 1806 435 1863 Somnus
483 1813 546 1862 et
597 1806 776 1862 Mors
832 1804 1020 1862 Nocte
1068 1812 1261 1863 matre

173 1889 341 1948 editi.
384 1890 783 1947 malameruts
801 1890 1054 1947 Gaudia
1076 1888 1260 1948 adeo-

173 1995 295 2053 que
323 1975 573 2049 mentis,
618 1993 769 2052 quae
807 1982 869 2032 et
900 1974 1025 2052 ipsa
1060 1976 1253 2051 mala,

172 2071 241 2121 et
281 2062 519 2120 scelesta
536 2103 553 2134 ,
611 2078 734 2117 esse
783 2058 975 2119 debet.
1062 2059 1261 2138 Argu-

170 2155 348 2206 tatur
371 2146 434 2205 in
463 2143 731 2224 epitheto
770 2147 992 2204 Seneca
1019 2145 1129 2224 Ep.
1156 2147 1259 2211 59.

172 2232 425 2291 Dixerat
436 2230 838 2309 —gaudium
858 2235 981 2290 nisi
999 2234 1263 2310 sapienti

172 2339 301 2378 non
362 2338 472 2375 con
474 2319 699 2394 cingere
725 2347 812 2361 —
840 2318 1057 2396 ltaque
1119 2337 1259 2375 cum

170 2403 322 2462 dicit
370 2403 673 2480 Virgilius
707 2413 941 2463 noster:
981 2403 1061 2461 Et
1104 2401 1258 2461 mala

172 2487 397 2549 mentis
437 2485 699 2547 Gaudia:
751 2487 962 2548 diser-te
1017 2489 1259 2569 quidem

172 2576 369 2648 ἀίείιῑ
416 2575 526 2632 sed
563 2594 795 2652 pamm
824 2578 1068 2652 proprie
1110 2572 1259 2656 (scil.

174 2679 212 2721 e
237 2660 580 2719 Stoicorum
616 2657 989 2741 disciplina),
1026 2661 1263 2718 nullum

172 2750 337 2806 enim
369 2747 604 2804 malum
625 2745 932 2823 gaudium
962 2758 1069 2804 est.
1154 2745 1262 2804 Est

171 2849 320 2892 sane
358 2831 851 2912 ἐπιχαιρεκακία,
910 2849 1019 2889 nec
1061 2839 1262 2889 tamen

169 2919 339 2979 sorte
384 2934 456 2975 eo
497 2934 714 2992 sensu,
759 2935 879 2993 quo
914 2925 1034 2991 est,
1077 2917 1263 2975 malis

170 3004 429 3063 almas.-
477 3000 583 3062 sed
606 3001 896 3077 omnino,
935 3021 1073 3061 cum
1108 3002 1261 3061 male

169 3088 350 3149 factis
395 3087 665 3167 gaudent
718 3087 1057 3148 facinorosi.
1141 3087 1262 3146 ad-

169 3195 343 3236 verso
364 3176 429 3232 in
454 3174 684 3233 limine.
774 3173 1004 3232 Bellum
1037 3172 1099 3231 in
1129 3172 1258 3251 ipso

169 3259 381 3320 limine
438 3256 602 3339 (cum
651 3258 851 3318 Furiis
916 3268 978 3317 et
1028 3255 1259 3338 Eride),

171 3344 459 3423 quoniam
490 3344 655 3405 nulla
688 3344 881 3404 maior
919 3343 1130 3404 mortis
1170 3352 1262 3403 est

173 3450 417 3505 caussa,
472 3430 555 3489 ait
593 3431 798 3505 Serv.,
848 3428 1022 3488 nimis
1059 3437 1263 3505 acute3

170 3535 321 3577 nam
356 3517 575 3594 repetit
614 3525 828 3595 poeta,
872 3513 1040 3593 quod
1078 3535 1261 3595 supra

168 3610 509 3682 posuerat:
572 3604 793 3679 primis
854 3605 918 3659 in
960 3600 1262 3679 saucibus

181 3688 353 3748 Orci.
442 3686 741 3764 thalami,
785 3695 859 3746 ut
900 3706 993 3764 ap.
1031 3685 1263 3745 Home-

167 3792 350 3848 rum,
409 3770 714 3851 θάλαμοι,
774 3770 1083 3847 cubicula,
1137 3772 1263 3832 rer-

166 3858 296 3919 reis
350 3856 623 3917 claustris
676 3877 780 3916 seu
838 3818 1087 3917 foribus'.
1172 3857 1263 3917 lta

175 3938 425 4017 Νυκιος
494 3943 711 4018 παῖδες
782 3943 1038 4024 ἐρεμνῆς
1109 3935 1264 4006 οἰκί’

169 4028 460 4109 ἔχουσιν
442 4050 506 4087 ιιι
538 4028 766 4090 foribus
797 4028 1054 4103 wertini,
1098 4028 1263 4107 apud

169 4113 418 4176 Hesiod.
448 4113 583 4174 loco
612 4114 795 4175 modo
819 4114 984 4174 laud.
1019 4134 1077 4174 v.
1113 4114 1260 4179 758.

167 4200 577 4280 Cogitandum
604 4209 807 4260 autem
836 4199 912 4260 de
949 4218 1262 4260 servorum

165 4287 502 4348 ianitorum
530 4288 697 4346 cauis
732 4282 998 4367 (Vitruv.
1035 4286 1133 4360 VI,
1181 4291 1260 4351 10

164 4395 244 4433 ex
277 4395 405 4439 una
432 4385 610 4450 pane
646 4372 873 4452 equilc'a
891 4415 911 4447 ,
960 4393 1031 4430 ex
1068 4374 1260 4431 altera

158 4461 405 4520 ostiarii
434 4455 648 4536 cella).
737 4456 913 4519 Nunc
947 4477 1061 4537 pro
1104 4457 1261 4516 iani-

1345 1632 1579 1692 toribus
1607 1631 1669 1692 in
1699 1631 1872 1692 aditu
1895 1632 2166 1692 locorum
2196 1631 2431 1692 insero·-

1341 1738 1482 1778 rum
1509 1738 1646 1777 cum
1671 1718 1837 1779 Bello
1861 1726 1920 1777 et
1948 1717 2256 1778 Discordia
2289 1719 2430 1776 Ds-

1342 1805 1629 1863 mem’des.
1691 1802 1944 1864 Eaedem
1968 1813 2189 1879 tamen,
2215 1820 2431 1882 nempe

1358 1889 1683 1967 Tesiphone
1736 1910 1874 1948 eum
1925 1890 2231 1949 Sororibus
2251 1933 2270 1965 ,
2323 1889 2430 1947 in-

1346 1975 1438 2032 fra
1470 1994 1529 2033 v.
1561 1979 1687 2043 570
1719 1994 1838 2052 seq.
1874 1977 1940 2032 in
1963 1977 2140 2035 aditu
2186 1976 2433 2033 Tartari

1346 2053 1670 2119 collocatae
1747 2070 2180 2123 memo-antur.
2289 2057 2429 2118 Non

1343 2143 1571 2221 liabeo,
1614 2145 1779 2223 quod
1820 2145 1962 2206 satis
1998 2143 2311 2206 commode
2346 2144 2430 2204 ad

1343 2229 1504 2289 hanc
1545 2230 1962 2291 difficultatem
2011 2230 2428 2311 respondeam,

1340 2316 1456 2375 nisi
1479 2325 1721 2397 poetam
1747 2316 1838 2376 sui
1861 2337 2077 2396 parum
2103 2334 2430 2377 memorem

1342 2401 1542 2462 fuisse.
1607 2401 1757 2463 Nam
1787 2402 2016 2482 dicere,
2061 2422 2158 2462 eas
2183 2401 2285 2462 hic
2311 2400 2430 2461 ha-

1339 2487 1484 2549 bere
1512 2507 1650 2548 suas
1695 2487 1863 2549 sedes
1895 2499 1958 2550 et
1993 2509 2103 2569 per
2142 2488 2256 2548 alia
2294 2488 2428 2548 loca

1345 2573 1726 2655 discursitare
1744 2618 1763 2651 ,
1819 2575 2087 2635 ieiunum
2137 2584 2244 2634 est.
2331 2575 2428 2633 An

1345 2659 1700 2719 Eumenides
1728 2656 1873 2719 alias
1897 2679 2021 2720 esse
2037 2660 2230 2720 voluit
2246 2678 2430 2737 quam

1345 2745 1606 2805 Furias?
1647 2745 1713 2804 id
1754 2746 1880 2805 sine
1918 2746 2195 2825 exemplo
2238 2744 2427 2805 fieret.

1346 2831 1702 2909 Expeditior
1738 2832 1894 2890 ratio
1941 2830 2106 2911 apud
2140 2829 2428 2890 Ovidium

1346 2926 1437 2975 est
1490 2916 1570 2977 1v
1622 2916 1762 2975 Met.
1803 2915 1931 2982 462
1971 2936 2059 2995 sq.
2072 2960 2090 2991 ,
2144 2916 2251 2976 ubi
2290 2916 2430 2975 illae

1346 3001 1523 3060 etiam
1568 3014 1707 3061 mue
1747 3001 1952 3080 sores,
2017 3001 2124 3060 sed
2168 3001 2428 3077 Tartari,

1346 3088 1577 3147 sedent.
1677 3087 1882 3147 Tertia
1948 3086 2145 3166 aliqua
2219 3106 2429 3148 earum

1344 3172 1513 3232 sedes
1558 3174 1826 3233 occurrit
1848 3217 1867 3250 ,
1936 3173 2040 3232 inf.
2089 3171 2227 3249 XII,
2281 3171 2428 3237 849.

1345 3262 1490 3324 850.
1576 3262 1642 3317 in
1709 3259 1916 3318 limine
1984 3262 2192 3336 regiae
2260 3260 2428 3318 Iovis

1344 3344 1585 3403 eaedem
1614 3344 1934 3404 satellitum
1959 3343 2095 3403 loco
2127 3344 2430 3404 excubare

1345 3429 1636 3489 dicuntur
1660 3473 1678 3505 ,
1777 3429 2031 3490 aliorum
2108 3439 2428 3511 poetarum

1343 3534 1532 3575 more.
1616 3514 1885 3591 Scilicet,
1928 3514 2096 3593 quod
2124 3517 2242 3574 lam
2288 3515 2429 3575 alibi

1344 3601 1644 3660 monitum
1667 3644 1685 3675 ,
1757 3600 1822 3660 in
1867 3596 2047 3681 poeta
2095 3601 2427 3681 reprehen-

1346 3684 1614 3745 dendum
1644 3706 1769 3745 non
1809 3697 1932 3761 est,
1977 3686 2027 3745 si
2071 3686 2323 3747 diversis
2361 3688 2427 3746 in

1345 3771 1491 3830 locis
1532 3771 1799 3831 diversos
1848 3769 2091 3853 mythos
2129 3774 2428 3852 sequitur:

1344 3857 1528 3917 modo
1575 3856 1726 3916 nihil
1760 3857 1869 3933 sit,
1928 3857 2095 3937 quod
2144 3878 2426 3939 praesen-

1345 3951 1471 4002 tem
1494 3943 1758 4003 sructum
1786 3952 1846 4002 et
1881 3944 2253 4023 voluptatem
2289 3944 2426 4018 loci,

1342 4028 1409 4088 in
1448 4047 1570 4106 quo
1612 4029 1801 4089 lector
1843 4040 2152 4108 versatur,
2224 4029 2427 4090 turbet

1344 4123 1405 4173 et
1426 4114 1785 4195 intercipiat.

1429 4200 1814 4265 282—284.
1895 4200 2116 4261 Mirum
2160 4197 2426 4279 phanta-

1345 4306 1509 4363 sma,
1554 4286 1717 4365 quod
1746 4288 2008 4345 Somniis
2041 4284 2244 4344 sedem
2279 4285 2425 4344 assi-

1343 4382 1491 4451 gnat
1529 4372 1593 4431 in
1650 4373 1833 4432 ulmo.
1918 4372 2038 4430 Sed
2083 4370 2194 4430 diis
2237 4371 2425 4446 alatis,

1343 4457 1844 4537 levibus„vagis,
1885 4456 2036 4517 bene
2080 4474 2149 4517 ea
2201 4476 2425 4520 conve-

2423 4774 2458 4815 ἱ
