2882 5028
527 980 607 1053 P.
696 978 1325 1053 VIRGILII
1406 974 2053 1051 MARONIS

164 1130 267 1238 A
496 1134 583 1237 E
807 1133 909 1242 N
1133 1135 1220 1238 E
1446 1134 1487 1237 Ι
1707 1133 1805 1236 D
2019 1123 2130 1233 Ο
2339 1131 2410 1238 S

394 1345 397 1346 f
738 1316 1159 1406 LIBER
1295 1315 1845 1403 SEXTUS

826 1571 1755 1656 ARGUMENTUM

173 1685 441 1794 Cumas
473 1726 763 1788 advectus
801 1726 1060 1803 Aeneas,
1105 1735 1344 1788 antunn
1389 1728 1650 1809 Sibyllae
1686 1727 1840 1807 petit
1859 1771 1877 1803 ,
1933 1737 2295 1807 peractoque
2339 1728 2415 1788 de

168 1831 342 1874 more
381 1813 670 1873 sacrificio
684 1857 703 1890 ,
760 1812 981 1873 Phoebi
1021 1814 1330 1874 oraculum
1368 1815 1646 1877 consulit.
1732 1813 1825 1873 Ibi
1876 1821 1939 1871 et
1981 1813 2266 1873 instantia
2303 1832 2414 1892 pe—

169 1900 396 1973 ricula,
441 1908 503 1958 et
548 1899 738 1958 futuri
778 1897 921 1960 belli
969 1909 1253 1959 eventum
1302 1900 1476 1960 discit
1525 1906 1555 1964 1
1579 1933 1661 1950 ....
1682 1903 1823 1964 160.
1907 1898 2116 1958 Miseni
2157 1898 2416 1960 cadaver

167 1986 239 2045 in
295 1985 502 2044 littore
542 1984 857 2045 inventum
910 1986 1211 2045 comburit
1225 2029 1242 2061 ,
1296 1986 1690 2064 reliquiasque
1741 1982 1853 2044 sub
1891 1984 2169 2063 proximo
2210 1994 2415 2044 monte

168 2070 416 2150 sepelit,
466 2070 573 2147 qui
593 2070 802 2130 Miseni
844 2090 1061 2131 nomen
1103 2071 1177 2130 ab
1218 2070 1322 2130 illo
1358 2070 1619 2131 obtinuit
1650 2103 1735 2118 --
1761 2071 1907 2136 235.
1989 2069 2136 2129 Inde
2181 2070 2415 2131 colum·

168 2156 391 2216 barum
445 2155 636 2215 ductu
670 2155 749 2214 ad
809 2175 1059 2217 aureum
1101 2177 1335 2217 ramum
1378 2157 1686 2237 pervoeiit:
1749 2176 1870 2234 quo
1912 2152 2224 2235 decerpto,
2281 2175 2414 2216 ma-

171 2241 469 2319 ctatisque
503 2240 710 2301 hostiis
749 2241 893 2301 deos
924 2242 1145 2302 inferos
1181 2252 1502 2303 veneratus
1519 2285 1537 2319 ,
1590 2240 1817 2321 Sibylla
1854 2240 2008 2301 duce
2039 2260 2149 2320 per
2190 2242 2416 2302 Averni

170 2329 374 2388 fauces
416 2326 494 2386 ad
526 2327 749 2387 inferos
793 2327 991 2388 tendit
1023 2357 1112 2375 --
1134 2331 1278 2392 336.
1361 2328 1738 2405 Palinurum,
1794 2326 1958 2405 quod
1998 2327 2253 2407 sepulcri
2295 2326 2415 2387 ho-

171 2432 325 2473 nore
364 2421 628 2487 careret,
682 2413 838 2472 circa
879 2413 1145 2493 Stygiam
1163 2413 1464 2494 ,paludem
1507 2413 1884 2474 oberrantem
1923 2413 2185 2488 invenit,
2242 2432 2415 2473 eum-

172 2518 294 2578 que
323 2519 446 2559 una
473 2498 537 2559 in
561 2498 909 2560 ulteriorem
935 2501 1127 2579 ripam
1172 2499 1447 2560 traiicere
1482 2499 1816 2580 cupientem
1853 2497 2079 2578 Sibylla
2116 2497 2414 2578 prohibet,

174 2584 632 2664 cenotaphiique
674 2594 736 2645 et
775 2587 1187 2663 exsequiarum
1228 2605 1334 2666 spe
1371 2586 1719 2646 consolatur
1742 2617 1820 2633 -
1851 2587 1998 2648 888.
2081 2584 2226 2644 Post
2266 2583 2416 2644 haec

173 2674 422 2750 Stygem
441 2671 726 2730 &eiectus
758 2670 981 2730 Aeneas
994 2714 1011 2746 ,
1070 2671 1446 2750 Cerberoque
1483 2670 1794 2731 medicatis
1834 2667 1965 2728 offis
2018 2669 2216 2749 sopito
2231 2714 2250 2746 ,
2307 2688 2416 2749 per

172 2757 309 2817 loca
343 2756 664 2816 iniantium
698 2775 1056 2835 eorumque,
1099 2757 1203 2835 qui
1237 2756 1385 2817 salso
1424 2756 1671 2817 crimine
1718 2754 1985 2817 damnati
2028 2754 2223 2834 capite
2266 2775 2415 2834 sup—

172 2842 423 2923 plicium
475 2842 745 2918 luerent,
812 2842 929 2903 iter
982 2842 1231 2918 taciens,
1301 2842 1581 2923 pervenit
1636 2840 1718 2901 ad
1768 2839 1969 2900 sedem
2012 2858 2251 2916 eorum,
2310 2839 2416 2918 qui

173 2928 399 2988 amoris
452 2927 823 3008 impatientia
863 2948 1079 2988 manus
1130 2929 1241 2988 sibi
1286 2928 1700 2988 consciverant
1726 2958 1812 2972 —
1843 2923 1987 2990 449.
2069 2924 2159 2985 Ibi
2195 2925 2417 2985 Elisam

173 3013 555 3093 conspicatus
584 3034 720 3073 cum
765 3013 818 3072 ei
856 3033 923 3073 se
961 3033 1218 3094 purgare
1252 3013 1469 3089 vellet,
1526 3012 1628 3072 illa
1668 3009 2116 3090 indignabunda
2159 3030 2416 3091 conspe-

172 3109 348 3159 ctum
383 3099 510 3158 eius
549 3099 753 3178 effugit
781 3135 859 3146 —-
896 3098 1050 3169 476:
1095 3099 1238 3159 inde
1277 3118 1623 3180 progressus
1670 3094 2037 3176 Deiphobum
2073 3096 2140 3161 in
2177 3094 2415 3158 sedibus

173 3204 422 3259 eorum,
491 3184 595 3262 qui
631 3184 788 3244 bello
832 3184 1154 3263 aliquando
1199 3185 1568 3261 claruerant,
1622 3183 1829 3249 multis
1864 3181 2212 3245 vulneribus
2255 3182 2416 3243 lace-

170 3291 318 3331 rum
352 3270 665 3350 conspicit,
724 3270 1000 3348 necisque
1048 3271 1173 3330 eius
1211 3271 1524 3349 indignum
1563 3268 1812 3329 modum
1848 3268 1923 3327 ab
1960 3267 2092 3346 ipso
2130 3267 2416 3329 edocetur

176 3388 259 3402 -
294 3351 441 3422 534.
543 3356 774 3415 Relicto
822 3354 1040 3415 deinde
1097 3356 1175 3415 ad
1227 3357 1459 3416 laevam
1519 3356 1777 3415 Tartaro
1793 3397 1812 3430 ,
1878 3353 2416 3433 sceleratorumque

170 3459 401 3523 poenas
441 3460 475 3497 a
513 3442 736 3522 Sibylla
783 3441 1032 3500 edoctus
1069 3473 1157 3488 -
1183 3445 1338 3517 627,
1383 3442 1461 3501 ad
1490 3441 1639 3501 Ditis
1680 3440 1863 3519 ipsius
1889 3440 2123 3500 moenia
2162 3449 2414 3500 conten-
2521 3465 2530 3481 ·

172 3526 315 3602 dit,
370 3545 737 3606 aureumque
791 3547 1029 3589 ramum
1079 3527 1145 3586 in
1198 3527 1326 3607 ipso
1387 3528 1579 3607 regiae
1632 3526 1835 3587 limine
1901 3523 2230 3605 defigit—
2271 3529 2413 3591 636

171 3612 323 3672 Post
364 3610 513 3673 haec
543 3613 621 3673 ad
658 3614 1108 3673 fortunatorum
1146 3612 1313 3672 sedes
1348 3612 1469 3673 iter
1508 3611 1802 3686 instituit,
1861 3619 1923 3670 et
1964 3630 1999 3669 a
2053 3610 2293 3671 Mu‘saeo
2336 3609 2416 3670 ad

169 3707 416 3778 patrem
477 3718 653 3758 suum
696 3699 1047 3798 perducitur
1088 3733 1167 3745 —-
1210 3698 1544 3765 678.1bi
1599 3695 1884 3758 Anchises
1919 3696 2180 3757 meam
2225 3696 2416 3757 filium

171 3784 515 3845 animarum
567 3785 880 3863 originem,
943 3783 1387 3863 purgationem,
1448 3792 1511 3844 et
1574 3784 2141 3843 consummationem
2189 3781 2414 3858 edocet,

172 3870 353 3947 eique
407 3867 775 3930 Albanorum
828 3871 1353 3948 Romanorumque
1401 3889 1624 3950 regum
1665 3887 1976 3930 recensum
2015 3869 2186 3945 facit,
2238 3868 2414 3929 nobi-

169 3954 446 4032 liumque
474 3955 702 4033 aliquot
728 3958 1134 4016 Romanorum
1160 3955 1404 4015 nomina
1436 3974 1823 4036 percurrens,
1866 3954 1948 4014 ad
1987 3954 2124 4015 Iulii
2155 3916 2414 4012 &aesario

171 4050 241 4100 ct
302 4040 560 4139 Augusti
619 4041 827 4101 landes
892 4040 1197 4100 descendit
1238 4073 1313 4085 --
1353 4044 1515 4107 860:
1598 4039 2061 4118 Marcellumque
2131 4037 2414 4097 Octaviae

169 4125 403 4203 filium,
458 4126 781 4187 immatura
826 4137 1021 4187 morte
1070 4135 1480 4207 praereptum,
1537 4127 1704 4187 miris
1748 4126 1813 4185 in
1861 4126 2089 4185 caelum
2136 4121 2414 4184 laudibus

171 4211 350 4271 effert
371 4244 459 4258 —
485 4214 630 4276 888.
718 4211 863 4273 Inde
916 4231 1024 4293 per
1075 4211 1398 4273 eburneam
1449 4222 1688 4293 portam
1728 4212 1808 4272 ad
1853 4229 2099 4291 superos
2133 4225 2411 4287 egressus,

172 4298 371 4357 socios
412 4296 652 4374 revisit,
695 4298 1032 4376 relictisque
1072 4298 1270 4357 Cumis
1309 4298 1572 4359 Caietam
1608 4298 1777 4379 petit.

1812 4441 1994 4515 54*
