2882 5028
484 386 1085 463 AENEIDOS
1145 387 1357 464 LIB.
1409 388 1544 483 IV,
1603 390 2038 468 259—261
2224 397 2373 472 637

166 578 469 649 Aenean
500 569 974 648 fundantem
1007 596 1223 647 arces
1249 595 1336 647 ac
1362 584 1570 648 tecta
1600 587 2033 651 novantem
2221 585 2377 659 260
2424 555 2436 572 ⁸

164 676 559 778 Conspicit.
662 680 926 778 Atque
953 675 1066 751 illi
1096 675 1448 752 stellatus
1480 676 1779 778 iaspide
1807 675 2018 754 fulva

249 822 410 895 261.
465 815 933 908 commen-3
1002 835 1264 905 ATQUE
1380 818 1695 892 Iasmmz

165 1003 391 1075 pleniore.
458 1005 711 1057 Insulsnm
755 1003 918 1074 igitur
948 1014 1091 1070 erat,
1139 1023 1255 1058 com
1295 1005 1583 1059 arationem
1611 1007 1750 1060 hanc
1778 1015 1885 1059 tam
1911 1004 2104 1062 multos
2133 1022 2229 1075 per
2253 1022 2378 1057 ver-

165 1092 237 1125 sus
258 1073 541 1126 extrahere.
609 1076 796 1143 Neque
831 1073 941 1127 tale
967 1075 1125 1145 quid,
1159 1093 1228 1145 qn
1285 1095 1314 1127 e
1344 1078 1516 1130 Haud
1549 1078 1745 1142 aliter,
1780 1078 1952 1128 Haud
1974 1093 2158 1139 secas,
2193 1072 2381 1127 subiici

164 1160 189 1193 s
214 1144 421 1212 Virgilio
458 1142 513 1195 in
557 1143 948 1214 comparatione
987 1145 1157 1209 solet,
1206 1145 1308 1197 nisi
1346 1146 1557 1216 quaudo
1597 1145 1676 1198 rei
1707 1146 1933 1214 gravitas
1964 1155 2054 1197 aut
2074 1143 2377 1212 magnitudo

164 1212 419 1265 admiserit.
490 1218 660 1284 Atque
687 1223 746 1264 ut
771 1214 902 1266 recti
930 1214 1110 1267 indicii
1145 1225 1357 1283 poetam
1382 1215 1709 1297 agnoscimus
1731 1215 1791 1267 in
1816 1232 1909 1279 eo,
1944 1213 2087 1284 quod
2110 1213 2249 1265 inter
2275 1213 2378 1264 ab·-

164 1280 273 1333 itum
302 1283 542 1335 Mercurii
580 1292 636 1333 et
666 1282 977 1347 adventum,
1027 1293 1135 1335 tam
1168 1283 1331 1367 longo
1375 1284 1568 1338 itinere
1595 1285 1903 1350 interiecto,
1938 1282 2208 1353 quaedam,
2242 1298 2378 1351 quae

164 1361 267 1420 spte
293 1351 564 1404 memorari
593 1363 864 1420 poterant,
897 1352 1245 1422 interposuit,
1274 1364 1353 1406 ita
1393 1352 1548 1406 nimis
1584 1355 1879 1407 retardatur
1909 1350 2132 1422 legentis
2166 1351 2377 1419 cupidi-

164 1429 230 1472 tss
253 1420 377 1473 insto
404 1421 649 1491 longiore
686 1422 1042 1491 descriptione
1068 1422 1244 1486 modi,
1284 1441 1389 1492 quo
1416 1423 1520 1476 iste
1549 1423 1757 1477 volarit.
1825 1422 2067 1493 Denique
2101 1421 2192 1473 nbi
2215 1420 2377 1471 multa

165 1488 208 1539 in
231 1506 369 1557 unum
397 1500 742 1554 concurrunt,
775 1509 910 1560 quae
949 1491 1269 1560 reprehendi
1294 1503 1546 1563 possunt,
1580 1494 1778 1545 habent
1810 1493 1968 1544 etiam
2000 1508 2076 1552 ea,
2112 1507 2246 1559 qnae
2274 1489 2379 1541 de·-

162 1558 350 1611 fendere
381 1561 771 1629 quodammodo
798 1560 957 1626 licet,
993 1561 1192 1630 aliquid
1229 1561 1507 1628 momenti,
1556 1573 1613 1615 ut
1652 1560 1878 1614 insuavis
1909 1577 2067 1614 sonus
2085 1598 2101 1625 ,
2134 1559 2199 1611 ab
2222 1560 2377 1627 Hey-

162 1627 237 1679 nio
270 1639 487 1681 notatus.
559 1631 677 1681 Nec
705 1629 916 1695 dubito,
944 1630 1070 1699 quin
1101 1648 1168 1683 ac
1189 1629 1397 1699 Libyae
1420 1649 1545 1683 vera
1587 1630 1659 1683 sit
1692 1631 1885 1698 lectio,
1930 1648 2027 1704 per
2049 1637 2136 1680 tot
2168 1638 2378 1696 tamque

163 1697 373 1766 egregios
400 1699 569 1751 libros
600 1714 700 1767 pro
740 1708 925 1767 agata3
963 1717 1065 1769 qua
1093 1717 1199 1752 non
1235 1699 1539 1764 intellecta,
1585 1701 1653 1752 ab
1689 1700 1839 1765 aliis,
1886 1700 2023 1752 utin
2050 1698 2169 1750 cod.
2192 1697 2377 1764 Palae,

164 1766 376 1820 omissum
420 1779 499 1820 est
538 1786 642 1832 ac,
677 1787 710 1821 a
776 1768 893 1820 aliis
934 1768 991 1820 in
1027 1770 1103 1822 ad
1143 1779 1411 1822 mutatum.
1495 1769 1730 1834 Scilicet,
1765 1769 1857 1839 qui
1898 1769 2030 1821 fecit
2054 1768 2153 1819 hos
2178 1784 2378 1833 versus,

164 1834 338 1889 videtur
361 1836 594 1890 iunxisse
619 1856 687 1889 ac
710 1838 847 1891 litus
875 1856 1167 1892 arenosum
1191 1843 1257 1891 L.
1284 1852 1585 1909 ventosque
1605 1837 1852 1902 secabat,
1899 1848 1958 1896 nt
1982 1838 2037 1889 in
2063 1836 2253 1888 ceteris
2275 1837 2378 1888 de-

162 1903 313 1958 ficiem
336 1907 402 1958 ab
429 1908 694 1976 elegantia
720 1906 1039 1975 Virgiliana,
1081 1908 1156 1960 ita
1180 1908 1237 1959 in
1262 1926 1327 1961 eo
1343 1947 1358 1971 ,
1407 1909 1549 1977 qnod
1576 1928 1644 1961 ac
1666 1909 1826 1961 tertio
1854 1908 1977 1960 loco
2001 1904 2280 1959 collocavit
2322 1913 2378 1956 et

163 1971 275 2026 litus
307 1994 486 2029 secare
516 1977 700 2029 dicere
730 1994 883 2028 ansus
918 1986 1014 2030 est.
1085 1979 1154 2030 Et
1193 1978 1281 2046 qui
1311 1978 1602 2030 defenduut
1633 1981 1799 2030 Litas
1840 1993 2131 2030 arenosum
2174 1975 2250 2026 ad
2274 1976 2377 2026 Li-

162 2038 294 2109 byae,
335 2045 372 2096 ii
399 2046 557 2098 velim
597 2045 957 2111 meminerint,
1005 2045 1096 2097 ubi
1129 2064 1258 2115 prae
1299 2046 1458 2099 ositio
1495 2046 1820 2099 substantivo
1857 2064 1889 2098 a
1918 2045 2072 2097 bonis
2095 2044 2270 2115 poetis
2300 2043 2378 2096 ita

161 2123 494 2231 amtponatnr,
527 2115 640 2168 hoc
669 2114 745 2166 ita
775 2115 891 2167 fieri
908 2154 923 2180 ,
957 2124 1017 2166 ut
1035 2115 1211 2198 ipsum
1236 2067 1367 2168 illud
1391 2117 1769 2168 substantivum
1801 2115 1976 2167 statim
2009 2133 2124 2166 eam
2151 2132 2377 2187 praece-

215 2190 252 2233 t.
313 2185 520 2237 Ferrem
544 2196 719 2237 tamen
749 2185 967 2237 eandem
990 2185 1252 2238 adiectivo
1284 2186 1598 2250 subiectam,
1633 2186 1681 2238 si
1708 2185 1766 2236 id
1789 2184 2101 2238 adjectivum
2141 2201 2251 2235 non
2280 2201 2376 2236 or-

159 2261 287 2329 natus
308 2271 481 2306 caussa
508 2254 811 2307 adiunctum
839 2264 998 2321 esset,
1033 2255 1129 2307 sed
1152 2255 1498 2307 necessariam
1520 2256 1774 2325 quandam
1800 2253 2098 2308 contineret
2127 2253 2380 2305 substan-

159 2319 237 2370 nvi
255 2332 420 2375 notam
447 2334 501 2375 et
529 2341 649 2377 cum
673 2321 766 2374 illo
794 2324 941 2392 quasi
969 2324 1024 2375 in
1052 2341 1204 2376 unum
1233 2324 1571 2378 coalesceret.
1640 2327 1858 2390 Restat,
1891 2335 1947 2375 ut
1972 2322 2104 2388 iam,
2138 2323 2276 2374 unde
2302 2321 2377 2374 il-

159 2385 239 2440 lati
267 2390 528 2445 videantur
569 2392 633 2444 hi
671 2391 943 2458 versiculi,
992 2392 1343 2463 dispiciamus.
1413 2399 1489 2446 Ac
1528 2392 1576 2445 si
1608 2393 1857 2459 vidimus,
1903 2391 2378 2462 praestantissimos

160 2460 556 2533 acutissimosque
603 2470 816 2514 nostrae
854 2463 1042 2516 aetatis
1074 2463 1283 2516 criticos
1308 2461 1408 2516 vim
1450 2463 1604 2514 huius
1650 2461 2053 2534 comparationis
2086 2478 2191 2514 non
2221 2462 2379 2530 plane

160 2542 394 2584 assecutos
423 2551 570 2597 esse,
626 2532 753 2601 quid
774 2531 990 2597 mirum,
1036 2533 1084 2585 si
1122 2533 1262 2586 idem
1294 2533 1460 2586 veteri
1497 2533 1651 2585 alicui
1698 2533 2047 2595 Grammatico
2089 2531 2379 2584 acciderit?

159 2600 254 2650 Am·
278 2603 461 2655 similis
489 2620 658 2672 quum
678 2601 883 2654 dicatur
908 2620 941 2654 a
975 2601 1203 2670 Virgilio
1235 2603 1552 2667 Mercurius,
1604 2602 1659 2656 id
1694 2601 1956 2673 quomodo
1982 2601 2381 2671 intelligendum

162 2678 294 2732 esset,
326 2688 474 2740 quum
498 2681 875 2741 quaereretur,
907 2690 976 2725 ne
1000 2673 1114 2741 quis
1143 2672 1248 2725 hoc
1271 2673 1339 2724 ad
1376 2672 1541 2741 ipsius
1570 2672 1657 2724 dei
1682 2673 1909 2742 speciem
1935 2672 2157 2723 referret
2174 2709 2189 2735 ,
2223 2671 2378 2722 adie-

161 2734 220 2786 cit
242 2738 418 2809 aliquis
447 2743 604 2806 haec,
639 2741 826 2810 quibus
850 2740 919 2792 ad
953 2741 1112 2793 vola
1131 2751 1262 2794 tum
1295 2742 1386 2794 illa
1419 2751 1663 2812 spectare
1688 2742 2031 2795 indicaretur:
2066 2741 2239 2791 Haud
2266 2741 2380 2791 ali-

161 2814 232 2856 ter
255 2819 347 2861 oet.
411 2810 555 2863 Idem
602 2827 757 2878 quum
795 2820 1032 2879 putaret,
1079 2810 1171 2862 illa
1219 2814 1456 2875 „circum
1494 2811 1687 2873 litora,
1732 2813 1931 2863 circum
1968 2809 2276 2880 .s‹.·‹›palo.·.·,‘⁴
2310 2809 2380 2860 ad

161 2888 377 2931 tammam
412 2879 823 2948 comparationis
868 2880 1165 2949 pertinere,
1216 2881 1481 2933 subiunxit
1521 2879 1682 2932 haec:
1733 2883 1899 2933 Litus
1945 2896 2236 2931 arenosum
2277 2889 2378 2930 cet.

161 2940 393 3014 Denique,
426 2967 494 3001 ne
519 2948 840 3013 subiectum,
875 2949 1016 3017 quod
1045 2959 1247 3012 vocant,
1283 2950 1688 3013 desideraretur,
1723 2950 1957 3002 adiectus
1992 2958 2072 2999 est
2098 2947 2380 3000 versiculus

162 3012 390 3091 §faremo
419 3020 649 3072 veniens
676 3027 778 3071 cet.
849 3019 1088 3071 Ceterum
1128 3028 1297 3071 sumta
1332 3028 1454 3071 sunt
1488 3019 1743 3088 quaedam
1783 3036 1847 3070 ex
1890 3018 2002 3082 his,
2049 3027 2106 3069 ut
2142 3034 2256 3069 mos
2297 3025 2381 3069 est

161 3087 600 3153 mterpolatornm‚
648 3086 715 3138 ab
751 3088 867 3157 ipso
910 3088 1156 3156 Virgilio,
1207 3098 1269 3140 nt
1304 3102 1488 3140 terras
1523 3090 1669 3139 inter
1705 3088 1861 3139 caelu
1954 3105 2023 3138 ue
2063 3104 2093 3138 e
2128 3104 2205 3137 vs.
2242 3083 2380 3150 184„

161 3165 329 3205 ventos
355 3155 573 3209 secabat
603 3174 632 3206 e
666 3157 763 3209 Ge.
807 3159 847 3223 l,
881 3156 1004 3211 406.
1096 3161 1244 3221 Quae
1287 3175 1447 3227 quum
1474 3155 1547 3213 ita
1574 3156 1707 3222 siut,
1762 3107 2033 3208 eiec'infflxo·
2074 3153 2379 3208 versiculos.

161 3218 211 3268 In
225 3222 481 3291 Mediceo,
528 3244 602 3278 ne
630 3224 757 3294 qnid
782 3227 1101 3296 praeterisse
1135 3226 1345 3292 videar,
1394 3226 1591 3293 legitur
1626 3224 2051 3288 baberenosum‚
2110 3225 2207 3283 sed
2250 3243 2382 3294 per-

163 3286 283 3342 fossa
316 3294 462 3346 tertia
497 3304 791 3365 quartaque
825 3295 996 3349 litera.
1052 3296 1196 3363 Wr.)
1352 3297 1458 3352 258
1500 3297 1560 3347 ln
1611 3294 1871 3347 nonnullis
1912 3293 2201 3346 desiderari
2241 3295 2382 3348 hunc

164 3371 366 3428 versum,
422 3365 631 3417 notavit
667 3366 766 3418 Ge.
815 3366 1019 3417 Fabric.
1174 3366 1280 3421 259
1338 3366 1531 3425 allatis
1572 3363 1678 3417 duo
1721 3366 1920 3425 Burm.,
1964 3363 2091 3415 item
2121 3366 2380 3436 mapalia.

162 3425 254 3484 260
281 3433 390 3485 tela
413 3451 467 3486 n.
498 3435 583 3486 ed.
610 3435 675 3484 D.
703 3434 881 3487 Heius.
925 3452 957 3486 o
999 3452 1207 3487 ererum
1243 3433 1392 3487 vitio.
1531 3435 1631 3488 261
1676 3453 1743 3485 ae
1777 3433 1867 3485 illi
1902 3433 2064 3485 Goth.
2113 3441 2266 3496 tert.;
2314 3451 2381 3487 an

166 3511 266 3575 ‘¹:⁶⁰‘
289 3500 400 3554 illi?
442 3502 618 3573 fulvo
641 3504 750 3555 Etr.
820 3506 878 3554 ln
896 3522 955 3555 re
980 3504 1112 3573 ‘quis
1146 3503 1273 3555 libri
1297 3503 1374 3554 nil
1401 3512 1618 3556 mutant.
1689 3503 1794 3555 Sed
1822 3502 2011 3565 deruit,
2044 3502 2291 3566 arbitror,
2327 3513 2383 3556 et

166 3560 235 3615 lm
256 3584 423 3623 manus
457 3572 687 3625 secunda
706 3582 931 3640 poetae3
969 3583 1024 3624 et
1049 3576 1224 3625 Tucca
1250 3590 1366 3624 cum
1392 3570 1559 3624 Vario
1595 3589 1774 3623 versus
1797 3570 2073 3623 inchoatos
2098 3588 2382 3640 coagmen-

165 3639 344 3702 tsrunt3
375 3641 584 3694 finierat
614 3643 757 3695 forte
784 3652 947 3712 poeta
972 3642 1193 3695 alterum
1211 3641 1387 3694 locum
1410 3641 1467 3693 in
1507 3644 1795 3713 Conspicit.
1850 3651 1960 3693 tum
1998 3641 2135 3694 alter
2176 3643 2383 3696 adscri-

164 3804 309 3870 ficiat
343 3813 504 3875 alind
551 3816 808 3877 verbum
851 3816 1041 3877 simile
1082 3826 1222 3897 post

1304 3816 1687 3877 munimentis
1736 3816 1905 3876 urbis
1970 3825 2033 3876 et
2090 3838 2202 3897 pro
2255 3819 2382 3899 ipsa

169 3892 327 3955 Litus
354 3921 669 3961 arenosum·
696 3902 931 3982 Libyae
964 3923 1046 3963 sc.
1077 3922 1222 3983 per-

1304 3904 1548 3964 omnino
1588 3902 1756 3963 urbe.
1810 3902 1935 3963 vid.
1977 3923 2108 3982 sup.
2147 3903 2191 3980 1,
2237 3906 2382 3970 424.

168 3980 399 4055 agrabat.
483 3990 771 4047 Materno
797 3988 875 4049 ab
904 4009 1021 4047 avo
1041 4033 1059 4063 ,
1110 4007 1220 4069 per

165 4058 388 4145 Maiam,
450 4072 709 4132 Atlantis
748 4075 789 4134 f.
877 4075 1100 4136 verum
1144 4073 1220 4134 de

166 4153 423 4215 totoloco
452 4178 513 4217 v.
546 4158 620 4219 V.
643 4159 708 4218 L.

240 4240 609 4308 259—260.
650 4245 950 4323 magalia.
990 4263 1052 4305 v.
1086 4263 1217 4324 sup.

168 4315 205 4391 1,
239 4319 372 4387 421.
401 4328 674 4387 Miratur
698 4330 915 4388 molem
949 4329 1212 4404 Aeneas,

168 4410 427 4485 magalia
475 4415 801 4493 quondam.
883 4435 1050 4474 ames
1103 4434 1216 4494 pro

1303 3988 1449 4055 425.
1516 3989 1924 4068 fundantem,
1992 3989 2385 4050 fundamenta

1301 4085 1659 4154 ponentem3
1699 4074 1941 4155 proprie
1960 4118 1977 4150 ‚
2021 4075 2386 4137 fundamen-

1300 4160 1381 4219 tis
1423 4161 1597 4220 iactis
1648 4160 2146 4225 inaedificantem.
2230 4174 2384 4221 tecta

1302 4259 1647 4320 novantem,
1694 4249 1961 4328 privatas
1994 4246 2167 4305 aedes
2191 4266 2381 4309 novas

1303 4331 1671 4392 educentem.
1728 4332 1800 4391 cf.
1821 4332 2149 4392 Burmann.

1386 4420 1510 4483 261
1535 4416 1772 4483 -264.
1821 4418 2157 4495 Conspicit,-
2201 4428 2382 4498 atque
