<?xml version="1.0" encoding="UTF-8"?>
<!DOCTYPE html PUBLIC "-//W3C//DTD XHTML 1.0 Transitional//EN"
    "http://www.w3.org/TR/xhtml1/DTD/xhtml1-transitional.dtd">
<html xmlns="http://www.w3.org/1999/xhtml" xml:lang="en" lang="en">
 <head>
  <title>
</title>
<meta http-equiv="Content-Type" content="text/html;charset=utf-8" />
  <meta name='ocr-system' content='tesseract 3.04.00' />
  <meta name='ocr-capabilities' content='ocr_page ocr_carea ocr_par ocr_line ocrx_word'/>
</head>
<body>
  <div class='ocr_page' id='page_1' title='image "./pvblivsvirgiliv00sillgoog_0062.png"; bbox 0 0 2882 5028; ppageno 0'>
   <div class='ocr_carea' id='block_1_1' title="bbox 557 390 2592 474">
    <p class='ocr_par' dir='ltr' id='par_1_1' title="bbox 557 390 2592 474">
     <span class='ocr_line' id='line_1_1' title="bbox 557 390 2592 474; baseline 0.003 -7"><span class='ocrx_word' id='word_1_1' title='bbox 557 390 1413 473; x_wconf 79' lang='lat' dir='ltr'><strong>TRAGTATARUM</strong></span> <span class='ocrx_word' id='word_1_2' title='bbox 1459 393 2108 473; x_wconf 81' lang='lat' dir='ltr'><strong>INVENTIONE</strong></span> <span class='ocrx_word' id='word_1_3' title='bbox 2397 402 2489 474; x_wconf 85' lang='lat'><strong>51</strong></span> <span class='ocrx_word' id='word_1_4' title='bbox 2579 420 2592 431; x_wconf 80' lang='grc'><em>“</em></span> 
     </span>
    </p>
   </div>
   <div class='ocr_carea' id='block_1_2' title="bbox 150 574 2616 3175">
    <p class='ocr_par' dir='ltr' id='par_1_2' title="bbox 150 574 2616 3175">
     <span class='ocr_line' id='line_1_2' title="bbox 158 574 2501 682; baseline 0.003 -30"><span class='ocrx_word' id='word_1_5' title='bbox 158 574 478 679; x_wconf 85' lang='lat' dir='ltr'><strong>aliquid</strong></span> <span class='ocrx_word' id='word_1_6' title='bbox 531 578 959 655; x_wconf 84' lang='lat' dir='ltr'><strong>adiiciunt</strong></span> <span class='ocrx_word' id='word_1_7' title='bbox 1001 578 1398 679; x_wconf 82' lang='lat' dir='ltr'>Harpyiae</span> <span class='ocrx_word' id='word_1_8' title='bbox 1460 578 1561 656; x_wconf 91' lang='lat' dir='ltr'><strong>de</strong></span> <span class='ocrx_word' id='word_1_9' title='bbox 1608 582 1949 657; x_wconf 88' lang='lat' dir='ltr'><strong>comesis</strong></span> <span class='ocrx_word' id='word_1_10' title='bbox 2005 590 2191 682; x_wconf 87' lang='lat' dir='ltr'><strong>post</strong></span> <span class='ocrx_word' id='word_1_11' title='bbox 2228 582 2501 682; x_wconf 81' lang='lat' dir='ltr'><strong>epulas</strong></span> 
     </span>
     <span class='ocr_line' id='line_1_3' title="bbox 157 679 2499 784; baseline 0.003 -28"><span class='ocrx_word' id='word_1_12' title='bbox 157 683 517 777; x_wconf 77' lang='lat' dir='ltr'>mensis,</span> <span class='ocrx_word' id='word_1_13' title='bbox 577 697 1035 784; x_wconf 79' lang='lat' dir='ltr'><strong>tamquam</strong></span> <span class='ocrx_word' id='word_1_14' title='bbox 1078 679 1398 759; x_wconf 85' lang='lat' dir='ltr'><strong>futurae</strong></span> <span class='ocrx_word' id='word_1_15' title='bbox 1445 682 1656 760; x_wconf 90' lang='lat' dir='ltr'><strong>sedis</strong></span> <span class='ocrx_word' id='word_1_16' title='bbox 1696 706 1788 760; x_wconf 86' lang='lat' dir='ltr'><strong>ac</strong></span> <span class='ocrx_word' id='word_1_17' title='bbox 1842 683 2204 764; x_wconf 90' lang='lat' dir='ltr'><strong>coloniae</strong></span> <span class='ocrx_word' id='word_1_18' title='bbox 2246 685 2499 784; x_wconf 79' lang='lat' dir='ltr'><strong>signo,</strong></span> 
     </span>
     <span class='ocr_line' id='line_1_4' title="bbox 152 784 2497 888; baseline -0 -21"><span class='ocrx_word' id='word_1_19' title='bbox 152 787 303 880; x_wconf 83' lang='grc' dir='ltr'><strong>ΠΙ,</strong></span> <span class='ocrx_word' id='word_1_20' title='bbox 372 792 545 867; x_wconf 81' lang='lat'><strong>254</strong></span> <span class='ocrx_word' id='word_1_21' title='bbox 602 810 798 887; x_wconf 85' lang='lat' dir='ltr'><strong>sqq.</strong></span> <span class='ocrx_word' id='word_1_22' title='bbox 915 784 1291 862; x_wconf 82' lang='lat' dir='ltr'><strong>Tandem</strong></span> <span class='ocrx_word' id='word_1_23' title='bbox 1346 786 1705 864; x_wconf 82' lang='lat' dir='ltr'><strong>Helenus</strong></span> <span class='ocrx_word' id='word_1_24' title='bbox 1764 787 1846 862; x_wconf 89' lang='lat' dir='ltr'><strong>in</strong></span> <span class='ocrx_word' id='word_1_25' title='bbox 1906 789 2155 888; x_wconf 88' lang='lat' dir='ltr'>Epiro</span> <span class='ocrx_word' id='word_1_26' title='bbox 2211 811 2497 866; x_wconf 89' lang='lat' dir='ltr'><strong>omnes</strong></span> 
     </span>
     <span class='ocr_line' id='line_1_5' title="bbox 154 887 2494 990; baseline 0.003 -27"><span class='ocrx_word' id='word_1_27' title='bbox 154 913 398 964; x_wconf 84' lang='lat' dir='ltr'><strong>casus</strong></span> <span class='ocrx_word' id='word_1_28' title='bbox 460 912 1047 990; x_wconf 87' lang='lat' dir='ltr'><strong>errorumque</strong></span> <span class='ocrx_word' id='word_1_29' title='bbox 1097 889 1475 968; x_wconf 86' lang='lat' dir='ltr'><strong>ordinem</strong></span> <span class='ocrx_word' id='word_1_30' title='bbox 1520 887 1944 968; x_wconf 83' lang='lat' dir='ltr'><strong>manifeste</strong></span> <span class='ocrx_word' id='word_1_31' title='bbox 1979 916 2069 966; x_wconf 90' lang='lat' dir='ltr'><strong>ac</strong></span> <span class='ocrx_word' id='word_1_32' title='bbox 2110 892 2322 969; x_wconf 89' lang='lat' dir='ltr'><strong>clare</strong></span> <span class='ocrx_word' id='word_1_33' title='bbox 2365 917 2494 969; x_wconf 81' lang='lat' dir='ltr'><strong>ex-</strong></span> 
     </span>
     <span class='ocr_line' id='line_1_6' title="bbox 150 991 2496 1094; baseline 0.002 -27"><span class='ocrx_word' id='word_1_34' title='bbox 150 995 415 1092; x_wconf 87' lang='lat' dir='ltr'><strong>ponit</strong></span> <span class='ocrx_word' id='word_1_35' title='bbox 453 998 627 1085; x_wconf 84' lang='lat'>111,</span> <span class='ocrx_word' id='word_1_36' title='bbox 698 1002 871 1075; x_wconf 75' lang='lat'><strong>374</strong></span> <span class='ocrx_word' id='word_1_37' title='bbox 915 1017 1116 1094; x_wconf 87' lang='lat' dir='ltr'><strong>sqq.‚</strong></span> <span class='ocrx_word' id='word_1_38' title='bbox 1188 991 1428 1068; x_wconf 86' lang='lat' dir='ltr'><strong>etiam</strong></span> <span class='ocrx_word' id='word_1_39' title='bbox 1486 992 1590 1069; x_wconf 91' lang='lat' dir='ltr'><strong>de</strong></span> <span class='ocrx_word' id='word_1_40' title='bbox 1639 1017 1784 1071; x_wconf 92' lang='lat' dir='ltr'><strong>sue</strong></span> <span class='ocrx_word' id='word_1_41' title='bbox 1830 998 2042 1071; x_wconf 87' lang='lat' dir='ltr'><strong>XXX</strong></span> <span class='ocrx_word' id='word_1_42' title='bbox 2155 994 2496 1073; x_wconf 90' lang='lat' dir='ltr'><strong>orcellos</strong></span> 
     </span>
     <span class='ocr_line' id='line_1_7' title="bbox 160 1097 2495 1200; baseline 0.003 -29"><span class='ocrx_word' id='word_1_43' title='bbox 160 1098 452 1191; x_wconf 72' lang='lat' dir='ltr'><strong>enixa,</strong></span> <span class='ocrx_word' id='word_1_44' title='bbox 522 1111 618 1174; x_wconf 88' lang='lat' dir='ltr'><strong>et</strong></span> <span class='ocrx_word' id='word_1_45' title='bbox 670 1098 787 1173; x_wconf 91' lang='lat' dir='ltr'><strong>de</strong></span> <span class='ocrx_word' id='word_1_46' title='bbox 837 1099 1147 1172; x_wconf 88' lang='lat' dir='ltr'><strong>mensis</strong></span> <span class='ocrx_word' id='word_1_47' title='bbox 1190 1097 1565 1189; x_wconf 81' lang='lat' dir='ltr'><strong>comesis,</strong></span> <span class='ocrx_word' id='word_1_48' title='bbox 1619 1097 1765 1173; x_wconf 86' lang='lat' dir='ltr'><strong>alia</strong></span> <span class='ocrx_word' id='word_1_49' title='bbox 1813 1122 1859 1173; x_wconf 88' lang='lat' dir='ltr'><strong>a</strong></span> <span class='ocrx_word' id='word_1_50' title='bbox 1914 1098 2103 1195; x_wconf 87' lang='lat' dir='ltr'><strong>Siby</strong></span> <span class='ocrx_word' id='word_1_51' title='bbox 2163 1123 2206 1173; x_wconf 86' lang='lat' dir='ltr'><strong>a</strong></span> <span class='ocrx_word' id='word_1_52' title='bbox 2258 1122 2495 1200; x_wconf 81' lang='lat' dir='ltr'><strong>expe-</strong></span> 
     </span>
     <span class='ocr_line' id='line_1_8' title="bbox 162 1200 2616 1302; baseline 0.001 -27"><span class='ocrx_word' id='word_1_53' title='bbox 162 1200 479 1276; x_wconf 83' lang='lat' dir='ltr'><strong>ctanda</strong></span> <span class='ocrx_word' id='word_1_54' title='bbox 554 1216 751 1278; x_wconf 89' lang='lat' dir='ltr'><strong>esse</strong></span> <span class='ocrx_word' id='word_1_55' title='bbox 798 1212 1094 1299; x_wconf 82' lang='lat' dir='ltr'><strong>monet</strong></span> <span class='ocrx_word' id='word_1_56' title='bbox 1148 1224 1218 1279; x_wconf 81' lang='lat' dir='ltr'><strong>v.</strong></span> <span class='ocrx_word' id='word_1_57' title='bbox 1262 1206 1409 1281; x_wconf 83' lang='lat'><strong>441</strong></span> <span class='ocrx_word' id='word_1_58' title='bbox 1472 1225 1645 1302; x_wconf 88' lang='lat' dir='ltr'><strong>sqq.</strong></span> <span class='ocrx_word' id='word_1_59' title='bbox 1752 1202 2008 1302; x_wconf 87' lang='lat' dir='ltr'><strong>Saepe</strong></span> <span class='ocrx_word' id='word_1_60' title='bbox 2056 1202 2139 1276; x_wconf 92' lang='lat' dir='ltr'><strong>in</strong></span> <span class='ocrx_word' id='word_1_61' title='bbox 2192 1204 2495 1278; x_wconf 89' lang='lat' dir='ltr'><strong>somnis</strong></span> <span class='ocrx_word' id='word_1_62' title='bbox 2607 1225 2616 1229; x_wconf 84' lang='lat'><strong>·</strong></span> 
     </span>
     <span class='ocr_line' id='line_1_9' title="bbox 173 1302 2492 1407; baseline 0.001 -28"><span class='ocrx_word' id='word_1_63' title='bbox 173 1304 595 1381; x_wconf 78' lang='lat' dir='ltr'><strong>Anchises</strong></span> <span class='ocrx_word' id='word_1_64' title='bbox 651 1311 1029 1382; x_wconf 84' lang='lat' dir='ltr'><strong>Aeneam</strong></span> <span class='ocrx_word' id='word_1_65' title='bbox 1074 1302 1639 1381; x_wconf 73' lang='lat' dir='ltr'><strong>admonueratz</strong></span> <span class='ocrx_word' id='word_1_66' title='bbox 1704 1306 1850 1398; x_wconf 87' lang='lat' dir='ltr'><strong>lv,</strong></span> <span class='ocrx_word' id='word_1_67' title='bbox 1901 1311 2051 1386; x_wconf 79' lang='lat'><strong>351</strong></span> <span class='ocrx_word' id='word_1_68' title='bbox 2097 1329 2294 1407; x_wconf 88' lang='lat' dir='ltr'><strong>sqq.‚</strong></span> <span class='ocrx_word' id='word_1_69' title='bbox 2365 1330 2492 1381; x_wconf 82' lang='lat' dir='ltr'><strong>ea·-</strong></span> 
     </span>
     <span class='ocr_line' id='line_1_10' title="bbox 180 1405 2494 1508; baseline 0.001 -27"><span class='ocrx_word' id='word_1_70' title='bbox 180 1405 393 1482; x_wconf 86' lang='lat' dir='ltr'><strong>dem</strong></span> <span class='ocrx_word' id='word_1_71' title='bbox 464 1409 888 1485; x_wconf 86' lang='lat' dir='ltr'><strong>Anchisae</strong></span> <span class='ocrx_word' id='word_1_72' title='bbox 950 1405 1213 1483; x_wconf 89' lang='lat' dir='ltr'><strong>anima</strong></span> <span class='ocrx_word' id='word_1_73' title='bbox 1261 1408 1345 1484; x_wconf 92' lang='lat' dir='ltr'><strong>in</strong></span> <span class='ocrx_word' id='word_1_74' title='bbox 1399 1406 1660 1483; x_wconf 87' lang='lat' dir='ltr'><strong>Sicilia</strong></span> <span class='ocrx_word' id='word_1_75' title='bbox 1713 1432 1865 1508; x_wconf 90' lang='lat' dir='ltr'><strong>per</strong></span> <span class='ocrx_word' id='word_1_76' title='bbox 1908 1432 2293 1484; x_wconf 89' lang='lat' dir='ltr'><strong>somnum</strong></span> <span class='ocrx_word' id='word_1_77' title='bbox 2351 1407 2494 1484; x_wconf 89' lang='lat' dir='ltr'><strong>de—</strong></span> 
     </span>
     <span class='ocr_line' id='line_1_11' title="bbox 188 1508 2494 1613; baseline 0.002 -30"><span class='ocrx_word' id='word_1_78' title='bbox 188 1534 585 1588; x_wconf 87' lang='lat' dir='ltr'><strong>scensum</strong></span> <span class='ocrx_word' id='word_1_79' title='bbox 661 1512 771 1587; x_wconf 86' lang='lat' dir='ltr'><strong>ad</strong></span> <span class='ocrx_word' id='word_1_80' title='bbox 838 1508 1182 1607; x_wconf 87' lang='lat' dir='ltr'><strong>inferos,</strong></span> <span class='ocrx_word' id='word_1_81' title='bbox 1262 1515 1372 1610; x_wconf 91' lang='lat' dir='ltr'><strong>V,</strong></span> <span class='ocrx_word' id='word_1_82' title='bbox 1440 1519 1599 1590; x_wconf 80' lang='lat'><strong>730</strong></span> <span class='ocrx_word' id='word_1_83' title='bbox 1643 1534 1839 1613; x_wconf 90' lang='lat' dir='ltr'><strong>sqq.‚</strong></span> <span class='ocrx_word' id='word_1_84' title='bbox 1923 1511 2138 1612; x_wconf 90' lang='lat' dir='ltr'><strong>apud</strong></span> <span class='ocrx_word' id='word_1_85' title='bbox 2203 1514 2494 1589; x_wconf 77' lang='lat' dir='ltr'><strong>Cumas</strong></span> 
     </span>
     <span class='ocr_line' id='line_1_12' title="bbox 196 1614 2491 1715; baseline 0.001 -25"><span class='ocrx_word' id='word_1_86' title='bbox 196 1627 482 1690; x_wconf 85' lang='lat' dir='ltr'><strong>autem</strong></span> <span class='ocrx_word' id='word_1_87' title='bbox 536 1614 855 1715; x_wconf 82' lang='lat' dir='ltr'><strong>Sibylla</strong></span> <span class='ocrx_word' id='word_1_88' title='bbox 918 1637 1321 1692; x_wconf 86' lang='lat' dir='ltr'><strong>accessum</strong></span> <span class='ocrx_word' id='word_1_89' title='bbox 1375 1614 1479 1691; x_wconf 92' lang='lat' dir='ltr'><strong>ad</strong></span> <span class='ocrx_word' id='word_1_90' title='bbox 1534 1614 1983 1709; x_wconf 87' lang='lat' dir='ltr'><strong>Lavinium,</strong></span> <span class='ocrx_word' id='word_1_91' title='bbox 2050 1614 2363 1692; x_wconf 88' lang='lat' dir='ltr'><strong>bellum</strong></span> <span class='ocrx_word' id='word_1_92' title='bbox 2411 1630 2491 1692; x_wconf 89' lang='lat' dir='ltr'><strong>et</strong></span> 
     </span>
     <span class='ocr_line' id='line_1_13' title="bbox 197 1717 2491 1820; baseline 0.001 -27"><span class='ocrx_word' id='word_1_93' title='bbox 197 1718 572 1794; x_wconf 82' lang='lat' dir='ltr'><strong>Euandri</strong></span> <span class='ocrx_word' id='word_1_94' title='bbox 629 1719 1144 1814; x_wconf 88' lang='lat' dir='ltr'><strong>societatem,</strong></span> <span class='ocrx_word' id='word_1_95' title='bbox 1222 1718 1608 1819; x_wconf 85' lang='lat' dir='ltr'><strong>praedicit</strong></span> <span class='ocrx_word' id='word_1_96' title='bbox 1642 1718 1772 1815; x_wconf 74' lang='lat' dir='ltr'><strong>Vl,</strong></span> <span class='ocrx_word' id='word_1_97' title='bbox 1828 1729 1929 1802; x_wconf 80' lang='lat'><strong>83</strong></span> <span class='ocrx_word' id='word_1_98' title='bbox 1970 1742 2144 1820; x_wconf 85' lang='lat' dir='ltr'><strong>sqq.</strong></span> <span class='ocrx_word' id='word_1_99' title='bbox 2258 1717 2491 1796; x_wconf 88' lang='lat' dir='ltr'><strong>Adde</strong></span> 
     </span>
     <span class='ocr_line' id='line_1_14' title="bbox 212 1817 2490 1923; baseline 0.002 -29"><span class='ocrx_word' id='word_1_100' title='bbox 212 1820 336 1895; x_wconf 87' lang='lat' dir='ltr'><strong>his</strong></span> <span class='ocrx_word' id='word_1_101' title='bbox 381 1823 883 1923; x_wconf 75' lang='lat' dir='ltr'><strong>posteritatis</strong></span> <span class='ocrx_word' id='word_1_102' title='bbox 928 1845 1352 1898; x_wconf 88' lang='lat' dir='ltr'><strong>recensum</strong></span> <span class='ocrx_word' id='word_1_103' title='bbox 1410 1821 1513 1898; x_wconf 85' lang='lat' dir='ltr'><strong>ad</strong></span> <span class='ocrx_word' id='word_1_104' title='bbox 1570 1817 1914 1918; x_wconf 87' lang='lat' dir='ltr'><strong>inferos,</strong></span> <span class='ocrx_word' id='word_1_105' title='bbox 1988 1834 2070 1898; x_wconf 86' lang='lat' dir='ltr'><strong>et</strong></span> <span class='ocrx_word' id='word_1_106' title='bbox 2130 1825 2263 1916; x_wconf 81' lang='lat' dir='ltr'><strong>Vl,</strong></span> <span class='ocrx_word' id='word_1_107' title='bbox 2319 1830 2490 1903; x_wconf 83' lang='lat'><strong>891.</strong></span> 
     </span>
     <span class='ocr_line' id='line_1_15' title="bbox 212 1923 2494 2026; baseline -0 -20"><span class='ocrx_word' id='word_1_108' title='bbox 212 1935 374 2006; x_wconf 80' lang='grc'><strong>892</strong></span> <span class='ocrx_word' id='word_1_109' title='bbox 405 1932 621 2003; x_wconf 63' lang='lat' dir='ltr'><strong>Exin</strong></span> <span class='ocrx_word' id='word_1_110' title='bbox 657 1923 1117 2026; x_wconf 84' lang='lat' dir='ltr'><strong>(Anchises)</strong></span> <span class='ocrx_word' id='word_1_111' title='bbox 1155 1930 1353 2002; x_wconf 82' lang='lat' dir='ltr'><strong>bella</strong></span> <span class='ocrx_word' id='word_1_112' title='bbox 1392 1933 1559 2022; x_wconf 72' lang='lat' dir='ltr'><strong>ciro</strong></span> <span class='ocrx_word' id='word_1_113' title='bbox 1596 1940 1960 2004; x_wconf 84' lang='lat' dir='ltr'><strong>memorat</strong></span> <span class='ocrx_word' id='word_1_114' title='bbox 2003 1954 2194 2026; x_wconf 71' lang='lat' dir='ltr'><strong>quae</strong></span> <span class='ocrx_word' id='word_1_115' title='bbox 2220 1933 2494 2005; x_wconf 71' lang='lat' dir='ltr'><strong>deinde</strong></span> 
     </span>
     <span class='ocr_line' id='line_1_16' title="bbox 211 2034 2477 2131; baseline 0 -26"><span class='ocrx_word' id='word_1_116' title='bbox 211 2039 568 2129; x_wconf 72' lang='lat' dir='ltr'><strong>gerenda</strong></span> <span class='ocrx_word' id='word_1_117' title='bbox 587 2089 612 2125; x_wconf 85' lang='lat'>‚</span> <span class='ocrx_word' id='word_1_118' title='bbox 670 2038 1219 2130; x_wconf 71' lang='lat' dir='ltr'><strong>Laurentisque</strong></span> <span class='ocrx_word' id='word_1_119' title='bbox 1271 2036 1494 2107; x_wconf 82' lang='lat' dir='ltr'><strong>docet</strong></span> <span class='ocrx_word' id='word_1_120' title='bbox 1516 2037 1839 2131; x_wconf 78' lang='lat' dir='ltr'><strong>populos</strong></span> <span class='ocrx_word' id='word_1_121' title='bbox 1882 2034 2281 2130; x_wconf 71' lang='lat' dir='ltr'><strong>urbemque</strong></span> <span class='ocrx_word' id='word_1_122' title='bbox 2332 2038 2477 2106; x_wconf 83' lang='lat' dir='ltr'><strong>La·</strong></span> 
     </span>
     <span class='ocr_line' id='line_1_17' title="bbox 216 2137 2491 2234; baseline 0 -26"><span class='ocrx_word' id='word_1_123' title='bbox 216 2141 381 2228; x_wconf 73' lang='lat' dir='ltr'><strong>tini,</strong></span> <span class='ocrx_word' id='word_1_124' title='bbox 462 2140 576 2211; x_wconf 72' lang='lat' dir='ltr'><strong>Et</strong></span> <span class='ocrx_word' id='word_1_125' title='bbox 645 2162 794 2233; x_wconf 75' lang='lat' dir='ltr'><strong>qno</strong></span> <span class='ocrx_word' id='word_1_126' title='bbox 842 2162 1195 2233; x_wconf 73' lang='lat' dir='ltr'><strong>qumque</strong></span> <span class='ocrx_word' id='word_1_127' title='bbox 1252 2142 1476 2210; x_wconf 82' lang='lat' dir='ltr'><strong>modo</strong></span> <span class='ocrx_word' id='word_1_128' title='bbox 1506 2137 1924 2234; x_wconf 65' lang='lat' dir='ltr'><strong>fugiatque</strong></span> <span class='ocrx_word' id='word_1_129' title='bbox 1953 2139 2326 2234; x_wconf 76' lang='lat' dir='ltr'><strong>seratque</strong></span> <span class='ocrx_word' id='word_1_130' title='bbox 2371 2140 2491 2225; x_wconf 72' lang='lat'><strong>1⁶.-</strong></span> 
     </span>
     <span class='ocr_line' id='line_1_18' title="bbox 214 2234 2489 2339; baseline 0 -25"><span class='ocrx_word' id='word_1_131' title='bbox 214 2241 491 2314; x_wconf 77' lang='lat' dir='ltr'><strong>borem.</strong></span> <span class='ocrx_word' id='word_1_132' title='bbox 606 2239 912 2315; x_wconf 89' lang='lat' dir='ltr'><strong>Omnia</strong></span> <span class='ocrx_word' id='word_1_133' title='bbox 974 2237 1178 2313; x_wconf 89' lang='lat' dir='ltr'><strong>haec</strong></span> <span class='ocrx_word' id='word_1_134' title='bbox 1226 2235 1687 2314; x_wconf 77' lang='lat' dir='ltr'><strong>semmdum</strong></span> <span class='ocrx_word' id='word_1_135' title='bbox 1748 2236 2094 2339; x_wconf 88' lang='lat' dir='ltr'><strong>aliquam</strong></span> <span class='ocrx_word' id='word_1_136' title='bbox 2146 2234 2489 2314; x_wconf 84' lang='lat' dir='ltr'><strong>auctori-</strong></span> 
     </span>
     <span class='ocr_line' id='line_1_19' title="bbox 210 2339 2489 2442; baseline 0.001 -27"><span class='ocrx_word' id='word_1_137' title='bbox 210 2353 467 2417; x_wconf 89' lang='lat' dir='ltr'><strong>tatem</strong></span> <span class='ocrx_word' id='word_1_138' title='bbox 523 2341 872 2442; x_wconf 81' lang='lat' dir='ltr'><strong>apponi,</strong></span> <span class='ocrx_word' id='word_1_139' title='bbox 938 2342 1232 2442; x_wconf 85' lang='lat' dir='ltr'><strong>partim</strong></span> <span class='ocrx_word' id='word_1_140' title='bbox 1282 2342 1368 2417; x_wconf 91' lang='lat' dir='ltr'><strong>in</strong></span> <span class='ocrx_word' id='word_1_141' title='bbox 1406 2339 1732 2439; x_wconf 76' lang='lat' dir='ltr'><strong>singulis</strong></span> <span class='ocrx_word' id='word_1_142' title='bbox 1771 2339 1968 2417; x_wconf 89' lang='lat' dir='ltr'><strong>locis</strong></span> <span class='ocrx_word' id='word_1_143' title='bbox 2015 2339 2489 2438; x_wconf 77' lang='lat' dir='ltr'><strong>videbimus,</strong></span> 
     </span>
     <span class='ocr_line' id='line_1_20' title="bbox 208 2443 2490 2548; baseline 0.001 -28"><span class='ocrx_word' id='word_1_144' title='bbox 208 2446 509 2546; x_wconf 85' lang='lat' dir='ltr'><strong>partim</strong></span> <span class='ocrx_word' id='word_1_145' title='bbox 544 2470 648 2521; x_wconf 84' lang='lat' dir='ltr'><strong>ex</strong></span> <span class='ocrx_word' id='word_1_146' title='bbox 675 2444 1202 2546; x_wconf 85' lang='lat' dir='ltr'><strong>sequentibus</strong></span> <span class='ocrx_word' id='word_1_147' title='bbox 1232 2444 1555 2548; x_wconf 83' lang='lat' dir='ltr'><strong>patebit.</strong></span> <span class='ocrx_word' id='word_1_148' title='bbox 1606 2449 1774 2523; x_wconf 88' lang='lat' dir='ltr'><strong>Nec</strong></span> <span class='ocrx_word' id='word_1_149' title='bbox 1801 2446 2070 2521; x_wconf 88' lang='lat' dir='ltr'><strong>minus</strong></span> <span class='ocrx_word' id='word_1_150' title='bbox 2108 2443 2321 2546; x_wconf 88' lang='lat' dir='ltr'><strong>apud</strong></span> <span class='ocrx_word' id='word_1_151' title='bbox 2349 2448 2490 2522; x_wconf 85' lang='lat' dir='ltr'><strong>La-</strong></span> 
     </span>
     <span class='ocr_line' id='line_1_21' title="bbox 207 2548 2488 2651; baseline 0 -27"><span class='ocrx_word' id='word_1_152' title='bbox 207 2551 426 2626; x_wconf 81' lang='lat' dir='ltr'><strong>tinos</strong></span> <span class='ocrx_word' id='word_1_153' title='bbox 490 2548 959 2651; x_wconf 79' lang='lat' dir='ltr'><strong>praedictus</strong></span> <span class='ocrx_word' id='word_1_154' title='bbox 1032 2562 1201 2626; x_wconf 86' lang='lat' dir='ltr'><strong>erat</strong></span> <span class='ocrx_word' id='word_1_155' title='bbox 1266 2550 1516 2634; x_wconf 82' lang='lat' dir='ltr'><strong>Fauni</strong></span> <span class='ocrx_word' id='word_1_156' title='bbox 1587 2548 1955 2640; x_wconf 82' lang='lat' dir='ltr'><strong>oracu10,</strong></span> <span class='ocrx_word' id='word_1_157' title='bbox 2022 2561 2197 2624; x_wconf 89' lang='lat' dir='ltr'><strong>tum</strong></span> <span class='ocrx_word' id='word_1_158' title='bbox 2258 2550 2488 2626; x_wconf 84' lang='lat' dir='ltr'><strong>variis</strong></span> 
     </span>
     <span class='ocr_line' id='line_1_22' title="bbox 204 2650 2487 2730; baseline 0 -1"><span class='ocrx_word' id='word_1_159' title='bbox 204 2654 557 2729; x_wconf 77' lang='lat' dir='ltr'><strong>ostentis</strong></span> <span class='ocrx_word' id='word_1_160' title='bbox 621 2664 1114 2728; x_wconf 80' lang='lat' dir='ltr'><strong>monstratus</strong></span> <span class='ocrx_word' id='word_1_161' title='bbox 1178 2666 1635 2730; x_wconf 87' lang='lat' dir='ltr'><strong>exterorum</strong></span> <span class='ocrx_word' id='word_1_162' title='bbox 1684 2650 2076 2727; x_wconf 82' lang='lat' dir='ltr'><strong>adventus</strong></span> <span class='ocrx_word' id='word_1_163' title='bbox 2129 2664 2211 2726; x_wconf 83' lang='lat' dir='ltr'><strong>et</strong></span> <span class='ocrx_word' id='word_1_164' title='bbox 2257 2654 2487 2729; x_wconf 81' lang='lat' dir='ltr'><strong>Lavi-</strong></span> 
     </span>
     <span class='ocr_line' id='line_1_23' title="bbox 198 2753 2486 2858; baseline 0.002 -28"><span class='ocrx_word' id='word_1_165' title='bbox 198 2758 383 2833; x_wconf 88' lang='lat' dir='ltr'><strong>niae</strong></span> <span class='ocrx_word' id='word_1_166' title='bbox 423 2756 906 2854; x_wconf 84' lang='lat' dir='ltr'><strong>coniugium</strong></span> <span class='ocrx_word' id='word_1_167' title='bbox 937 2780 1123 2831; x_wconf 86' lang='lat' dir='ltr'><strong>cum</strong></span> <span class='ocrx_word' id='word_1_168' title='bbox 1155 2756 1496 2834; x_wconf 86' lang='lat' dir='ltr'><strong>advena:</strong></span> <span class='ocrx_word' id='word_1_169' title='bbox 1542 2755 1697 2832; x_wconf 84' lang='lat' dir='ltr'><strong>vid.</strong></span> <span class='ocrx_word' id='word_1_170' title='bbox 1731 2753 1863 2833; x_wconf 91' lang='lat' dir='ltr'><strong>lib.</strong></span> <span class='ocrx_word' id='word_1_171' title='bbox 1891 2757 2063 2852; x_wconf 84' lang='lat' dir='ltr'>VII,</span> <span class='ocrx_word' id='word_1_172' title='bbox 2087 2759 2209 2833; x_wconf 87' lang='grc'><strong>58.</strong></span> <span class='ocrx_word' id='word_1_173' title='bbox 2243 2761 2344 2835; x_wconf 87' lang='grc'><strong>64</strong></span> <span class='ocrx_word' id='word_1_174' title='bbox 2373 2779 2486 2858; x_wconf 91' lang='lat' dir='ltr'><strong>sq.</strong></span> 
     </span>
     <span class='ocr_line' id='line_1_24' title="bbox 195 2855 2488 2962; baseline -0.002 -25"><span class='ocrx_word' id='word_1_175' title='bbox 195 2868 304 2938; x_wconf 83' lang='grc'><strong>71</strong></span> <span class='ocrx_word' id='word_1_176' title='bbox 345 2887 465 2962; x_wconf 86' lang='lat' dir='ltr'><strong>sq.</strong></span> <span class='ocrx_word' id='word_1_177' title='bbox 521 2871 636 2942; x_wconf 85' lang='lat'><strong>96</strong></span> <span class='ocrx_word' id='word_1_178' title='bbox 676 2885 796 2960; x_wconf 91' lang='lat' dir='ltr'><strong>sq.</strong></span> <span class='ocrx_word' id='word_1_179' title='bbox 851 2864 1006 2939; x_wconf 80' lang='lat'><strong>254</strong></span> <span class='ocrx_word' id='word_1_180' title='bbox 1050 2884 1164 2961; x_wconf 91' lang='lat' dir='ltr'><strong>sq.</strong></span> <span class='ocrx_word' id='word_1_181' title='bbox 1196 2869 1371 2940; x_wconf 80' lang='lat'><strong>267.</strong></span> <span class='ocrx_word' id='word_1_182' title='bbox 1434 2861 1914 2938; x_wconf 85' lang='lat' dir='ltr'><strong>Carmentae</strong></span> <span class='ocrx_word' id='word_1_183' title='bbox 1959 2871 2230 2934; x_wconf 83' lang='lat' dir='ltr'><strong>autem</strong></span> <span class='ocrx_word' id='word_1_184' title='bbox 2274 2855 2488 2934; x_wconf 87' lang='lat' dir='ltr'><strong>fere-</strong></span> 
     </span>
     <span class='ocr_line' id='line_1_25' title="bbox 201 2961 2487 3063; baseline 0.001 -26"><span class='ocrx_word' id='word_1_185' title='bbox 201 2961 451 3040; x_wconf 82' lang='lat' dir='ltr'><strong>batur</strong></span> <span class='ocrx_word' id='word_1_186' title='bbox 486 2962 984 3058; x_wconf 76' lang='lat' dir='ltr'><strong>vaticinium,</strong></span> <span class='ocrx_word' id='word_1_187' title='bbox 1039 2970 1301 3041; x_wconf 76' lang='lat' dir='ltr'><strong>cecinit</strong></span> <span class='ocrx_word' id='word_1_188' title='bbox 1341 2991 1533 3063; x_wconf 74' lang='lat' dir='ltr'><strong>quae</strong></span> <span class='ocrx_word' id='word_1_189' title='bbox 1560 2968 1823 3063; x_wconf 75' lang='lat' dir='ltr'><strong>prima</strong></span> <span class='ocrx_word' id='word_1_190' title='bbox 1841 2966 2160 3062; x_wconf 69' lang='lat' dir='ltr'><strong>ficturos</strong></span> <span class='ocrx_word' id='word_1_191' title='bbox 2201 2968 2487 3040; x_wconf 80' lang='lat' dir='ltr'><strong>Aenea-</strong></span> 
     </span>
     <span class='ocr_line' id='line_1_26' title="bbox 190 3068 2485 3175; baseline 0 -31"><span class='ocrx_word' id='word_1_192' title='bbox 190 3074 360 3144; x_wconf 72' lang='lat' dir='ltr'><strong>dae</strong></span> <span class='ocrx_word' id='word_1_193' title='bbox 383 3095 734 3170; x_wconf 75' lang='lat' dir='ltr'><strong>mag-nos</strong></span> <span class='ocrx_word' id='word_1_194' title='bbox 757 3082 832 3144; x_wconf 84' lang='lat' dir='ltr'><strong>et</strong></span> <span class='ocrx_word' id='word_1_195' title='bbox 855 3071 1095 3145; x_wconf 74' lang='lat' dir='ltr'><strong>nobile</strong></span> <span class='ocrx_word' id='word_1_196' title='bbox 1120 3073 1637 3147; x_wconf 74' lang='lat' dir='ltr'><strong>Pallanteum:</strong></span> <span class='ocrx_word' id='word_1_197' title='bbox 1676 3070 1873 3147; x_wconf 86' lang='lat' dir='ltr'><strong>Aen.</strong></span> <span class='ocrx_word' id='word_1_198' title='bbox 1892 3068 2100 3175; x_wconf 78' lang='lat' dir='ltr'>VIII,</span> <span class='ocrx_word' id='word_1_199' title='bbox 2119 3070 2293 3147; x_wconf 78' lang='grc'><strong>840.</strong></span> <span class='ocrx_word' id='word_1_200' title='bbox 2311 3072 2485 3149; x_wconf 79' lang='lat'><strong>341.</strong></span> 
     </span>
    </p>
   </div>
   <div class='ocr_carea' id='block_1_3' title="bbox 174 3270 2487 4604">
    <p class='ocr_par' dir='ltr' id='par_1_3' title="bbox 174 3270 2487 4544">
     <span class='ocr_line' id='line_1_27' title="bbox 420 3270 2487 3353; baseline -0.003 0"><span class='ocrx_word' id='word_1_201' title='bbox 420 3274 602 3353; x_wconf 83' lang='lat' dir='ltr'><strong>VII.</strong></span> <span class='ocrx_word' id='word_1_202' title='bbox 694 3271 1016 3350; x_wconf 85' lang='lat' dir='ltr'><strong>Scilicet</strong></span> <span class='ocrx_word' id='word_1_203' title='bbox 1058 3271 1398 3350; x_wconf 89' lang='lat' dir='ltr'><strong>omnino</strong></span> <span class='ocrx_word' id='word_1_204' title='bbox 1450 3271 1613 3348; x_wconf 89' lang='lat' dir='ltr'><strong>iam</strong></span> <span class='ocrx_word' id='word_1_205' title='bbox 1682 3282 1866 3347; x_wconf 85' lang='lat' dir='ltr'><strong>ante</strong></span> <span class='ocrx_word' id='word_1_206' title='bbox 1926 3270 2216 3349; x_wconf 84' lang='lat' dir='ltr'><strong>Troiae</strong></span> <span class='ocrx_word' id='word_1_207' title='bbox 2282 3273 2487 3347; x_wconf 84' lang='lat' dir='ltr'><strong>exci-</strong></span> 
     </span>
     <span class='ocr_line' id='line_1_28' title="bbox 176 3373 2485 3478; baseline 0 -27"><span class='ocrx_word' id='word_1_208' title='bbox 176 3375 485 3474; x_wconf 84' lang='lat' dir='ltr'><strong>dium,</strong></span> <span class='ocrx_word' id='word_1_209' title='bbox 568 3388 655 3451; x_wconf 88' lang='lat' dir='ltr'><strong>et</strong></span> <span class='ocrx_word' id='word_1_210' title='bbox 716 3401 759 3452; x_wconf 89' lang='lat' dir='ltr'><strong>a</strong></span> <span class='ocrx_word' id='word_1_211' title='bbox 813 3376 1091 3478; x_wconf 90' lang='lat' dir='ltr'><strong>primis</strong></span> <span class='ocrx_word' id='word_1_212' title='bbox 1144 3375 1340 3453; x_wconf 91' lang='lat' dir='ltr'><strong>inde</strong></span> <span class='ocrx_word' id='word_1_213' title='bbox 1388 3373 1930 3477; x_wconf 83' lang='lat' dir='ltr'><strong>temporibus,</strong></span> <span class='ocrx_word' id='word_1_214' title='bbox 1978 3373 2485 3476; x_wconf 47' lang='lat' dir='ltr'><strong>praedictio*</strong></span> 
     </span>
     <span class='ocr_line' id='line_1_29' title="bbox 174 3476 2483 3580; baseline 0 -26"><span class='ocrx_word' id='word_1_215' title='bbox 174 3495 404 3556; x_wconf 85' lang='lat' dir='ltr'><strong>nem</strong></span> <span class='ocrx_word' id='word_1_216' title='bbox 468 3479 835 3580; x_wconf 89' lang='lat' dir='ltr'><strong>aliquam</strong></span> <span class='ocrx_word' id='word_1_217' title='bbox 896 3477 1107 3557; x_wconf 87' lang='lat' dir='ltr'><strong>fama</strong></span> <span class='ocrx_word' id='word_1_218' title='bbox 1160 3481 1524 3556; x_wconf 88' lang='lat' dir='ltr'><strong>iactatam</strong></span> <span class='ocrx_word' id='word_1_219' title='bbox 1577 3476 1857 3576; x_wconf 72' lang='lat' dir='ltr'><strong>fuisse,</strong></span> <span class='ocrx_word' id='word_1_220' title='bbox 1940 3501 2132 3579; x_wconf 82' lang='lat' dir='ltr'><strong>qua,</strong></span> <span class='ocrx_word' id='word_1_221' title='bbox 2203 3499 2483 3555; x_wconf 80' lang='lat' dir='ltr'><strong>everso</strong></span> 
     </span>
     <span class='ocr_line' id='line_1_30' title="bbox 176 3580 2484 3688; baseline -0 -29"><span class='ocrx_word' id='word_1_222' title='bbox 176 3584 351 3661; x_wconf 90' lang='lat' dir='ltr'><strong>Ilio</strong></span> <span class='ocrx_word' id='word_1_223' title='bbox 389 3646 415 3683; x_wconf 89' lang='lat'><strong>‚</strong></span> <span class='ocrx_word' id='word_1_224' title='bbox 518 3582 926 3662; x_wconf 84' lang='lat' dir='ltr'><strong>Anchisae</strong></span> <span class='ocrx_word' id='word_1_225' title='bbox 997 3589 1486 3688; x_wconf 85' lang='lat' dir='ltr'><strong>Aeneaeque</strong></span> <span class='ocrx_word' id='word_1_226' title='bbox 1556 3583 1819 3659; x_wconf 89' lang='lat' dir='ltr'><strong>maior</strong></span> <span class='ocrx_word' id='word_1_227' title='bbox 1896 3606 2171 3658; x_wconf 89' lang='lat' dir='ltr'><strong>rerum</strong></span> <span class='ocrx_word' id='word_1_228' title='bbox 2251 3580 2484 3679; x_wconf 79' lang='lat' dir='ltr'><strong>orde,</strong></span> 
     </span>
     <span class='ocr_line' id='line_1_31' title="bbox 182 3684 2485 3790; baseline 0 -28"><span class='ocrx_word' id='word_1_229' title='bbox 182 3689 519 3765; x_wconf 82' lang='lat' dir='ltr'><strong>maiora</strong></span> <span class='ocrx_word' id='word_1_230' title='bbox 576 3684 743 3764; x_wconf 81' lang='lat' dir='ltr'><strong>sata</strong></span> <span class='ocrx_word' id='word_1_231' title='bbox 802 3689 1503 3790; x_wconf 88' lang='lat' dir='ltr'><strong>promitterentur,</strong></span> <span class='ocrx_word' id='word_1_232' title='bbox 1569 3685 1720 3787; x_wconf 91' lang='lat' dir='ltr'><strong>ipsi</strong></span> <span class='ocrx_word' id='word_1_233' title='bbox 1764 3685 2174 3762; x_wconf 86' lang='lat' dir='ltr'><strong>Homerici</strong></span> <span class='ocrx_word' id='word_1_234' title='bbox 2211 3709 2485 3763; x_wconf 87' lang='lat' dir='ltr'><strong>versus</strong></span> 
     </span>
     <span class='ocr_line' id='line_1_32' title="bbox 190 3787 2482 3894; baseline 0.001 -28"><span class='ocrx_word' id='word_1_235' title='bbox 190 3791 626 3870; x_wconf 86' lang='lat' dir='ltr'><strong>declarant</strong></span> <span class='ocrx_word' id='word_1_236' title='bbox 683 3816 925 3894; x_wconf 88' lang='lat' dir='ltr'><strong>supra</strong></span> <span class='ocrx_word' id='word_1_237' title='bbox 982 3799 1199 3893; x_wconf 83' lang='lat' dir='ltr'><strong>(pag.</strong></span> <span class='ocrx_word' id='word_1_238' title='bbox 1253 3799 1405 3890; x_wconf 82' lang='grc'><strong>89)</strong></span> <span class='ocrx_word' id='word_1_239' title='bbox 1463 3788 1926 3887; x_wconf 85' lang='lat' dir='ltr'><strong>memorati,</strong></span> <span class='ocrx_word' id='word_1_240' title='bbox 2010 3812 2100 3863; x_wconf 84' lang='lat' dir='ltr'><strong>ex</strong></span> <span class='ocrx_word' id='word_1_241' title='bbox 2147 3787 2362 3867; x_wconf 85' lang='lat' dir='ltr'><strong>Iliad.</strong></span> <span class='ocrx_word' id='word_1_242' title='bbox 2415 3822 2482 3885; x_wconf 82' lang='grc' dir='ltr'><strong>υ,</strong></span> 
     </span>
     <span class='ocr_line' id='line_1_33' title="bbox 198 3891 2483 3980; baseline -0.003 -5"><span class='ocrx_word' id='word_1_243' title='bbox 198 3905 380 3977; x_wconf 73' lang='grc'><strong>807.</strong></span> <span class='ocrx_word' id='word_1_244' title='bbox 439 3906 623 3980; x_wconf 79' lang='grc'><strong>808.</strong></span> <span class='ocrx_word' id='word_1_245' title='bbox 745 3895 878 3975; x_wconf 88' lang='lat' dir='ltr'><strong>Ad</strong></span> <span class='ocrx_word' id='word_1_246' title='bbox 952 3898 1363 3974; x_wconf 87' lang='lat' dir='ltr'><strong>Venerem</strong></span> <span class='ocrx_word' id='word_1_247' title='bbox 1429 3894 1794 3971; x_wconf 89' lang='lat' dir='ltr'><strong>retulisse</strong></span> <span class='ocrx_word' id='word_1_248' title='bbox 1862 3891 2238 3969; x_wconf 90' lang='lat' dir='ltr'><strong>homines</strong></span> <span class='ocrx_word' id='word_1_249' title='bbox 2298 3917 2483 3969; x_wconf 90' lang='lat' dir='ltr'><strong>eam</strong></span> 
     </span>
     <span class='ocr_line' id='line_1_34' title="bbox 206 3993 2484 4100; baseline -0.002 -24"><span class='ocrx_word' id='word_1_250' title='bbox 206 4002 857 4100; x_wconf 83' lang='lat' dir='ltr'><strong>praedictionem</strong></span> <span class='ocrx_word' id='word_1_251' title='bbox 932 3998 1191 4075; x_wconf 83' lang='lat' dir='ltr'><strong>multa</strong></span> <span class='ocrx_word' id='word_1_252' title='bbox 1271 3998 1589 4077; x_wconf 84' lang='lat' dir='ltr'><strong>docent.</strong></span> <span class='ocrx_word' id='word_1_253' title='bbox 1722 3999 1839 4074; x_wconf 88' lang='lat' dir='ltr'><strong>Ita</strong></span> <span class='ocrx_word' id='word_1_254' title='bbox 1906 3997 1990 4072; x_wconf 91' lang='lat' dir='ltr'><strong>in</strong></span> <span class='ocrx_word' id='word_1_255' title='bbox 2056 3993 2484 4096; x_wconf 89' lang='lat' dir='ltr'><strong>Sophoclis</strong></span> 
     </span>
     <span class='ocr_line' id='line_1_35' title="bbox 209 4101 2483 4196; baseline -0.002 -14"><span class='ocrx_word' id='word_1_256' title='bbox 209 4106 662 4189; x_wconf 78' lang='lat' dir='ltr'><strong>Laocoonte</strong></span> <span class='ocrx_word' id='word_1_257' title='bbox 722 4101 1194 4196; x_wconf 83' lang='lat' dir='ltr'><strong>Anchisen,</strong></span> <span class='ocrx_word' id='word_1_258' title='bbox 1272 4109 1805 4180; x_wconf 78' lang='lat' dir='ltr'><strong>mandatorum</strong></span> <span class='ocrx_word' id='word_1_259' title='bbox 1873 4127 1927 4176; x_wconf 83' lang='lat' dir='ltr'><em>a</em></span> <span class='ocrx_word' id='word_1_260' title='bbox 2004 4103 2276 4176; x_wconf 79' lang='lat' dir='ltr'><strong>Venere</strong></span> <span class='ocrx_word' id='word_1_261' title='bbox 2346 4127 2483 4178; x_wconf 79' lang='lat' dir='ltr'><strong>ac-</strong></span> 
     </span>
     <span class='ocr_line' id='line_1_36' title="bbox 207 4200 2482 4318; baseline -0.004 -30"><span class='ocrx_word' id='word_1_262' title='bbox 207 4231 567 4318; x_wconf 75' lang='lat' dir='ltr'><strong>ceptorum</strong></span> <span class='ocrx_word' id='word_1_263' title='bbox 615 4234 1059 4297; x_wconf 79' lang='lat' dir='ltr'><strong>memorem</strong></span> <span class='ocrx_word' id='word_1_264' title='bbox 1078 4262 1100 4297; x_wconf 91' lang='lat'>‚</span> <span class='ocrx_word' id='word_1_265' title='bbox 1175 4203 1278 4282; x_wconf 89' lang='lat' dir='ltr'><strong>de</strong></span> <span class='ocrx_word' id='word_1_266' title='bbox 1332 4202 1520 4304; x_wconf 84' lang='lat' dir='ltr'><strong>fuga</strong></span> <span class='ocrx_word' id='word_1_267' title='bbox 1577 4205 1959 4303; x_wconf 84' lang='lat' dir='ltr'><strong>cogitare,</strong></span> <span class='ocrx_word' id='word_1_268' title='bbox 2029 4200 2482 4305; x_wconf 88' lang='lat' dir='ltr'><strong>filiumque,</strong></span> 
     </span>
     <span class='ocr_line' id='line_1_37' title="bbox 198 4305 2481 4408; baseline -0.003 -19"><span class='ocrx_word' id='word_1_269' title='bbox 198 4337 266 4403; x_wconf 70' lang='lat' dir='ltr'><strong>ut</strong></span> <span class='ocrx_word' id='word_1_270' title='bbox 301 4326 376 4407; x_wconf 69' lang='lat'><strong>1⁶„</strong></span> <span class='ocrx_word' id='word_1_271' title='bbox 427 4326 683 4408; x_wconf 65' lang='lat' dir='ltr'><strong>Idam</strong></span> <span class='ocrx_word' id='word_1_272' title='bbox 735 4342 846 4400; x_wconf 80' lang='lat' dir='ltr'><strong>se</strong></span> <span class='ocrx_word' id='word_1_273' title='bbox 909 4308 1359 4407; x_wconf 85' lang='lat' dir='ltr'><strong>reciperet,</strong></span> <span class='ocrx_word' id='word_1_274' title='bbox 1424 4307 1762 4407; x_wconf 88' lang='lat' dir='ltr'><strong>hortari,</strong></span> <span class='ocrx_word' id='word_1_275' title='bbox 1832 4305 2104 4386; x_wconf 82' lang='lat' dir='ltr'><strong>videas</strong></span> <span class='ocrx_word' id='word_1_276' title='bbox 2142 4305 2224 4382; x_wconf 91' lang='lat' dir='ltr'><strong>in</strong></span> <span class='ocrx_word' id='word_1_277' title='bbox 2271 4305 2481 4405; x_wconf 79' lang='lat' dir='ltr'><strong>frag-</strong></span> 
     </span>
     <span class='ocr_line' id='line_1_38' title="bbox 185 4410 2480 4544; baseline -0.001 -52"><span class='ocrx_word' id='word_1_278' title='bbox 185 4455 415 4525; x_wconf 67' lang='lat' dir='ltr'><strong>memo</strong></span> <span class='ocrx_word' id='word_1_279' title='bbox 455 4453 745 4544; x_wconf 67' lang='lat' dir='ltr'><strong>supra</strong></span> <span class='ocrx_word' id='word_1_280' title='bbox 805 4428 1052 4522; x_wconf 82' lang='lat' dir='ltr'><strong>(pag.</strong></span> <span class='ocrx_word' id='word_1_281' title='bbox 1094 4416 1232 4510; x_wconf 82' lang='lat'><strong>45)</strong></span> <span class='ocrx_word' id='word_1_282' title='bbox 1276 4425 1733 4492; x_wconf 86' lang='lat' dir='ltr'><strong>memorato</strong></span> <span class='ocrx_word' id='word_1_283' title='bbox 1779 4437 1874 4491; x_wconf 87' lang='lat' dir='ltr'><strong>ex</strong></span> <span class='ocrx_word' id='word_1_284' title='bbox 1896 4410 2220 4507; x_wconf 82' lang='lat' dir='ltr'><strong>Dionys.</strong></span> <span class='ocrx_word' id='word_1_285' title='bbox 2258 4413 2322 4507; x_wconf 84' lang='lat'><strong>1,</strong></span> <span class='ocrx_word' id='word_1_286' title='bbox 2359 4416 2480 4505; x_wconf 85' lang='grc'><strong>48,</strong></span> 
     </span>
    </p>

    <p class='ocr_par' dir='ltr' id='par_1_4' title="bbox 1952 4534 2069 4604">
     <span class='ocr_line' id='line_1_39' title="bbox 1952 4534 2069 4604; baseline 0 -16"><span class='ocrx_word' id='word_1_287' title='bbox 1952 4534 2069 4604; x_wconf 76' lang='lat'><strong>4*</strong></span> 
     </span>
    </p>
   </div>
  </div>
 </body>
</html>
