2882 5028
429 228 442 267 ς
472 259 479 266 ,

516 351 665 423 488

276 521 420 566 ²⁴?

284 564 389 628 ,τὲτῖ
420 580 421 586 ’

1000 346 1082 422 Ρ.
1138 345 1566 418 VIRGIL
1589 344 1675 416 11
1726 344 2285 454 MARNONIS

512 530 877 607 Hectoris
908 528 1475 606 Andromache
1505 528 1841 626 Pyrrhin
1884 529 2285 604 connubia
2322 542 2620 629 servas?

324 629 447 711 ’ἐξ-2
515 634 820 712 Deiecit
847 637 1193 729 voltum,
1236 647 1316 709 et
1347 633 1688 709 demissa
1724 656 1921 708 voce
1953 633 2218 708 locuta
2258 647 2409 711 est:
2610 645 2741 715 320

623 763 795 836 319.
851 757 1234 829 Pnumm'

327 910 419 974 *2⁹5
654 911 760 965 319
794 910 1215 962 Andromachae
1240 909 1459 960 Mentel.
1486 926 1573 978 pr.
1643 909 2068 960 Andromachen
2098 909 2337 960 nonnulli
2372 910 2472 962 iam
2519 928 2599 978 ap.
2638 911 2743 961 Pie-

338 983 399 997 ”’
519 980 687 1042 rium,
739 989 792 1030 et
817 979 971 1035 Leid.
997 980 1132 1041 duo,
1181 998 1261 1047 pr.
1302 980 1490 1031 Hamb.
1536 988 1591 1029 et
1627 981 1753 1030 Exc.
1796 980 1969 1032 Burm.
2015 988 2072 1028 ut
2112 980 2207 1029 sit:
2256 998 2397 1048 quae
2430 980 2595 1052 digna
2631 982 2743 1031 satc's

517 1054 772 1102 Fortuna
810 1051 1003 1100 revisit
1043 1051 1301 1101 Hectoris
1341 1048 1805 1101 Andromachen?
1877 1049 2088 1112 Pyrrlu'
2116 1058 2339 1117 quatuor
2379 1067 2464 1118 ap.
2502 1052 2659 1100 Burin.
2701 1059 2744 1098 et

304 1137 327 1185 j
349 1109 418 1148 '”‘·
518 1119 675 1174 Pirri
714 1118 820 1171 duo
867 1118 1032 1169 Goth.
1107 1119 1316 1185 Pyrrhi
1348 1137 1421 1169 an
1464 1137 1510 1168 c.
1552 1117 1756 1186 aliquot
1793 1115 2039 1168 Pieriani.
2110 1131 2296 1168 servat
2340 1119 2474 1170 Gud.
2517 1139 2547 1170 a
2581 1138 2641 1169 m.
2675 1135 2740 1184 pr.

300 1196 313 1204 ‘
374 1196 412 1212 ’·
522 1186 703 1239 Omnia
741 1187 1025 1239 deteriora.
1093 1186 1373 1255 vulgatam
1434 1187 1649 1238 exhibet
1699 1186 1857 1237 etiam
1899 1188 2085 1254 fragm.
2127 1187 2298 1237 Vatic.
2348 1187 2422 1255 (in
2465 1189 2746 1257 quo‘Pym'

521 1256 762 1325 quidem,
810 1275 849 1308 n
911 1267 1085 1307 tamen
1140 1254 1514 1338 superscripta.
1572 1257 1717 1323 Wr.)
1801 1255 1997 1307 Dubito
2046 1266 2222 1306 tamen
2262 1274 2330 1306 an
2378 1259 2450 1308 n'
2515 1258 2576 1308 ab
2619 1256 2741 1324 epico

561 1336 683 1377 oeta
719 1324 807 1376 sit.
878 1326 966 1392 (At
1008 1327 1251 1393 Pyrrhia
1297 1324 1488 1394 optimi
1528 1324 1650 1376 libri
1702 1325 1943 1387 firmant;
1991 1342 2089 1375 nec
2136 1338 2334 1377 tanton
2376 1330 2502 1377 Aen.
2546 1327 2611 1387 X,
2644 1327 2740 1379 668·

261 1432 330 1460 a
393 1427 401 1461 ς
581 1398 644 1457 11,
670 1396 794 1449 503.
831 1406 920 1445 aut
957 1395 1217 1447 mortalia
1251 1397 1374 1461 ΧΠ,
1408 1398 1536 1449 797.
1587 1396 1643 1445 in
1687 1395 2039 1463 suspicionem
2085 1394 2448 1445 adducendum
2485 1405 2617 1456 erat3
2658 1392 2741 1444 vid.

258 1485 333 1534 ς
373 1498 415 1536 .‘-
521 1465 716 1516 Nobbe
744 1464 811 1514 de
836 1464 1018 1515 metris
1049 1463 1233 1516 Catull.
1273 1467 1336 1516 11.
1378 1484 1432 1533 p.
1473 1468 1560 1518 21.
1630 1466 1744 1516 Nec
1787 1482 1966 1515 carere
2007 1480 2277 1533 possumus
2358 1464 2569 1516 articula
2605 1483 2664 1516 ne
2699 1462 2740 1511 in

521 1533 627 1586 hoc
668 1551 863 1601 genere
900 1533 1361 1600 interrogationis,
1420 1534 1543 1602 quin
1588 1533 1705 1603 ipsa
1745 1534 2004 1585 sententia
2044 1533 2312 1602 aliquantu
2339 1554 2421 1585 nm
2461 1534 2740 1588 immutetun
2796 1554 2804 1563 ·

420 1664 421 1669 ¹
522 1621 628 1654 non
660 1602 797 1653 enim
822 1602 924 1653 iam
943 1641 957 1665 ,
994 1603 1188 1654 omisso
1221 1622 1319 1666 ne,
1355 1603 1487 1654 haec
1516 1620 1625 1653 non
1652 1603 1945 1668 credentis,
1980 1622 2021 1654 s.
2047 1602 2194 1672 quasi
2219 1621 2326 1654 non
2358 1604 2638 1664 credentis,
2667 1599 2740 1651 sed

295 1668 337 1692 '⁴
436 1726 439 1730 ,
526 1671 848 1739 increpantis
881 1672 985 1723 erit
1011 1672 1199 1724 oratio.
1271 1674 1514 1723 Ceterum
1544 1672 1649 1724 vid.
1680 1675 1749 1726 V.
1779 1674 1837 1725 L.
1866 1674 1936 1725 ad
1959 1675 2053 1737 vl,
2077 1674 2198 1728 780.
2254 1675 2342 1725 W
2335 1673 2403 1741 r.)
2538 1674 2634 1728 320
2670 1671 2740 1721 di-

271 1749 301 1759 '‘
419 1786 421 1799 .
525 1744 693 1794 missa
724 1741 847 1807 alii,
883 1751 942 1793 ut
968 1741 1126 1794 solet.
1197 1741 1468 1795 submissa
1494 1744 1614 1793 Exc.
1640 1744 1812 1794 Burm.

522 1916 595 1929 —-
636 1885 840 1941 revisit
872 1895 928 1941 te
978 1880 1040 1943 h.
1103 1902 1153 1942 e.
1212 1892 1275 1943 te
1329 1883 1611 1964 respexit,
1697 1883 1852 1944 Male
1881 1882 2062 1961 igitur
2080 1882 2353 1962 Heynius
2375 1884 2552 1944 verba
2582 1898 2739 1959 „quae

524 1968 637 2027 tibi
667 1968 896 2047 obtigit.
948 1971 1054 2030 W
1043 1966 1173 2049 cll.)
1273 1972 1419 2035 319.
1465 1991 1614 2028 con-
1700 1970 1893 2047 digna
1928 1973 2075 2027 satis
2097 1969 2365 2065 sqrffmza
2402 1970 2634 2027 revisit“
2674 1965 2738 2060 ita

277 2070 281 2078 ·
318 2134 335 2158 .
447 2085 449 2088 ·
525 2053 713 2112 aubia
755 2075 957 2113 servas
979 2099 995 2129 ,
1079 2053 1335 2133 accipin,
1390 2065 1467 2115 ut
1508 2056 1617 2118 Gr.
1697 2055 2194 2134 interpretatur·-¹
2219 2076 2437 2129 „cum
2477 2053 2609 2112 illa
2641 2070 2740 2109 νι-

529 2133 899 2216 φυλοὶσσειν,
974 2160 1087 2220 pro
1153 2139 1338 2220 ἔχειν,
1412 2140 1489 2200 de
1526 2140 1615 2215 iis,

526 2224 744 2303 quibus
777 2233 1057 2284 tenemur
1114 2235 1177 2284 et
1224 2226 1473 2284 obnoxii
1511 2246 1617 2285 su—

527 2331 695 2386 mus;
751 2330 899 2388 pro,
976 2310 1360 2369 matrimonio
1414 2313 1622 2371 iuncta

527 2416 620 2470 es,
661 2394 919 2456 haberis.
1004 2397 1210 2455 Utitur
1248 2416 1398 2456 voce
1423 2396 1621 2458 hone-

528 2482 709 2541 stiore
739 2481 1039 2557 connubii,
1076 2501 1218 2542 vere
1248 2483 1424 2558 enim,
1454 2493 1617 2543 tam-

532 2588 713 2647 quam
733 2569 992 2648 captiva,
1024 2569 1292 2648 corporis
1319 2569 1410 2628 sui
1444 2589 1621 2628 usum

528 2654 890 2733 praebebat,
948 2654 1173 2733 pellicis
1230 2654 1329 2713 vel
1387 2675 1617 2713 concu-

528 2740 701 2799 binae
732 2740 892 2803 loco.
936 2739 1085 2819 (vid.
1134 2739 1207 2799 V.
1243 2740 1307 2798 L.
1348 2739 1428 2799 ad
1470 2733 1616 2799 Ae'n.

526 2826 572 2900 I,
615 2831 715 2890 73.
752 2834 909 2885 extr.
949 2860 1023 2870 -
1065 2827 1344 2890 Hectoris
1370 2828 1617 2885 Andro-

479 2936 488 2945 ·
526 2912 741 2970 mac-he
760 2956 778 2987 ,
843 2921 917 2971 ut
944 2914 1125 2970 Hora
1166 2911 1408 2987 Quirini
1454 2912 1618 2991 apud

530 2998 681 3056 Eun.
711 3018 843 3077 pag.
866 2995 968 3059 43.
995 2996 1136 3056 edit.
1163 2996 1387 3056 Hessel.
1435 2995 1614 3079 Wr.)

530 3083 748 3143 Versus
777 3081 1174 3162 pulcerrimus
1195 3080 1380 3142 habet
1401 3092 1617 3158 tamen,

525 3167 692 3246 quod
743 3166 1008 3226 offendat
1039 3191 1054 3225 2
1121 3168 1318 3245 Rogat
1370 3169 1617 3244 Aeneas,

223 3253 265 3293 '¹³
296 3239 304 3246 ¹
332 3240 369 3293 .''
400 3262 421 3294 ¹.
526 3274 604 3312 an
635 3251 874 3332 Pyrrho
899 3252 1108 3310 iuncta
1150 3253 1226 3310 sit
1271 3251 1617 3314 Androma-

527 3338 658 3398 che.
746 3337 933 3416 Atqui
967 3340 1112 3400 296.
1160 3337 1280 3397 iam
1341 3340 1619 3400 audierat

525 3424 757 3483 Heleno
790 3442 919 3481 eam
955 3424 1208 3482 cessisse.
1294 3423 1428 3484 Hoc
1469 3436 1616 3502 erat,

528 3530 639 3569 cur
676 3508 850 3567 illum
895 3528 1139 3568 versum
1185 3510 1451 3569 deletum
1494 3532 1618 3571 esse

527 3595 837 3656 volebam:
890 3594 1014 3652 Nec
1053 3596 1353 3673 succedit,
1413 3599 1464 3657 si
1523 3599 1614 3657 di-

524 3681 685 3740 xeris
713 3699 864 3738 esse:
892 3680 1039 3759 quid
1056 3682 1086 3741 '2
1111 3692 1184 3742 tu
1212 3704 1335 3742 non
1365 3685 1618 3764 amplius

526 3764 763 3845 Pyrrho
799 3766 1007 3826 iuncta
1049 3770 1153 3829 es'?
1241 3769 1482 3849 Quippe
1508 3790 1619 3829 nec

523 3852 711 3912 verba
767 3854 1138 3913 conveniunt
1194 3853 1339 3915 huic
1377 3865 1618 3914 senten-

522 3937 674 4013 tiae,
719 3957 831 3996 nec
868 3940 1167 3998 sententia
1205 3943 1619 4000 antecedenti-

521 4022 635 4082 bus
664 4024 961 4083 convenit.
1052 4022 1210 4106 (Non
1238 4036 1330 4085 est
1359 4025 1616 4087 haeren-

523 4109 671 4168 dum
696 4107 757 4168 h.
784 4110 854 4186 1.;
883 4129 1075 4186 neque
1106 4111 1263 4169 enim
1292 4110 1445 4171 haec
1470 4132 1615 4172 vera

522 4203 612 4252 est
646 4195 1067 4273 interrogatio,
1114 4194 1218 4254 sed
1250 4196 1455 4276 potius
1500 4199 1615 4258 do-

520 4279 665 4339 loris
701 4280 1088 4358 significatio,
1133 4283 1252 4340 iam
1281 4303 1390 4361 per
1418 4284 1614 4343 inter-

518 4365 834 4424 iectionem
866 4365 985 4423 heu
1029 4386 1113 4425 vs.
1165 4372 1308 4432 317.
1344 4367 1609 4428 indicati.

1702 2140 1978 2200 (leatur
2004 2140 2365 2216 meliore,
2409 2159 2608 2218 quam
2630 2152 2738 2215 pro

1704 2228 2078 2304 captivae
2120 2236 2341 2286 sorte
2376 2226 2568 2302 uti;“
2607 2241 2740 2280 com·

1705 2320 1955 2393 paratur
2004 2331 2111 2390 per
2175 2330 2243 2369 ea
2300 2312 2483 2372 verba
2533 2311 2738 2368 fortuna

1702 2398 1881 2477 primi
1909 2405 1968 2455 et
2013 2396 2260 2456 secundi
2305 2396 2582 2475 coniugii5
2629 2391 2740 2450 hinc

1704 2484 1901 2544 addit:
1960 2492 2137 2560 tune,
2213 2482 2489 2543 Hectoris
2538 2478 2735 2547 coniux,

1702 2571 1765 2629 in
1792 2568 2045 2650 Pyrrhi,
2091 2579 2152 2629 et
2196 2568 2426 2645 hostis,
2482 2576 2537 2626 et
2582 2562 2736 2625 multo

1704 2656 2015 2716 deterioris
2086 2656 2202 2716 viri
2229 2701 2247 2730 ,.
2340 2650 2737 2715 matrimonium

1702 2741 1951 2802 venisti!
1993 2741 2115 2800 Nec
2132 2742 2475 2801 dubitatum
2500 2751 2736 2815 umquam

1703 2828 1861 2886 soret
1919 2827 1993 2885 de
2062 2828 2359 2887 sententia
2414 2827 2581 2886 huius
2630 2817 2735 2887 loci,

1703 2913 1819 2972 nisi
1843 2914 2126 2972 Praesens
2165 2913 2343 2972 Verbi
2387 2932 2608 2983 seru-as,
2659 2921 2733 2962 oe·

1703 2999 1984 3078 teroquin
2012 3009 2176 3058 recte
2208 3000 2285 3058 ab
2315 2997 2541 3078 Heynio
2578 2989 2733 3069 expli-

1704 3085 1821 3144 cati
1841 3129 1856 3157 ‚
1916 3107 1950 3142 a
1995 3105 2143 3145 vero
2189 3082 2504 3145 aberrandi
2540 3092 2732 3137 causam

1700 3171 2084 3251 praebuisset.
2204 3171 2340 3231 Alio
2396 3166 2563 3229 modo
2617 3161 2733 3221 haec

1701 3256 1983 3335 expedire
2027 3257 2265 3316 studuit
2309 3253 2609 3316 Weichert.
2653 3246 2731 3304 De

1712 3344 1781 3403 V
1776 3364 1911 3401 erss.
1950 3345 2175 3402 inim-ia
2222 3353 2470 3421 suspect.
2511 3354 2624 3417 pag.
2666 3329 2729 3392 83

1699 3449 1787 3507 sq.
1839 3425 2015 3509 lsVr.)
2643 3502 2652 3512 ι

1718 3564 1720 3566 -
1790 3518 1915 3577 320
1955 3534 2080 3591 sqq.
2153 3512 2363 3571 Artem
2404 3517 2596 3590 poetae
2638 3515 2729 3560 nam
2769 3509 2777 3517 ‘

1702 3599 2000 3678 Scaligero
2049 3598 2131 3656 111
2172 3600 2336 3657 Pnet.
2404 3595 2478 3659 14
2529 3591 2727 3662 aliisque

1704 3685 2076 3743 observatam
2095 3684 2266 3743 facile
2279 3679 2597 3758 assequeris.
2626 3671 2725 3730 An-

1704 3769 2056 3843 dromache,
2114 3780 2274 3828 casta
2313 3779 2375 3826 et
2428 3764 2619 3845 pudica
2658 3756 2723 3814 st·

1701 3856 1894 3930 mina,
1940 3855 2175 3932 virique
2202 3853 2609 3921 amantissima,
2631 3857 2723 3900 1¹⁰⁰

1706 3942 1815 4000 nisi
1840 3962 1950 4021 per
1982 3942 2251 4020 ambages
2275 3936 2590 4017 respondet.
2633 3926 2721 3985 ΓΘ·

1702 4027 1874 4086 licem
1901 4028 2208 4105 praedicat
2225 4026 2587 4103 Polyxenam,
2605 4024 2720 4091 ΨΜ

1702 4113 1779 4171 ad
1816 4112 2060 4172 Achillis
2100 4113 2399 4173 tumulum
2439 4125 2586 4167 caesa
2621 4114 2722 4155 δεῖ*

1701 4199 1954 4257 vitutem
1973 4210 2167 4258 morte
2185 4220 2229 4256 an
2244 4193 2568 4256 iteverterit.
2593 4183 2718 4276 H?ec

1696 4283 2032 4363 praemittit
2060 4285 2130 4343 iis
2166 4305 2227 4361 qt
2249 4301 2316 4341 ae
2350 4279 2421 4337 de
2453 4298 2508 4337 se
2532 4277 2716 4349 0⁸1)ssss

1698 4389 1730 4426 a
1787 4370 2018 4429 victore
2074 4372 2139 4429 in
2191 4366 2486 4447 anplexus
2523 4357 2717 4428 παίω
