2882 5028
443 350 675 424 '240
1026 333 1953 412 EXCURSUS
2064 333 2268 406 XII

1019 603 1968 695 EXCURSUS
2088 601 2294 687 XII
2692 634 2697 646 ·
2852 604 2855 669 ²

1279 774 1532 842 Pius
1600 776 2027 842 Aeneas.
2836 700 2851 865 1

698 955 758 1029 1,
803 954 947 1017 378.
991 952 1139 1013 379.
1226 948 1375 1005 Sum
1410 951 1560 1026 piem
1601 947 1879 1021 Aeneas,
1926 956 2132 1022 raptos
2174 946 2283 1023 qui
2324 964 2399 1001 ex
2449 943 2613 1002 hoste
2652 944 2752 1000 Pe-

531 1053 701 1100 nates
751 1040 957 1098 Classe
998 1035 1148 1094 veho
1184 1054 1418 1092 mecum
1436 1077 1456 1109 ,
1498 1033 1696 1113 sama
1752 1053 1934 1110 super
1984 1029 2228 1089 aethera
2282 1041 2476 1090 nome.
2573 1027 2754 1088 Notati

531 1125 597 1186 hi
643 1145 851 1185 versus
866 1167 884 1198 ,
942 1120 1107 1200 quod
1154 1118 1383 1179 Aeneas
1446 1119 1672 1198 egregie
1721 1136 1783 1175 se
1830 1117 2027 1197 ipsum
2070 1115 2469 1176 commendat.
2578 1116 2754 1189 Recte,

535 1210 758 1272 nostris
797 1208 1064 1269 moribus
1113 1205 1161 1265 si
1200 1224 1330 1264 rem
1375 1205 1646 1263 aestimes
1655 1225 1673 1281 3
1728 1222 1927 1278 secus,
1978 1202 2026 1261 si
2069 1201 2352 1279 heroicis3
2406 1210 2480 1262 ut
2523 1221 2598 1261 ex
2644 1209 2754 1261 toto

533 1298 800 1357 Homero
842 1292 984 1352 satis
1014 1299 1265 1351 constat.
1366 1290 1657 1371 Exempla
1692 1290 1949 1348 aliorum
1986 1308 2045 1347 v.
2093 1308 2186 1367 ap.
2221 1288 2486 1348 Pierson.
2511 1288 2755 1349 Verisim-

536 1405 595 1464 p.
650 1386 803 1448 206:
867 1377 1023 1438 adde
1068 1375 1387 1457 Spencium
1409 1373 1529 1457 (in
1583 1379 1783 1454 Essay
1829 1396 1908 1433 on
1953 1375 2180 1452 Pope's
2231 1375 2498 1453 Odys-say
2538 1375 2599 1433 P.
2633 1374 2671 1433 Ι.
2707 1392 2756 1452 p.

537 1465 669 1546 52).
766 1465 881 1526 Hie
938 1465 1066 1543 ipse
1116 1482 1327 1523 versus
1379 1480 1459 1521 ex
1507 1460 1773 1522 Homero
1825 1459 2223 1519 adumbratus
2268 1460 2487 1540 Odyss.
2559 1485 2611 1538 ι,
2677 1462 2757 1522 19.

537 1554 776 1633 Ulysses
824 1550 989 1631 apud
1031 1548 1378 1609 Alcinoum:
1423 1541 1581 1628 Etp’
1617 1541 1903 1620 Ὀδυσεῦς
1940 1539 2344 1628 Λαερτιάδης,
2388 1541 2459 1619 ὃς
2497 1550 2644 1609 πᾶσι
2673 1538 2757 1606 δό-

540 1629 1197 1718 ὲυισινιᾍνθροὶποισι
1232 1634 1391 1716 μέλω
1438 1629 1641 1713 (came
1672 1645 1728 1692 et
1766 1632 2090 1708 honpmtus
2128 1653 2262 1690 sum
2292 1644 2550 1710 propter
2589 1651 2756 1708 saga-
2850 1588 2856 1763 4

538 1727 780 1787 citatem
826 1723 1207 1780 consiliorum
1257 1724 1322 1779 in
1369 1741 1432 1778 re
1481 1716 1723 1800 bellica)
1775 1717 1882 1780 καί
1934 1739 2045 1798 μευ
2103 1716 2275 1790 κλέος
2328 1711 2600 1795 οὐρανόν
2644 1718 2756 1779 ἵκει.

520 1811 719 1890 sama
767 1828 949 1885 super
998 1805 1242 1864 aethera
1296 1817 1503 1877 notus,
1583 1823 1660 1863 ex
1710 1803 1980 1884 poeticae
2036 1802 2320 1862 orationis
2374 1804 2582 1882 genio,
2632 1799 2759 1862 nihil

540 1894 708 1954 aliud
750 1913 931 1972 quam
969 1891 1352 1970 simpliciter,
1402 1889 1633 1949 celeber
1671 1898 1731 1948 et
1769 1889 2048 1968 inclytus.
2134 1888 2434 1968 Inclytum
2482 1900 2672 1949 autem
2703 1907 2759 1944 ac

540 1989 756 2041 notum
798 1997 858 2038 se
890 1976 1323 2036 calamitatibus
1349 1976 1472 2035 suis
1508 1975 1741 2049 dicere,
1782 1976 1980 2055 minus
2014 1973 2198 2034 habet
2236 1974 2576 2035 offensionis
2607 1973 2759 2038 etiam

542 2065 766 2126 nostris
820 2062 1121 2138 moribus3
1175 2071 1239 2121 et
1275 2060 1520 2141 pietatis
1562 2061 1787 2121 menfie
1835 2063 1989 2120 sacta
2037 2059 2352 2121 hominum
2406 2062 2632 2122 animos
2670 2060 2759 2118 be-

543 2150 792 2210 nevolos
833 2149 944 2229 ipsi
984 2148 1238 2207 reddere
1274 2156 1535 2227 poterat.
1622 2147 1846 2209 Verum
1891 2156 1954 2206 et
1989 2151 2152 2226 pius,
2196 2157 2271 2206 ut
2303 2148 2551 2207 omnino
2580 2149 2638 2207 in
2665 2145 2759 2203 Ae-

543 2236 752 2312 neide,
805 2244 1164 2315 perpetuum
1205 2242 1297 2293 est
1337 2233 1569 2292 Aeneae
1610 2234 2000 2312 attributum,
2046 2234 2211 2311 quod
2227 2278 2244 2308 ,
2289 2232 2611 2294 Homerico
2650 2252 2760 2290 mo-

542 2308 639 2398 re,
682 2320 927 2402 proprio
969 2319 1198 2379 nomini
1237 2328 1543 2397 tamquam
1586 2318 1752 2377 aliud
1791 2320 2107 2400 proprium
2151 2319 2520 2397 adiungitur.
2603 2319 2691 2378 Sic
2716 2323 2762 2374 et

538 2421 721 2487 pater
758 2408 1027 2481 Aeneas,
1078 2404 1243 2484 quod
1283 2405 1621 2484 antiquiore
1655 2424 1929 2464 sermone
1969 2405 2218 2465 honoris
2251 2405 2617 2465 vocabulum
2651 2402 2764 2474 fuit,

478 2510 483 2516 ’
546 2514 619 2553 ac
650 2492 1017 2554 reverentiae
1057 2490 1422 2571 amorisque,
1465 2490 1737 2571 inprimis
1765 2491 2001 2571 regibus
2040 2492 2361 2555 tributum.
2445 2492 2549 2552 Sic
2579 2490 2763 2570 odyn.

546 2587 617 2655 θ,
666 2579 786 2644 145
832 2579 988 2653 ξεῖνε
1032 2572 1238 2658 πάτερ.
1325 2578 1476 2636 Cum
1516 2586 1717 2637 autem
1743 2580 1996 2656 pietatis
2042 2579 2212 2639 notio
2243 2587 2370 2637 tam
2406 2578 2531 2638 late
2561 2583 2763 2661 pateat:

548 2664 757 2744 quaeri
801 2672 1036 2743 potest,
1092 2684 1212 2742 quo
1270 2664 1514 2723 tandem
1562 2683 1740 2722 sensu
1782 2674 1960 2743 poeta
2013 2664 2213 2744 accipi·
2258 2664 2546 2725 voluerit.
2647 2660 2766 2721 Fuit

547 2752 708 2811 enim
749 2748 977 2809 Aeneas
1009 2753 1159 2828 pius·
1194 2752 1262 2808 in
1292 2762 1573 2828 patrem.-
1618 2749 1782 2808 unde
1815 2748 2077 2825 111‚·481
2126 2751 2201 2810 de
2238 2748 2530 2810 Anchise:
2574 2748 2767 2829 eseli-2·

548 2839 684 2924 ςιαιί
716 2838 981 2914 pietatm
1027 2835 1144 2894 suit
1187 2838 1252 2892 in
1274 2835 1525 2910 filimn,
1575 2838 1640 2893 in
1671 2839 1979 2912 patriam,
2028 2839 2096 2895 in
2140 2838 2300 2896 deve.
2403 2837 2639 2896 Scilicet
2672 2833 2771 2893 hoc

548 2923 762 2983 ultimo
818 2928 1091 3000 respectu
1143 2920 1340 2980 dictus
1389 2931 1480 2981 est
1528 2923 1675 2999 pius
1735 2940 1772 2978 a
1814 2931 2024 3001 poeta,
2086 2917 2415 3003 θεοσεβής,
2465 2921 2769 3001 religiosus.

551 3009 782 3068 Docent
835 3005 955 3066 hoc
1003 3005 1288 3065 adiuncta
1306 3051 1321 3081 ,
1378 3005 1446 3066 h.
1499 3006 1792 3084 l.‘raptos
1828 3010 1937 3086 qui
1975 3029 2049 3065 ex
2089 3007 2253 3067 hoste
2299 3011 2561 3067 Penates
2607 3007 2773 3065 clane

551 3093 702 3152 veho
748 3113 1015 3167 mecum,
1064 3091 1187 3151 Lib.
1229 3092 1316 3167 ΙΙ,
1364 3095 1507 3158 691.
1538 3094 1800 3170 Iupiter,
1855 3093 2103 3171 adspice
2143 3115 2252 3151 nos
2273 3137 2290 3168 ,
2338 3105 2428 3169 et,
2477 3097 2536 3152 si
2570 3095 2772 3172 pietate

551 3198 860 3252 meremur,
911 3179 1024 3236 Da
1056 3176 1267 3235 deinde
1295 3178 1617 3236 azaz-iliscm.
1704 3178 2036 3254 Convenit,
2081 3179 2248 3257 quod
2281 3179 2345 3238 in
2391 3179 2665 3239 omnibus
2687 3193 2773 3235 re-

550 3264 666 3322 bus
707 3262 953 3321 monitis
996 3261 1247 3321 deorum
1288 3262 1692 3342 obtemperat;
1748 3273 1809 3322 et
1854 3264 2050 3343 primo
2092 3266 2258 3340 loco,
2320 3263 2467 3342 boc,
2526 3262 2684 3344 quod
2722 3261 2774 3318 in

552 3347 818 3409 Homero
866 3347 936 3409 11.
987 3371 1055 3423 v,
1103 3351 1247 3412 298.
1296 3351 1356 3412 9.
1403 3348 1470 3406 in
1520 3347 1798 3408 laudibus
1837 3351 2071 3410 Aeneae
2119 3371 2197 3410 ex
2237 3350 2504 3431 Neptuni
2546 3367 2776 3432 persona

554 3434 746 3515 pietas
789 3442 1186 3492 memoratur:
1241 3431 1637 3517 κεχαρισμένα
1681 3429 1748 3497 δ’
1787 3436 1907 3498 αἰεὶ
1949 3437 2131 3516 δῶρα.
2167 3444 2368 3500 θεοῖσι
2413 3438 2659 3512 δίδωσι,
2699 3429 2778 3495 τοὶ

556 3513 829 3600 οὐρανόν
886 3513 1072 3598 εὐρύν
1115 3518 1333 3598 ἔχουσι.
1446 3520 1596 3577 Cum
1653 3521 1875 3600 pietate
1912 3521 2141 3582 iustitia
2189 3521 2458 3601 iungitur
2501 3523 2615 3585 ins.
2654 3517 2776 3588 544.

554 3605 701 3676 545.
788 3604 969 3678 Quod
1011 3615 1212 3664 autem
1263 3605 1326 3664 iu
1366 3605 1723 3680 Penatibus,
1770 3607 1844 3665 de
1887 3608 2106 3685 quibus
2157 3630 2216 3668 v.
2263 3609 2409 3672 Exc.
2453 3610 2545 3668 lx
2584 3607 2659 3666 ad
2693 3604 2777 3663 lib.

554 3692 643 3768 11,
687 3711 837 3770 quos
890 3710 1092 3749 secum
1131 3689 1500 3768 abduxerat,
1554 3690 1783 3751 Aeneas
1826 3693 2119 3773 inprimis
2145 3695 2461 3774 gloriatur,
2506 3694 2591 3753 ad
2628 3699 2778 3751 vete-

553 3796 685 3837 rem
723 3775 1069 3855 religionem
1110 3777 1388 3855 pertinet.
1489 3776 1772 3837 Nondum
1815 3778 2015 3837 excisa
2050 3780 2228 3860 plane
2271 3789 2329 3838 et
2377 3800 2585 3840 eversa
2629 3775 2781 3838 vide—

554 3863 738 3922 batur
783 3882 936 3941 resp.
976 3862 1391 3941 superstitibus
1439 3862 1642 3922 adhuc
1691 3863 1805 3923 diis
1857 3865 2219 3926 tutelaribus
2264 3886 2368 3925 seu
2413 3866 2653 3946 patriis,
2693 3881 2781 3920 eo-

555 3966 809 4025 rumque
847 3947 1003 4006 vasis
1043 3956 1106 4006 et
1148 3949 1326 4007 sacris
1354 3949 1790 4008 instrumentis.
1877 3950 2001 4024 Qui
2039 3951 2102 4011 in
2141 3953 2432 4012 coloniam
2477 3950 2782 4011 mitteban-

555 4043 694 4109 tur,
736 4053 905 4091 sacra
944 4034 1339 4113 metropoleos
1373 4054 1514 4093 suae
1559 4053 1760 4094 secum
1786 4035 2199 4098 abducebant.
2286 4039 2348 4097 Si
2396 4058 2600 4112 sacra,
2645 4035 2703 4095 h.
2742 4050 2782 4089 e-

558 4118 641 4179 dii
686 4117 867 4200 patrii
914 4126 972 4175 et
1009 4139 1217 4179 eorum
1267 4120 1577 4195 utensilia,
1625 4130 1821 4192 essent
1860 4129 1983 4181 seu*
2019 4124 2081 4183 vi
2124 4144 2229 4183 seu
2270 4125 2480 4185 fraude
2531 4131 2593 4182 et
2637 4123 2783 4181 furto

555 4204 787 4281 ablata,
835 4203 1182 4282 gravissima
1239 4206 1540 4264 calamitas
1596 4225 1664 4265 ea
1714 4206 2066 4269 habebatur.
2179 4211 2261 4269 Ut
2316 4210 2458 4269 deos
2504 4210 2785 4275 elicerent,

553 4291 658 4371 qui
705 4290 915 4351 urbem
965 4291 1424 4370 oppugnabant,
1467 4302 1574 4351 aut
1620 4301 1689 4351 ut
1734 4292 1876 4352 deos
1917 4295 2175 4354 vinculis
2213 4296 2501 4374 ligarent,
2553 4294 2655 4373 qui
2690 4291 2786 4351 ob-

552 4375 786 4437 sidione
846 4377 1015 4455 gravi
1068 4377 1533 4458 premebantur,
1589 4376 1667 4437 ad
1725 4379 1975 4440 eandem
2043 4381 2387 4460 religionem
2428 4377 2786 4462 pertinebat.
