2882 5028
402 270 497 343 14
983 262 1909 357 DISQUISITIO
2014 266 2051 340 Ι

398 450 678 553 quod
657 474 919 550 ipsum
965 453 1369 526 Homerus
1413 464 1547 526 aut
1597 449 1794 527 vidit
1830 465 1964 527 aut
2013 452 2290 549 sensit,
2332 476 2517 530 cum
2560 477 2661 529 ex

394 568 571 631 toto
619 552 807 629 belli
855 555 1179 631 Troiani
1244 554 1588 631 decursu
1644 579 1903 630 unum
1949 555 2324 649 heroem,
2390 581 2657 635 unum

394 657 735 751 factum,
819 656 1138 755 selegit,
1220 657 1575 758 ideoque
1632 657 1963 733 infinitis
2024 658 2189 734 aliis
2253 660 2492 736 rebus
2558 685 2656 736 ex

398 762 619 839 istius
665 717 855 837 b'elli
910 760 1234 839 historia
1292 760 1391 837 ad
1437 761 1987 839 exornandum
2037 776 2118 838 et
2162 761 2656 864 amplifican-

399 860 600 942 dum
652 878 1213 964 argumentum
1256 877 1475 941 recte
1515 867 1632 941 uti
1681 867 1962 987 potuit.
2068 870 2242 943 Hoc
2283 891 2451 942 uno
2500 891 2653 943 suo

399 969 690 1046 iudicio
736 968 1077 1070 plurima
1118 967 1512 1069 praeclara
1561 970 1929 1044 carminis
1969 970 2088 1044 sui
2134 970 2519 1092 praesidia
2570 986 2657 1047 et

396 1072 850 1149 uberrimos
889 1068 1191 1148 fructus
1219 1072 1401 1149 tulit
1438 1076 1686 1150 Maro,
1788 1077 1972 1159 Non
2020 1098 2275 1149 novus
2310 1087 2391 1151 et
2421 1075 2656 1171 igno-

397 1190 523 1252 tus
573 1189 691 1252 est
745 1175 1180 1253 lectoribus
1245 1199 1521 1251 rerum
1564 1178 2000 1276 priscarum
2067 1179 2341 1253 notitia
2393 1177 2654 1279 aliqua

399 1280 724 1357 imbutis
756 1279 1037 1377 heros,
1100 1279 1320 1357 cuius
1364 1277 1524 1354 fata
1570 1278 1702 1355 ille
1742 1280 2098 1381 exponit,
2170 1305 2323 1356 nec
2371 1283 2656 1357 Troia-

398 1408 695 1462 norum
748 1405 1051 1461 nomen
1124 1407 1212 1458 ac
1261 1381 1582 1458 fortuna
1642 1397 1806 1459 tam
1847 1383 2222 1481 obscura,
2296 1386 2485 1486 quin
2550 1384 2654 1460 ab

398 1489 622 1564 initio
657 1489 917 1564 statim
947 1486 1458 1562 miseratione
1474 1485 1933 1563 afficiamur
1960 1500 2040 1563 et
2059 1488 2362 1563 virtutis
2396 1488 2656 1564 admi-

395 1593 727 1669 ratione.
838 1596 1202 1667 Deorum
1264 1603 1533 1665 autem
1594 1590 2124 1689 interventus,
2183 1593 2516 1667 Iunonis
2571 1605 2655 1668 et

401 1694 738 1774 Veneris
795 1693 957 1770 irae
1009 1706 1090 1769 et
1151 1692 1456 1788 studia,
1527 1718 1617 1768 ac
1668 1707 1931 1795 partes
1991 1694 2082 1769 iis
2151 1694 2656 1788 tribuendae,

402 1799 715 1897 egregie
767 1810 991 1874 erant
1043 1797 1202 1875 iam
1252 1797 1350 1872 ab
1389 1801 1750 1874 Homero
1801 1796 2197 1878 definitae.
2305 1798 2653 1894 Quando

400 1905 665 2004 itaque
702 1904 966 2002 primo
1012 1901 1272 1976 statim
1311 1900 1687 1977 Aeneidis
1726 1902 2082 1999 ingressu
2130 1903 2457 1977 Iunonis
2498 1931 2655 1979 me-

397 2034 562 2083 mor
608 2012 767 2100 ira,
839 2012 1270 2103 irarumque
1323 2031 1672 2093 caussae,
1738 2013 2082 2104 saevique
2129 2013 2430 2082 dolores
2474 2031 2656 2083 me·-

339 2205 343 2213 ,
397 2121 852 2187 morantur·
905 2106 1089 2184 odia
1115 2108 1457 2184 Iunonia
1505 2132 1596 2182 ex
1632 2112 1994 2185 Homero
2029 2115 2290 2184 statim
2332 2134 2654 2186 succur-

399 2226 590 2290 runt
616 2208 912 2309 legenti
944 2224 1025 2287 et
1051 2212 1209 2286 iam
1241 2211 1338 2287 ab
1378 2211 1601 2287 initio
1634 2235 1958 2310 gravem
1997 2213 2101 2289 de
2130 2217 2449 2291 Aeneae
2482 2211 2656 2289 for-

398 2331 591 2394 tuna
621 2314 1240 2392 sollicitudinem
1269 2315 1731 2415 iniiciunt*).

602 2422 810 2499 V111.
846 2424 1140 2495 Poetae
1169 2417 1599 2495 sollertiam
1632 2433 1711 2496 et
1739 2422 2074 2495 acumen
2107 2421 2345 2496 etiam
2377 2422 2459 2496 in
2490 2419 2656 2497 hoc

399 2525 734 2646 spectari
757 2523 987 2620 vole,
1042 2522 1267 2624 quod
1297 2546 1467 2599 non
1500 2523 1757 2600 modo
1805 2549 1897 2599 ex
1926 2525 2418 2601 nobilissima
2448 2527 2656 2603 anti-
2699 2610 2714 2618 -

401 2628 718 2752 quitatis
741 2640 1000 2729 parte,
1058 2626 1309 2729 qualis
1341 2651 1616 2703 rerum
1650 2628 2116 2703 Troicarum
2161 2644 2314 2728 est,
2366 2652 2657 2706 verum

403 2733 644 2816 etiam
678 2755 771 2810 ex
799 2756 897 2811 eo
935 2745 1396 2858 temporum
1443 2732 1774 2809 articulo
1814 2733 2188 2814 Aeneidis
2225 2756 2659 2833 argumen—

397 2851 575 2940 tum
611 2838 862 2935 duxit,
918 2839 1054 2940 qui
1087 2839 1289 2913 intra
1318 2862 1762 2940 paucorum
1796 2860 2192 2914 annorum
2224 2837 2658 2915 decursum

399 2944 811 3042 ingentem
855 2942 1017 3021 vim
1065 2942 1484 3022 illustrium
1525 2940 1974 3018 facinorum
2021 2965 2110 3017 ac
2160 2941 2658 3017 memorabi-

401 3047 602 3125 lium
688 3070 1009 3122 casuum
1099 3047 1821 3146 conversionesque
1895 3070 2171 3122 rerum
2247 3044 2658 3121 mirabiles

403 3175 589 3227 cum
640 3149 1012 3227 Graeciae
1060 3162 1141 3225 ct
1178 3150 1403 3225 Asiae
1460 3163 1634 3225 tum
1673 3148 1940 3225 Italiae
2014 3147 2652 3249 comprehendit.

397 3259 601 3334 Nam
635 3252 890 3330 exciso
925 3252 1071 3330 llio
1120 3251 1274 3328 dici
1298 3252 1421 3327 vix
1451 3265 1756 3353 potest,
1814 3266 2314 3353 quantopere
2346 3253 2655 3353 ubique

399 3353 806 3435 turbatum
872 3358 991 3437 sit.
1095 3356 1299 3436 Victi
1360 3357 1863 3458 victoresque
1934 3355 2036 3432 ad
2103 3381 2348 3432 novas
2418 3354 2656 3433 sedes

402 3458 898 3563 quaerendas
950 3485 1098 3562 per
1160 3473 1426 3536 totum
1505 3473 1898 3536 terrarum
1968 3461 2256 3536 orbem
2321 3460 2655 3561 dispersi

399 3564 1040 3663 vagabanturfflq,
1096 3577 1181 3640 et
1212 3587 1485 3640 versus
1525 3563 2029 3640 occidentem
2069 3565 2443 3660 maxime,
2512 3564 2654 3685 qui

400 3680 567 3744 tam
592 3691 876 3768 parum
930 3667 1192 3743 adhuc
1226 3666 1544 3744 Graecis
1572 3681 1811 3744 notus
1855 3681 2062 3764 erat,
2113 3682 2207 3744 ut
2236 3668 2548 3745 Circes
2526 3692 2654 3741 m-

402 3771 659 3849 sulam
699 3770 1088 3868 (Circeios
1129 3772 1361 3870 Latii)
1402 3796 1551 3873 pro
1599 3771 1966 3848 extremis
1998 3772 2429 3848 occidentis
2466 3768 2656 3848 fini-

400 3875 552 3952 bus
581 3872 920 3973 habere,
973 3889 1055 3953 et
1086 3874 1187 3953 ad
1223 3872 1423 3952 haec
1448 3874 1645 3973 loca,
1699 3889 2106 3977 tamquam
2134 3875 2531 3976 incognita
2570 3889 2653 3952 et

572 4134 629 4219 *)
679 4137 846 4196 Cous.
891 4136 1141 4197 Excurs.
1185 4135 1261 4197 1*
1303 4134 1385 4196 ad
1420 4134 1524 4196 lib.
1566 4135 1612 4196 1.

571 4219 663 4304 ”)
709 4222 985 4301 Egregius
1014 4231 1105 4283 est
1137 4241 1269 4282 eam
1308 4223 1374 4282 in
1418 4241 1547 4282 rem
1605 4221 1913 4281 Strabonis
1951 4220 2119 4281 locus
2161 4222 2262 4283 lib.
2294 4223 2339 4299 1,
2382 4243 2442 4304 p.
2472 4221 2557 4289 48
2583 4226 2652 4301 B,

400 4317 463 4370 et
486 4307 589 4370 lib·
614 4308 713 4385 Iu,
755 4329 815 4389 Po
853 4309 974 4375 ¹50
996 4308 1067 4368 A·
