2882 5028
523 356 676 429 714
1142 344 2171 420 EXCURSUSI

522 541 648 601 eius
693 536 959 599 continui
999 557 1107 616 per
1150 537 1352 617 plures
1396 536 1556 608 dies,
1611 536 1686 595 ob
1725 535 1842 594 hoc
1883 533 2078 613 ipsum
2137 534 2279 593 dieti
2332 532 2535 592 etesiae.
2602 527 2680 588 Vi·

523 626 742 684 dentur
783 623 845 683 hi
889 623 1071 681 iidem
1112 623 1325 698 fuisse,
1375 623 1478 702 qui
1522 621 1851 680 Menelaum
1900 621 2018 678 XX
2062 619 2187 677 dies
2240 620 2312 679 ad
2352 618 2578 678 Pharum
2611 631 2683 672 re-

521 711 792 769 tinebant
833 709 1047 787 Odyss.
1106 710 1160 783 δ,
1218 713 1361 774 860.
1461 707 1567 766 His
1627 708 1819 765 ventis
1876 705 2009 784 quis
2066 707 2317 767 miretur
2373 724 2489 778 eos,
2539 699 2620 778 qui
2660 719 2685 755 a

520 795 755 855 Troade
814 795 1121 853 Graeciam
1179 795 1275 852 vel
1335 793 1564 852 Italiam
1622 802 1931 871 peterent,
2006 811 2214 850 versus
2272 790 2487 850 Africae
2530 785 2685 843 litter!

517 880 798 961 propelli!
884 880 1091 957 ltaque
1134 878 1393 938 Graecos
1436 900 1471 937 a
1516 879 1692 937 Troia
1737 880 2017 952 reduces,
2062 898 2197 935 cum
2241 877 2448 935 Maleas
2485 873 2687 931 circum-

516 966 670 1027 vecti
743 974 1093 1044 tempestate
1162 985 1194 1022 a
1270 985 1453 1024 cursu
1525 964 1735 1022 deiecti
1789 972 2018 1037 essent,
2078 982 2281 1022 omnes
2333 964 2451 1022 sere
2501 955 2566 1015 ad
2611 954 2687 1013 hu

516 1060 714 1131 partes
774 1061 937 1109 actos
995 1068 1118 1109 esse
1187 1049 1408 1109 videas.
1510 1049 1809 1117 Menelaus
1873 1048 2113 1126 quidem
2190 1048 2509 1128 Aegyptum
2565 1039 2687 1114 ίᾶἰὶῑ,

515 1136 557 1196 l.
619 1157 669 1195 c.
727 1144 788 1195 et
844 1135 1057 1215 Odyss.
1112 1159 1168 1216 y,
1224 1139 1352 1200 800
1365 1156 1384 1210 3
1447 1135 1612 1193 Paris
1667 1144 1728 1193 et
1781 1133 1939 1192 hanc
1993 1144 2050 1192 et
2102 1132 2460 1208 Phoenicen,
2511 1128 2687 1205 Elyma

515 1219 996 1301 Lotophagofum
1039 1221 1291 1280 insulam
1336 1220 1396 1278 in
1440 1220 1660 1299 Libyae
1702 1220 1939 1294 littore,
1995 1219 2360 1298 Meningem,
2420 1239 2477 1278 v.
2526 1211 2688 1290 Odya

516 1330 561 1384 ι,
604 1310 687 1371 80
714 1327 840 1385 sqq.
925 1306 1105 1386 Apud
1148 1305 1533 1384 Apollonium
1576 1307 1752 1365 etiam
1797 1307 1954 1384 Argo
1997 1325 2071 1364 ex
2114 1306 2281 1365 lonio
2335 1304 2481 1364 mari
2534 1314 2690 1358 verm

513 1392 749 1452 Africae
794 1392 1002 1452 littora
1044 1391 1395 1472 proripitur.
1482 1392 1545 1451 Si
1586 1392 1789 1469 itaque
1817 1390 2092 1468 Virgilius
2134 1401 2454 1451 ventorum
2485 1393 2689 1455 naturas,

511 1488 822 1559 poetarum
868 1477 1202 1555 exemplum
1248 1487 1592 1555 ceterasque
1633 1478 1892 1536 rationes
1934 1477 2097 1555 sequi
2140 1477 2409 1551 volebat,
2468 1472 2536 1532 ad
2575 1467 2691 1527 Afri-

515 1583 619 1622 cae
672 1562 841 1623 littus
901 1562 1099 1622 classis
1156 1564 1413 1622 Troiana
1474 1572 1604 1622 erat
1667 1560 2004 1622 deserenda.
2092 1562 2241 1620 Cum
2298 1581 2440 1621 vero
2489 1556 2691 1632 reliqw

510 1649 730 1729 passim
775 1658 1005 1728 partes,
1056 1648 1356 1727 Aegyptus
1398 1670 1469 1707 ac
1510 1649 1725 1728 Libya,
1785 1658 1978 1706 essent
2022 1648 2096 1706 ab
2144 1647 2410 1708 Homero
2450 1655 2509 1704 et
2552 1638 2691 1719 Apol·

511 1732 673 1794 lonio
718 1743 1072 1812 occupatae,
1116 1734 1367 1795 feliciter
1410 1744 1585 1813 poeta
1627 1735 1691 1793 in
1735 1732 2279 1812 Carthaginiensem
2323 1754 2483 1794 oram
2516 1724 2691 1789 incidit

512 1819 683 1894 Quae
725 1821 883 1879 enim
926 1820 1322 1899 opportunior
1363 1831 1528 1880 terra
1571 1820 2019 1880 commemorari
2063 1828 2334 1898 poterat,
2388 1837 2551 1898 quam
2587 1814 2694 1870 Cflr·

508 1905 725 1984 thago,
769 1926 904 1967 cum
943 1905 1224 1969 Romanis
1265 1905 1386 1964 suis
1431 1905 1746 1965 Aeneidem
1789 1905 2109 1980 scriberet,
2165 1906 2386 1983 quibus
2444 1897 2695 1962 iucundis·

508 1992 723 2051 simum
766 1992 977 2050 auditu
1023 2010 1145 2050 esse
1187 1991 1424 2066 debuit,
1469 1994 1516 2050 si
1561 1991 1701 2052 belli
1737 1991 2092 2070 gravissimi,
2146 2012 2271 2069 quo
2327 1991 2571 2070 primum
2613 2002 2695 2064 po·

507 2077 685 2157 pulus
727 2078 900 2136 Rom.
944 2076 1178 2137 aditum
1220 2097 1290 2135 ac
1330 2077 1492 2136 viam
1546 2077 1619 2136 ad
1678 2087 1978 2137 terrarum
2032 2077 2353 2155 imperium
2406 2076 2511 2136 sibi
2560 2086 2695 2151 part·

505 2169 710 2238 verat,
754 2162 976 2221 semina
1017 2183 1086 2221 ac
1129 2183 1362 2222 caussas
1401 2164 1466 2222 in
1518 2163 1660 2243 ipsis
1715 2162 1855 2223 olim
1914 2162 2146 2222 Aeneae
2200 2163 2347 2223 satis
2403 2182 2472 2220 ae
2517 2154 2697 2217 casibus

505 2247 662 2306 iacta
707 2266 833 2306 esse
871 2247 1122 2309 videret.

676 2333 755 2392 Ut
811 2342 1010 2391 autem
1066 2332 1310 2393 Didonis
1369 2333 1742 2411 potissimum
1797 2353 1998 2393 amore
2058 2343 2373 2410 uteretur,
2442 2350 2565 2390 cum
2611 2325 2697 2383 (3⁸-

503 2417 710 2497 lypsus
765 2418 861 2478 vel
922 2420 1116 2479 Circes
1169 2429 1276 2479 aut
1331 2417 1574 2478 Medeae
1632 2438 1861 2478 amores
1913 2420 2172 2498 exempli
2226 2418 2572 2480 auctoritate
2617 2407 2700 2469 ad·

505 2504 723 2564 ducere
767 2513 1003 2585 poetam
1064 2512 1372 2586 poterant,
1434 2514 1566 2565 tum
1620 2505 1871 2565 feminae
1928 2502 2108 2566 huius
2161 2507 2407 2567 claritas
2456 2524 2523 2561 ac
2563 2500 2698 2567 famu

500 2598 633 2650 mm
673 2591 798 2668 ipsa
838 2593 925 2652 rei
967 2594 1125 2651 ratio
1168 2611 1238 2649 ac
1279 2592 1613 2651 necessitas.
1697 2590 1932 2665 Quodsi
1988 2593 2145 2652 euim
2201 2593 2387 2652 semel
2439 2585 2700 2669 appulsum

501 2676 899 2736 Troianorum
942 2677 1020 2737 ad
1064 2674 1547 2753 Carthaginiense
1588 2677 1758 2736 littus
1800 2677 2262 2756 praeferendum
2307 2695 2433 2737 esse
2487 2670 2700 2762 videbat,

500 2762 565 2822 in
607 2773 733 2821 tam
777 2764 1023 2840 antiqua
1067 2763 1142 2822 de
1187 2762 1416 2822 Aeneae
1473 2763 1774 2823 erroribus
1828 2762 2108 2839 historia,
2166 2782 2324 2842 quae
2383 2753 2699 2836 Carthaginu

497 2849 862 2908 incunabula
905 2848 1344 2923 antevertebat,
1388 2849 1534 2927 quid
1579 2849 1654 2907 de
1692 2848 1807 2908 hac
1849 2849 1997 2908 urbe
2041 2848 2206 2909 aliud
2245 2846 2555 2909 memorari
2591 2847 2699 2921 pot·

499 2944 664 3010 erat,
737 2954 915 3013 quam
983 2937 1111 3012 ipsa
1186 2934 1311 2993 eius
1371 2935 1737 3014 primordia?
1825 2934 2025 3008 Quam
2083 2945 2493 3013 opportunum
2545 2936 2700 2987 autem

498 3019 579 3078 ad
643 3021 936 3100 poeticam
1006 3020 1426 3079 tractationem
1505 3020 1599 3078 vel
1654 3020 1717 3078 in
1784 3021 1948 3097 epico
2008 3020 2273 3079 carmine
2331 3024 2700 3099 argumentum

497 3115 653 3164 esset
718 3126 916 3180 amor,
993 3106 1294 3183 Apollonii
1349 3107 1622 3185 exemplo
1678 3106 2007 3184 intelligere
2073 3116 2350 3186 poterat,
2425 3104 2524 3182 qui
2575 3099 2701 3158 hunc

495 3191 739 3268 quidem
782 3193 978 3250 locum
1021 3193 1084 3250 in
1127 3191 1367 3250 Medeae
1424 3200 1485 3249 et
1537 3192 1760 3251 Iasonis
1819 3192 2120 3251 amoribus
2180 3193 2407 3270 egregie
2463 3196 2701 3248 tractasse

494 3276 687 3335 videri
732 3276 928 3339 debet.
1015 3277 1133 3335 Sed
1179 3277 1455 3354 Virgilius
1498 3287 1559 3336 et
1608 3277 1777 3337 illum
1816 3287 1877 3335 et
1930 3278 2128 3357 ipsum
2187 3278 2519 3338 Homerum
2565 3273 2701 3346 long*

491 3372 632 3441 post
673 3381 735 3419 se
776 3361 1083 3440 reliquisse
1126 3361 1441 3437 dicendus,
1484 3362 1648 3439 quod
1700 3363 1971 3440 quidem,
2012 3363 2061 3422 si
2102 3357 2269 3424 fecte
2310 3363 2538 3433 iudico,
2575 3357 2701 3417 duo·

489 3446 605 3506 bus
648 3448 1022 3526 potissimum
1067 3447 1262 3507 modis
1307 3459 1660 3525 assequutus
1702 3458 1820 3507 est:
1871 3449 2097 3530 partim
2137 3451 2307 3529 quod
2357 3450 2700 3525 vaginam

486 3538 852 3608 gravitatem
894 3547 950 3591 et
990 3539 1212 3592 amores
1251 3537 1625 3593 atrocitatem
1662 3539 1836 3613 sequi
1852 3579 1869 3610 ,
1929 3535 2152 3614 partim
2196 3536 2364 3615 quod
2399 3533 2475 3592 ab
2519 3523 2701 3590 heroid

490 3621 672 3675 motis
729 3621 1115 3695 simplicitate
1168 3622 1259 3678 ad
1309 3619 1759 3678 elabomtzbrem
1819 3643 1894 3678 ac
1948 3623 2251 3680 cultiorem
2308 3624 2495 3680 vitam
2543 3615 2696 3691 deflo-

487 3716 638 3760 clere
680 3705 940 3776 maluit,
995 3724 1113 3782 qua
1156 3705 1385 3764 decoris
1430 3716 1493 3764 et
1536 3704 1863 3764 honestatis
1907 3707 2155 3766 alicuius
2197 3703 2591 3782 exquisitioris
2624 3698 2696 3755 f·-

488 3808 733 3865 maeque
775 3790 1012 3848 laudem
1057 3793 1421 3869 propositam
1470 3791 1578 3850 sibi
1627 3791 1852 3850 habent
1906 3791 2177 3853 feminae.
2261 3792 2332 3851 ln
2392 3800 2520 3850 toto
2570 3783 2695 3844 eni-

486 3873 751 3934 Homero
795 3883 858 3932 et
909 3895 986 3933 ex
1039 3873 1341 3935 Homerici
1404 3877 1689 3956 temporis
1755 3897 1933 3938 sensu
1992 3898 2161 3939 amor
2211 3896 2430 3957 parum
2482 3873 2694 3932 idonens

487 3969 576 4019 est
616 3960 696 4018 ad
736 3958 954 4039 pathos
992 3959 1390 4022 inferendum.
2248 4035 2253 4044 φ

655 4046 827 4119 Quae
867 4066 900 4103 a
944 4046 1115 4115 nobis
1159 4056 1618 4107 commemorata
1661 4047 1710 4107 si
1753 4048 1885 4126 quis
1940 4049 2139 4110 animo
2198 4047 2552 4111 consideret.
2602 4053 2691 4098 ¹¹⁸⁶

483 4133 564 4206 is,
627 4141 805 4212 puto,
861 4132 1145 4209 Segraesii
1214 4133 1584 4209 aliorumque
1639 4135 1905 4194 rationes
1958 4134 2036 4193 ad
2095 4145 2362 4212 poetam,
2424 4140 2689 4205 umqum

483 4225 586 4295 qui
627 4228 897 4297 tempora
941 4217 1282 4276 confuderit
1322 4220 1735 4297 turbaritque,
1781 4219 2223 4281 defendendum
2262 4220 2495 4290 allatas,
2537 4227 2690 4304 vem}

482 4304 605 4362 sere
662 4313 772 4363 aut
825 4303 1093 4364 infirmas
1121 4346 1135 4375 ‚
1215 4324 1340 4363 non
1407 4323 1762 4385 magnopere
1838 4305 2216 4366 desiderabit.
2317 4297 2686 4363 Delectation-

480 4408 620 4447 sane
660 4389 860 4469 potior
902 4387 1178 4450 habenda
1222 4400 1311 4449 est
1348 4401 1564 4472 poetae
1604 4391 1766 4453 ratio
1820 4411 1999 4472 quam
2054 4389 2370 4453 historicae
2421 4380 2684 4452 vetihffli
