2882 5028
567 402 1193 480 AENEIDOS
1260 403 1476 479 LIB.
1533 405 1625 497 V,
1672 411 2061 483 96—112

2279 416 2425 485 741

197 594 560 665 Auroram
583 587 1103 665 Phaethontis
1139 593 1324 692 equi
1357 593 1511 667 iam
1546 590 1722 666 luce
1756 589 2188 685 vehebant3
2282 599 2427 673 105

193 694 571 795 Famaque
599 691 984 769 finitimos
1016 707 1097 769 et
1123 694 1310 771 clari
1335 719 1644 771 nomen
1678 698 2007 772 Acestae

188 796 552 875 Excierat:
609 796 818 873 laeto
855 799 1327 899 conplet-ant
1354 799 1585 876 litora
1617 810 1875 894 coetu,

187 899 426 975 visuri
459 900 901 995 Aeneadas,
937 927 1139 1003 ,pars
1170 915 1249 978 et
1281 917 1585 980 certare
1614 902 1882 1004 parati.

183 1005 499 1080 Munera
528 1006 919 1105 principio
959 1019 1139 1081 ante
1177 1007 1454 1083 oculos
1491 1007 1864 1107 circoque
1905 1002 2271 1091 locantur

182 1106 264 1178 In
293 1105 603 1186 medio:
658 1110 853 1183 sacri
883 1108 1240 1209 tripodes
1258 1170 1280 1206 ‚

1337 1109 1787 1211 viridesque
1823 1132 2198 1206 coronae,
2274 1118 2422 1187 110

176 1209 268 1283 Et
308 1209 649 1309 palmae,
691 1213 1042 1311 pretium
1082 1213 1549 1309 victoribus,
1608 1237 2026 1312 armaque,
2075 1225 2155 1289 et
2201 1223 2418 1288 ostro

177 1310 536 1390 Perfusae
563 1328 859 1413 vestes,
912 1318 1216 1418 argenti
1247 1318 1579 1420 aurique
1611 1316 2043 1413 talentum3

269 1458 430 1531 112.
486 1472 848 1529 rmum

296 1644 397 1697 107
429 1645 733 1696 Excierant
760 1643 913 1710 ald„
946 1644 1174 1696 fortasse
1209 1643 1401 1698 verius.
1450 1644 1711 1714 (minimel
1753 1646 1897 1713 lVr.)
1968 1646 2199 1698 Exierat
2247 1644 2417 1704 Rom..

167 1717 219 1759 nt
245 1709 344 1762 duo
372 1713 541 1765 Goth.
614 1716 758 1766 Lato
789 1732 895 1766 see.
930 1714 1181 1766 Rottend.
1206 1732 1239 1767 a
1265 1732 1333 1767 m.
1361 1733 1443 1785 pr.
1513 1719 1796 1786 Laetaque
1833 1716 2130 1786 implerant
2167 1713 2204 1765 ἱ.
2248 1729 2417 1764 eursu

167 1780 330 1844 sprot.
415 1782 762 1864 complerunt
810 1793 920 1834 tres
981 1782 1163 1835 Heius.
1246 1783 1587 1855 complebant
1627 1786 1819 1839 Medic.
1868 1803 1983 1838 eum
2025 1783 2228 1835 duobus
2281 1781 2415 1832 aliis.

166 1847 283 1914 (non
320 1850 491 1917 male,
552 1851 651 1903 nisi
703 1851 1014 1904 insolentior
1053 1854 1222 1904 forma
1263 1871 1416 1905 causa
1471 1855 1703 1906 mutandi
1751 1855 1915 1907 fuisse
1957 1852 2216 1905 videatur.
2273 1850 2415 1917 Wr.)

166 1919 251 1971 111
284 1922 527 1990 pretium
551 1921 779 1995 palmae
803 1922 1047 1975 Parthas.

1188 1925 1290 1977 112
1324 1925 1456 1974 auri
1486 1928 1814 2006 argentique
1837 1918 2039 1994 aliquot
2076 1921 2212 1991 apud
2252 1920 2412 1987 Pion,

163 2003 301 2055 quem
327 1988 465 2041 vide.
540 2009 682 2042 auro
721 2009 788 2042 ue
813 2003 853 2042 t.
896 1993 1048 2043 Rom.
1119 1992 1392 2043 talentum
1429 1993 1624 2045 Medic.
1668 1995 1804 2046 Gud.
1847 1999 2027 2063 Sprot·
2070 1988 2323 2042 Montalb.
2360 1999 2415 2039 et

158 2054 240 2107 alii
258 2096 274 2122 ,
309 2060 450 2141 qupd
484 2059 664 2130 placet

157 2140 298 2178 unum
323 2129 510 2181 nudem
536 2128 760 2197 argenti.
796 2130 862 2181 ef.
895 2129 987 2181 inf.
1015 2129 1137 2186 248.

744 2060 939 2122 einsio;
973 2078 1080 2112 non
1122 2060 1255 2111 enim
1286 2061 1436 2130 plura
1479 2073 1630 2114 erant
1671 2064 1897 2128 talenta,
1946 2062 2043 2113 sed
2088 2061 2202 2113 auri
2236 2075 2413 2123 unum,

1211 2131 1504 2197 (talentum
1529 2133 1671 2184 haud
1708 2133 1868 2185 dubie
1910 2150 2032 2184 vera
2075 2129 2268 2189 leet-im
2318 2146 2413 2179 nec

157 2210 304 2263 qnare
332 2197 451 2317 quis
479 2215 583 2269 pro
613 2199 831 2251 talenta
857 2200 1090 2252 seribere
1130 2199 1372 2253 maluerit
1403 2201 1705 2265 talentum,
1745 2213 1983 2271 apparet.
2054 2202 2189 2252 Nam
2223 2198 2267 2249 si
2297 2198 2412 2267 quis

154 2278 329 2318 conten

368 2279 455 2332 at,
491 2268 764 2319 talentum
790 2268 855 2319 ab
880 2268 1055 2337 aliquo
1082 2270 1331 2339 scriptum
1362 2269 1449 2320 hic
1474 2288 1588 2322 esse
1621 2283 1842 2340 propter
1868 2290 1940 2324 vs.
1972 2271 2114 2333 248„
2148 2268 2194 2319 is
2225 2266 2412 2319 memi-

153 2334 312 2399 nerit,
346 2336 459 2389 illie
487 2337 696 2406 argenti
725 2338 935 2406 quidem
968 2356 1122 2390 unum
1159 2339 1554 2391 commemorari
1594 2340 1881 2406 talentum,
1927 2340 2014 2392 hic
2056 2355 2182 2391 vero
2224 2348 2280 2389 et
2320 2355 2411 2388 ar-

150 2403 287 2470 genti
311 2418 369 2457 et
397 2407 535 2459 auri.
609 2412 680 2459 At
704 2408 980 2459 ‘talentum
1005 2407 1254 2460 facillime
1293 2408 1486 2460 mutari
1521 2410 1695 2479 potuit
1733 2411 1786 2462 in
1828 2412 2071 2472 talenta,
2119 2418 2228 2459 tum
2270 2406 2412 2475 quod

146 2471 174 2522 f
255 2492 382 2527 nens
411 2486 499 2529 est
543 2479 796 2547 argenti,
853 2480 986 2530 auti
1013 2479 1228 2531 talenta
1265 2495 1294 2529 a
1336 2478 1405 2529 ud
1443 2477 1462 2530 i
1501 2496 1612 2531 sum
1645 2478 1959 2548 Virgilium,
2003 2478 2108 2531 vid.
2147 2483 2276 2531 Aen.
2312 2478 2410 2540 IX,

244 2580 258 2595 .
289 2547 364 2609 Χ,
391 2548 523 2603 526.
551 2547 673 2603 531.
706 2548 803 2611 XI,
831 2549 984 2610 3334
1029 2557 1142 2600 tum
1169 2565 1273 2617 quo
1342 2549 1446 2599 duo
1514 2568 1641 2615 aec,
1675 2553 1924 2621 argenti,
1959 2551 2116 2611 auri,
2154 2545 2410 2617 pluralem

143 2612 406 2682 requirere
441 2617 776 2678 viderentur-3
828 2627 937 2669 tum
960 2617 1104 2686 quod
1130 2629 1341 2681 cetera,
1374 2615 1644 2685 tripodes,
1679 2637 1940 2685 coronae,
1975 2618 2213 2688 palmae,
2247 2634 2408 2680 arma,

143 2692 309 2736 vestes
324 2723 339 2747 ,

386 2702 492 2754 per
537 2684 796 2752 pluralem
832 2704 1103 2738 nnmerum
1142 2687 1457 2750 efferuntur3
1506 2688 1732 2758 denique
1768 2689 1909 2758 quod
1931 2689 2230 2748 talentum,
2270 2702 2408 2752 neg-

142 2747 272 2803 lecta
312 2755 459 2807 forte
504 2754 706 2808 lineola
736 2755 947 2808 literam
980 2765 1262 2810 extremam
1298 2756 1602 2825 indicante,
1644 2760 1865 2816 talentu
1897 2757 2057 2812 facile
2099 2756 2155 2809 in
2192 2756 2408 2813 talenta

138 2820 277 2875 ubire
302 2824 508 2895 potnit.
545 2825 694 2894 Wt.)

135 2997 266 3042 men
307 3002 389 3044 ex
444 2982 744 3045 victimis:
801 3004 943 3044 nam
989 2984 1229 3046 inferias

134 3064 254 3127 fieri
282 3070 579 3130 vidimus.

216 3155 358 3219 105.
408 3155 746 3216 Phaethon
775 3154 840 3215 -h,
868 3156 908 3215 l.
949 3155 1074 3235 ipse
1116 3154 1226 3230 sol,

131 3247 198 3297 ut
228 3259 324 3319 ap,
355 3242 548 3302 Hom.
589 3260 763 3320 saepe
805 3235 1033 3315 Ἠέλιος
1079 3240 1225 3319 φαέ-

130 3327 281 3389 em.
371 3324 651 3408 (Miscuit
678 3325 741 3387 h.
763 3327 803 3388 l.
831 3327 1125 3406 Virgilius,
1154 3334 1226 3387 ut

126 3408 274 3470 vidit
299 3411 645 3473 Guenther.
672 3413 1125 3472 Anbnadverss.
1156 3416 1224 3473 in

128 3495 337 3574 aliqua
369 3502 445 3559 V
436 3502 564 3578 irg.
585 3498 739 3560 Aen.
771 3499 907 3558 loca
935 3519 992 3578 p.
1010 3503 1087 3562 21
1114 3518 1221 3576 sq„

124 3580 403 3660 mythum
423 3593 505 3644 et
531 3584 725 3663 ipsam
767 3583 882 3643 rei*
912 3593 1223 3660 naturam5

123 3683 240 3725 nen
268 3671 434 3730 enim
478 3669 729 3740 iisdem,
773 3669 990 3747 quibus
1025 3669 1220 3729 Phoe-

121 3747 257 3830 bus,
319 3756 498 3835 equis
547 3754 687 3815 vehi
730 3753 967 3816 Aurora
1010 3754 1219 3835 perhi-

118 3835 374 3903 bebatur
435 3842 509 3901 in
553 3839 816 3918 sabulis3
873 3841 998 3903 vid.
1038 3841 1217 3904 Hom.

120 3921 331 4006 Odyss.
350 3927 587 4002 xxm,
616 3925 743 3991 243
768 3946 885 4004 sq.;
925 3925 1030 3986 sed
1051 3927 1219 4006 quod

113 4007 236 4088 ipse
263 4015 354 4074 sol
388 4012 567 4075 ortui
611 4012 989 4092 propinquus
1026 4013 1217 4088 illum,

114 4097 216 4171 qui
266 4118 538 4160 aurorae
584 4098 880 4158 vocabulo
931 4098 1218 4179 designa-

111 4189 241 4257 tur,
287 4185 689 4266 splendorem
710 4183 1003 4250 ‚diffundit
1019 4229 1037 4261 ,
1071 4206 1220 4264 pro-

108 4277 312 4344 pterea
347 4292 499 4332 cum
529 4270 670 4329 Sole
694 4271 903 4330 venire
917 4270 1045 4331 sive
1061 4270 1215 4332 Solis

106 4372 295 4420 cutm

388 4357 660 4417 advecta
762 4355 879 4416 diei
965 4364 1220 4436 poterat.

1312 2984 1477 3043 Pros.
1506 2983 1578 3059 ll,
1605 2981 1708 3048 46.
1748 2984 1854 3044 Sol
1881 2992 1943 3043 et
1966 2983 2135 3043 Luna
2160 2985 2403 3058 „Auro-

1309 3089 1416 3129 rae
1444 3068 1756 3147 noctisque
1782 3070 2094 3147 duees;“
2123 3078 2186 3128 et
2215 3067 2401 3128 eiusd.
2482 3103 2487 3110 -

1311 3153 1759 3234 Gigantomaeh.
1787 3177 1876 3216 vs.
1905 3158 2006 3221 83.
2031 3175 2147 3233 sq.:
2190 3154 2402 3230 „Alter

1308 3239 1573 3301 habenas
1622 3240 1892 3302 Aurorae
1948 3261 2061 3321 pre
2106 3241 2244 3302 Sole
2293 3258 2400 3299 re-

1307 3329 1469 3405 gat.“
1530 3324 1710 3408 Wr.)
1818 3324 1957 3391 107.
2014 3347 2155 3407 pars
2208 3325 2398 3385 visuri

1311 3412 1604 3473 Troianos
1630 3421 1986 3492 pugnantes,
2031 3433 2171 3492 pars
2201 3412 2397 3491 parati

1307 3507 1365 3557 et
1395 3498 1512 3579 ipsi
1539 3496 1620 3557 ad
1644 3497 2017 3558 certandum.

1395 3586 1677 3661 109.sqq.
1716 3585 1808 3644 Ex
1846 3584 1914 3645 n.
1954 3600 2029 3662 ψ,
2085 3582 2212 3647 259
2246 3602 2393 3660 sqq„

1304 3670 1409 3730 sed
1440 3669 1764 3734 ornatiora.
1851 3672 2077 3729 eir-eum
2103 3686 2259 3727 nove
2295 3667 2395 3728 di-

1302 3757 1401 3816 xit
1435 3774 1548 3836 pro
1587 3773 1898 3832 consessu,
1955 3773 2197 3814 corona.
2286 3753 2395 3813 Est

1303 3843 1674 3902 Graecorum
1701 3834 1868 3924 ἀγών
1898 3839 1974 3900 de
2007 3841 2140 3901 loco
2172 3838 2391 3915 dictus,

1304 3939 1367 3989 et
1404 3927 1485 3988 de
1525 3925 1708 3988 turba
1746 3927 2154 4006 spectantium.
2243 3924 2392 3984 Mox

1297 4017 1561 4093 pretium
1598 4011 1916 4074 νέοισι-ὤεα
1930 4056 1948 4087 ,
1994 4033 2107 4092 pro
2135 4009 2389 4087 vulgari,

1304 4100 1602 4161 victorum
1656 4097 2028 4179 praemium:
2081 4092 2157 4158 esi
2205 4087 2387 4157 ἆθλα.

1304 4188 1467 4245 saer-i
1523 4186 1780 4262 crgoodes
1813 4227 1831 4259 ,
1914 4201 2176 4260 quorum
2244 4199 2388 4238 usus

1303 4271 1503 4332 suerat
1537 4269 1633 4329 vel
1657 4270 1900 4329 futurus
1927 4277 2060 4326 erat
2087 4267 2146 4325 in
2185 4264 2384 4323 sacris.

1305 4369 1460 4416 ostm
1497 4355 1787 4434 perfusae
1829 4365 2012 4411 vestes
2026 4373 2052 4412 .·
2113 4371 2384 4431 purpura

103 4436 261 4502 Hine
303 4442 481 4525 apud
530 4440 844 4510 claudian.
898 4442 974 4501 de
1019 4444 1223 4521 Rapta
1301 4442 1560 4504 tinctam
1598 4432 2101 4522 πορφυρόβαφοι.
2160 4457 2381 4516 argen-
