2882 5028
1378 144 1407 168 Ι

496 355 662 464 Ιιιι
1090 342 2171 420 ΕΧουιιευεν

504 535 599 621 (h.
632 558 681 597 e.
712 536 816 612 iis,
863 535 965 612 qui
993 554 1129 594 eum
1159 536 1257 595 vel
1277 534 1463 594 latine
1497 535 1853 613 redderent,
1902 546 1968 595 ut
2013 537 2321 596 Cornelius
2360 536 2576 610 Gallus,
2625 535 2701 592 vel

504 644 641 684 eum
674 622 1011 681 imitatione
1038 630 1429 699 sequerentur
1462 631 1568 680 aut
1599 623 1842 680 omnino
1872 622 2050 683 valde
2090 619 2550 702 frequentarent)
2585 637 2703 678 οοιι-

502 710 691 770 temni
737 709 849 783 ait3
903 707 1126 766 scilicet
1166 707 1474 766 tersiorem
1515 716 1579 766 et
1635 708 1938 786 puriorem
1986 708 2385 787 Euphorionis
2421 707 2702 766 orationem

501 794 850 854 iudicabant
899 794 1187 852 Enniana.
1291 794 1485 852 Etiam
1545 793 1854 852 'liberium
1924 795 2232 853 Caesarem
2292 792 2703 872 Euphorionem,

500 880 834 950 Rhianum,
884 889 945 938 et
981 877 1373 938 Parthenium
1415 879 1745 939 admodum
1785 881 2095 958 probasse,
2154 891 2225 939 ut
2270 889 2329 938 et
2364 898 2558 937 eorum
2597 879 2703 935 imi·

499 967 728 1025 tatione
754 965 1020 1024 carmina
1054 985 1263 1044 graeca
1295 965 1616 1039 scriberet,
1665 984 1696 1022 e
1729 968 1977 1029 Sueten.
2005 966 2134 1025 Tib.
2163 971 2245 1030 70
2277 974 2522 1025 constat.
2597 964 2704 1022 Non

498 1051 680 1131 igitur
725 1051 852 1111 veri
906 1051 1057 1110 adeo
1102 1051 1383 1110 dissimile
1426 1050 1623 1110 videri
1666 1061 1899 1130 potest,
1959 1053 2007 1110 si
2051 1053 2186 1130 quis
2228 1050 2648 1132 Euphorionem
2678 1068 2704 1105 a

497 1137 744 1217 Virgilio
775 1137 838 1195 in
862 1134 978 1196 hac
1004 1135 1203 1196 sabula
1239 1156 1592 1216 expressum
1619 1155 1742 1195 esse
1773 1147 2011 1196 censeat
2029 1183 2046 1214 ,
2089 1158 2258 1214 cum,
2304 1156 2454 1216 quae
2482 1157 2513 1193 a
2533 1134 2703 1193 Servio

501 1242 577 1282 ex
601 1243 672 1283 eo
704 1232 1279 1298 commemorentur,
1325 1222 1658 1301 virgilianis
1701 1224 1827 1282 fere
1875 1224 2257 1283 conveniant.
2347 1222 2507 1282 [dem
2543 1221 2704 1279 ιιι-ιι-

496 1308 639 1370 bula
674 1309 749 1368 de
773 1309 1047 1369 Coroebo
1076 1317 1285 1368 auctor
1323 1308 1568 1388 Virgilio
1596 1309 1775 1368 fuisse
1801 1308 2188 1390 perhibetur:
2223 1310 2330 1368 ins.
2377 1309 2607 1368 Excurs.
2644 1305 2702 1364 X.

665 1446 818 1505 Tota
859 1455 1061 1505 tamen
1092 1447 1281 1520 ratio,
1340 1465 1458 1522 qua
1493 1454 1664 1523 poeta
1711 1443 1831 1503 hoc
1874 1445 2211 1522 episodium
2256 1444 2567 1518 tractavit,
2604 1450 2705 1506 ir·-

492 1532 687 1610 gicum
712 1531 917 1611 potius
943 1531 1221 1611 spiritum
1250 1532 1701 1608 orationemque
1743 1531 2054 1590 affectibus
2090 1551 2335 1609 gravem
2375 1540 2438 1589 et
2474 1536 2703 1588 ornatam

492 1617 752 1695 prodere
780 1616 1043 1678 videtur.
1129 1616 1349 1675 Debuit
1387 1626 1587 1675 autem
1630 1617 1694 1674 in
1729 1617 1936 1675 multis
1983 1615 2304 1695 tragoediis
2346 1616 2561 1696 graecis
2594 1613 2704 1672 lati·

493 1703 732 1801 nisque,
778 1722 1035 1782 quarum
1077 1712 1431 1781 argumenta
1465 1703 1768 1760 excidium
1797 1704 2123 1762 Troianum
2159 1703 2553 1782 respicerent,
2589 1699 2704 1758 haec

492 1788 755 1848 narratio
797 1806 1129 1852 occurrere.
1230 1789 1511 1866 inprimis
1572 1797 1775 1852 tamen
1821 1789 2036 1847 nobilis
2085 1789 2228 1847 olim
2268 1789 2388 1848 fuit
2440 1785 2704 1866 Sophoclis

491 1874 825 1951 tragoedia,
872 1877 1162 1932 Laoc-oon
1195 1874 1516 1952 inscripta,
1559 1893 1590 1930 e
1614 1894 1732 1951 qua
1762 1895 1971 1933 versus
2013 1875 2243 1952 aliquot
2287 1874 2552 1934 servavit
2587 1869 2702 1928 Dio-

490 1979 622 2037 nys.
650 1959 841 2019 Halic.
869 1960 913 2033 1,
942 1962 1026 2022 48
1058 1958 1261 2036 (quem
1290 1958 1455 2040 vide)
1488 1969 1547 2017 et
1575 1959 1697 2019 duo
1735 1960 1878 2019 alios
1909 1958 2360 2041 Harpocration
2401 1960 2463 2019 in
2508 1949 2704 2040 ἇγνκς-

490 2045 582 2103 Ex
609 2045 815 2105 eadem
849 2064 971 2102 esse
1002 2044 1276 2118 videtur,
1323 2046 1487 2123 quod
1523 2044 1797 2104 Eustath.
1828 2046 1905 2105 ad
1934 2047 2149 2126 Odyss.
2201 2067 2259 2124 p.
2305 2045 2470 2111 1496
2508 2044 2545 2103 l.
2578 2044 2649 2107 36
2676 2058 2702 2095 Ι

488 2129 784 2209 Sophocle
839 2132 1076 2208 Equum
1118 2132 1450 2190 Troianum
1505 2131 1805 2210 eleganter
1844 2126 2120 2195 ὕπουλον
2161 2131 2396 2190 dictum
2436 2133 2703 2189 memorat.

488 2214 583 2275 An
610 2236 690 2275 ex
730 2217 832 2275 illa
876 2213 1223 2294 Sophoclis,
1275 2217 1512 2291 nescio,
1567 2217 1673 2275 sed
1721 2237 1797 2275 ex
1833 2218 2030 2295 aliqua
2075 2227 2234 2275 certe
2275 2217 2490 2276 Graeci
2536 2221 2705 2294 poem

486 2302 790 2381 tragoedia
849 2300 1116 2360 breviter
1158 2312 1409 2361 narrata
1478 2310 1568 2359 est
1620 2303 1822 2361 fabula
1880 2304 1956 2360 ab
2011 2303 2245 2382 Hygino
2303 2304 2348 2367 s.
2412 2304 2556 2376 1353
2612 2298 2704 2355 iam

487 2397 688 2448 autem
721 2388 776 2447 is
805 2407 944 2448 cum
972 2385 1218 2465 Virgilio
1249 2388 1447 2448 multo
1471 2389 1679 2468 magis,
1725 2409 1903 2467 quam
1943 2409 2081 2448 cum
2124 2388 2336 2448 ceteris
2382 2385 2703 2457 auctoribus,

485 2475 802 2534 consentit.

653 2594 775 2654 lam
803 2595 1072 2655 omnium
1096 2594 1320 2654 horum
1347 2596 1577 2655 fontem
1613 2615 1803 2654 unum
1838 2597 2094 2675 aliquem
2134 2617 2211 2655 ex
2248 2595 2501 2677 cyclicis
2541 2590 2700 2672 pectit

482 2680 689 2758 fuisse,
754 2681 988 2741 dudum
1043 2682 1423 2761 suspicabar,
1492 2682 1882 2762 inprimisque
1926 2683 2220 2758 Leschen,
2292 2702 2475 2760 quem
2527 2678 2704 2754 utique

483 2766 751 2839 Quintus
781 2767 1136 2848 expressisse
1168 2768 1330 2828 visus
1359 2777 1505 2827 erat.
1595 2768 2036 2828 Dubitationem
2069 2778 2266 2827 tamen
2310 2767 2559 2827 faciebat
2591 2762 2701 2834 hoc,

481 2854 645 2930 quod
679 2853 907 2913 Tabula
937 2854 1148 2927 iliaca,
1201 2871 1354 2931 quae
1406 2861 1546 2932 post
1580 2854 1910 2914 Homerum
1956 2865 2017 2915 et
2057 2855 2379 2915 Arctinum
2424 2873 2501 2912 ex
2536 2845 2702 2910 Iliade

471 2960 677 3016 parta
703 2958 980 3019 expressa
1029 2950 1152 3015 est,
1218 2941 1618 2998 Laocoontem
1659 2939 1916 3018 ignorat.
2004 2941 2122 2999 Sed
2171 2943 2376 3019 potuit
2421 2959 2488 2997 ea
2530 2956 2613 2996 res
2648 2951 2700 2989 ne

480 3023 690 3084 debuit
715 3045 854 3084 cum
891 3026 1131 3098 ceteris,
1188 3045 1343 3101 quae
1390 3024 1842 3102 desiderantur,
1901 3027 1962 3085 in
2002 3028 2192 3085 altera
2239 3026 2503 3085 Tabulae
2542 3029 2699 3101 parte,

477 3129 628 3188 quae
658 3110 867 3189 periit,
910 3108 1202 3168 exhiberi.
1289 3110 1464 3169 Nunc
1503 3131 1579 3169 ex
1605 3111 1796 3169 Procli
1825 3114 2034 3190 fragm.
2081 3112 2227 3170 haec
2270 3112 2513 3171 tradere
2556 3109 2700 3167 licet·

476 3195 837 3274 Praecipuus
877 3193 1058 3254 huius
1101 3194 1336 3253 fabulae
1390 3196 1616 3255 fundus
1668 3196 1782 3256 suit
1817 3192 1989 3261 Ἰλίου
2031 3198 2243 3278 πέρσις
2284 3197 2545 3257 Arctini:
2598 3208 2698 3259 seu,

476 3280 642 3357 quod
667 3280 996 3386 probabile
1001 3279 1102 3351 fit,
1150 3278 1420 3357 Leschis3
1461 3282 1526 3340 in
1554 3283 1725 3341 cuius
1751 3284 1922 3342 ιιιιιιο
1962 3285 2163 3343 statim
2203 3284 2543 3363 expositum
2584 3277 2696 3337 suit·

477 3364 565 3439 αις
617 3364 692 3427 τοι
747 3364 885 3446 περὶ
928 3388 1037 3428 τον
1082 3364 1279 3427 ἵππον
1317 3367 1384 3429 οἱ
1430 3372 1630 3448 Τρωες
1671 3365 1964 3443 υπόπτως
2010 3369 2278 3450 ἔχοντες,
2344 3359 2699 3450 περιστάντες

474 3446 905 3558 βουλεύονται,
950 3476 1016 3527 ο,
1029 3473 1088 3511 τι
1134 3474 1247 3531 χρη
1287 3458 1516 3517 ποιεῖν·
1605 3453 1708 3515 καὶ
1747 3462 1876 3529 τοῖς
1911 3453 2022 3535 μὲν
2051 3458 2224 3517 δοκεῖ
2249 3453 2696 3548 κατακρημνίσαι

474 3530 699 3609 αυτόν,
741 3542 871 3611 τοῖς
909 3534 976 3598 δὲ
1013 3535 1435 3620 καταφλέγειν.
1524 3539 1589 3600 οῖ
1635 3536 1702 3602 δὲ
1749 3537 1917 3641 ἷερον
1957 3536 2150 3603 αυτὸν
2195 3541 2435 3619 ἔφασαν
2484 3540 2604 3602 δεῖν
2637 3533 2696 3615 τῇ

469 3616 709 3728 Ἀθηνᾷ
761 3627 1126 3721 καταθῆναι.
1184 3656 1266 3667 -—
1333 3623 1399 3686 ἕν
1460 3628 1631 3708 αὐτῷ
1684 3622 1751 3687 δὲ
1798 3621 1914 3688 ὸύο
1963 3621 2291 3708 δρακοντες
2333 3621 2698 3705 guamarius·

470 3732 575 3770 τον
602 3700 980 3771 Λαοκόωντα
1007 3707 1111 3769 καὶ
1143 3732 1252 3770 τον
1283 3708 1485 3789 ἕτερον
1508 3733 1637 3771 των
1664 3711 1905 3775 παίδων
1937 3715 2429 3793 διαφθείρουσιν.
2502 3712 2694 3768 eoum

468 3794 533 3852 in
559 3794 780 3852 Ileadis
798 3815 1036 3870 parvae
1064 3804 1448 3871 argumento,
1494 3796 1659 3872 quod
1699 3796 1760 3853 in
1803 3799 1953 3875 Equi
1996 3799 2058 3856 in
2105 3800 2312 3858 urbem
2360 3794 2695 3856 deductione

468 3879 768 3954 subsistit,
830 3880 992 3938 nulla
1045 3880 1405 3940 Laocoontis
1465 3882 1536 3939 fit
1599 3884 1840 3942 mentio.
1945 3885 2288 3944 Secundum
2329 3882 2498 3942 hunc
2541 3879 2693 3938 alium

464 3964 689 4038 habeo,
759 3984 935 4042 quem
1006 3964 1170 4023 inter
1225 3968 1452 4044 primos
1512 3967 1748 4026 fabulae
1814 3981 2092 4029 auctores
2150 3970 2462 4029 nominare
2517 3982 2693 4046 pom&

468 4051 942 4129 Bacchylidem;
1005 4071 1142 4108 nam
1198 4051 1280 4127 is,
1354 4054 1564 4113 Servio
1621 4054 1861 4131 quidem
1915 4064 2096 4131 teste,
2166 4059 2240 4115 de
2282 4058 2614 4113 Laocoonte
2650 4057 2694 4102 el

463 4160 645 4196 uxore
675 4140 802 4195 eius
838 4139 938 4194 vel
960 4138 1033 4194 de
1064 4137 1433 4213 serpentibus·
1463 4156 1506 4197 a
1550 4139 1863 4239 (hbydnis.
1883 4145 2101 4200 hasulis
2134 4140 2503 4200 venientibus
2540 4149 2692 4213 atqu?

462 4224 818 4282 ὑιΙιοιηιηεε
846 4226 1145 4280 comer-sis
1178 4222 1563 4299 meminerat,
1608 4225 1771 4300 Qui,
1817 4226 1865 4285 si
1910 4230 2195 4305 antiquus
2237 4226 2335 4285 ille
2381 4225 2499 4284 suit
2543 4224 2696 4301 ρελο·

461 4305 672 4384 ποιὰς,
730 4307 977 4367 Pindari
1025 4308 1318 4385 aequalis,
1390 4310 1453 4368 in
1509 4311 1713 4389 lyricis
1761 4313 1882 4371 suis
1925 4322 2032 4373 aut
2072 4310 2399 4371 Stesichori
2443 4302 2692 4383 exemplo

461 4396 739 4456 carminis
765 4402 1184 4475 argumentum
1219 4395 1448 4472 facere,
1493 4404 1598 4456 aut
1632 4395 1993 4477 digressione
2019 4400 2181 4459 sacta
2217 4397 2482 4457 fabulam
2524 4391 2693 4453 attin·
