2882 5028
568 393 722 466 DE
792 389 1282 465 CARMINE
1333 389 1648 465 EPICO
1705 389 2076 467 VIRGIL.
2426 398 2474 467 5

211 601 421 651 mare
446 589 528 652 et
560 601 931 652 movere
965 575 1198 654 videS.
1302 582 1488 677 Non
1521 574 1865 652 difficilis
1894 588 2012 652 est
2042 575 2141 651 ad
2172 582 2471 675 cogno·
2555 646 2560 653 .

208 680 584 756 scendum
619 683 707 756 in
745 680 1176 754 rhetoricis
1213 693 1293 755 et
1317 681 1653 781 poeticis
1684 680 1905 756 locus
1936 679 2037 755 de
2075 682 2466 779 magnitu-

212 783 429 874 dine;
485 809 641 858 nec
689 798 975 859 tamen
1019 785 1278 858 omnis
1322 784 1792 882 magnitudo
1851 783 2070 884 epici‘
2105 785 2470 861 carminis

209 887 451 961 indoli
508 902 631 963 est
680 886 1325 978 accommodata,
1399 887 1545 969 sed
1598 913 1688 963 ea
1736 884 2119 983 maxime,
2173 884 2377 989 quae
2426 914 2466 963 a

208 990 567 1066 sensibus
605 1005 690 1066 et
735 1017 776 1065 a
825 990 1506 1092 phantasmatibus
1548 988 2111 1092 proficiscitur,
2167 992 2466 1092 quippe

210 1119 413 1194 quae
465 1093 757 1169 eadem
814 1093 912 1169 ad
967 1095 1275 1169 animos
1325 1093 1780 1170 movendos
1829 1107 1907 1167 et
1941 1092 2464 1170 admiratione

208 1197 699 1273 imbuendos
730 1198 1095 1298 inprimis
1115 1196 1362 1288 valet;
1414 1198 1558 1274 sed
1590 1198 1788 1273 haec
1820 1197 2150 1298 quidem
2175 1198 2464 1298 passim

220 1326 260 1373 a
286 1303 473 1375 viris
507 1301 775 1376 doctis*
806 1302 985 1376 satis
1020 1301 1313 1377 diserte
1351 1316 1540 1377 sunt
1575 1301 1941 1402 exposita.

412 1408 550 1483 111.
606 1408 775 1480 lam
802 1418 1079 1481 natura
1105 1406 1207 1479 ita
1232 1402 1426 1500 fert,
1479 1418 1606 1500 ut,
1660 1405 1796 1505 qui
1837 1432 2171 1503 magnae
2217 1419 2290 1479 et
2324 1410 2463 1478 mi*

207 1515 511 1583 madae
557 1516 670 1584 rei
712 1517 1225 1585 narrationem
1263 1509 1630 1603 instituit,
1700 1508 1867 1583 eius
1918 1506 2462 1604 magnitudine

208 1623 670 1686 contactum
724 1623 803 1687 et
845 1613 1184 1710 graviter
1238 1609 1623 1687 affectum
1689 1612 2046 1687 animum
2097 1611 2266 1710 ipse
2321 1611 2464 1685 ha-

205 1713 424 1805 beat,
498 1728 931 1816 motusque
1003 1715 1209 1792 adeo
1253 1716 1496 1791 animi
1561 1714 1679 1813 sui
1716 1713 1974 1809 vultu,
2027 1725 2287 1810 gestu,
2340 1714 2462 1788 in-

203 1817 650 1918 primisque
686 1827 1019 1896 oratione
1053 1819 1380 1919 prodat3
1437 1817 1829 1894 laborabit
1861 1841 2132 1910 menS,
2187 1841 2460 1892 rerum

203 1921 468 2020 specie
540 1942 944 2020 percussa,
1012 1933 1141 2019 ut,
1211 1947 1419 2024 quae
1476 1922 1752 2018 sentit,
1821 1919 1984 1996 aliis
2039 1921 2460 2020 impertiat,

202 2023 504 2098 incidet
536 2024 617 2098 in
660 2049 866 2100 nova
895 2050 1171 2101 rerum
1207 2025 1790 2127 phantasmata,
1842 2022 2251 2100 adhibebit
2293 2037 2461 2099 tro-

204 2151 497 2227 porum
516 2188 538 2219 ,
593 2125 1028 2225 figurarum
1047 2190 1068 2223 ,
1122 2131 1476 2227 gravium
1509 2141 1641 2205 aut
1673 2140 2141 2204 ornatorum
2167 2127 2460 2202 verbo-

199 2255 380 2304 rum
412 2245 827 2333 tamquam
866 2232 1273 2308 machinas
1314 2231 1415 2307 ad
1447 2229 1974 2308 efficiendum
2008 2230 2232 2333 quod
2268 2230 2456 2308 vult.

201 2334 465 2408 Altera
512 2358 607 2409 ex
635 2350 859 2435 parte
890 2361 1060 2411 non
1088 2337 1353 2411 minus
1383 2338 1463 2410 in
1492 2348 1783 2436 aperto⁴
1809 2347 1948 2429 est,
1996 2347 2092 2408 ut
2127 2333 2459 2409 admira-

198 2438 417 2511 tione
471 2450 698 2513 tanto
756 2442 1009 2539 magis
1049 2451 1416 2516 teneatur
1456 2439 1846 2514 audientis
1877 2439 2224 2533 animuS,
2259 2461 2455 2512 ‘non

196 2540 452 2616 modo
480 2567 659 2617 rem
694 2557 1037 2641 gestam,
1090 2569 1293 2645 quae
1337 2557 1737 2634 narratur,
1792 2555 1873 2618 et
1921 2542 2319 2617 actionem
2355 2566 2455 2616 eo

196 2655 808 2745 attemperatam
868 2672 1039 2722 esse
1086 2647 1424 2741 debere,
1490 2660 1582 2723 ut
1623 2645 2135 2720 mirationem
2186 2642 2454 2740 faciat;

195 2772 476 2822 verum
513 2751 750 2823 etiam
785 2759 1252 2828 narrationis
1276 2780 1516 2854 ἔφη
1549 2766 1619 2827 et
1660 2746 2455 2826 rationem-adadmi-

192 2853 593 2927 rationem
656 2850 1180 2944 ,efficiendam
1257 2853 1385 2929 vel
1445 2852 1830 2929 tuendam
1889 2851 2264 2926 idoneam
2322 2877 2457 2925 re·-

193 2955 420 3054 quiri.
532 2960 703 3050 Qua
736 2956 841 3032 de
868 2982 959 3033 re
989 2958 1214 3059 plura
1243 2980 1583 3032 monere
1613 2954 1811 3031 nihil
1857 2954 2151 3032 attinet.
2222 2967 2232 2981 ⁶
2259 2956 2454 3049 Quis

192 3059 406 3132 enim
457 3083 627 3134 non
682 3059 938 3154 videt,
1000 3061 1379 3137 orationis
1423 3082 1675 3157 genus
1737 3057 2259 3134 essefdebere
2299 3081 2452 3133 nec

189 3158 500 3237 humile
551 3187 702 3238 nec
760 3165 1049 3259 molle,
1117 3163 1262 3241 sed
1303 3165 1559 3260 sorte,
1626 3188 1870 3259 acre,
1910 3155 2450 3259 magnificum,

190 3279 604 3361 ornatum,
657 3268 804 3342 etsi
833 3294 982 3370 pro
1025 3269 1467 3366 argumenti
1500 3268 1803 3343 diversa
1835 3279 2111 3341 natura
2140 3264 2450 3340 diverse

188 3381 848 3469 attemperatum,
918 3385 996 3447 et
1059 3367 1261 3473 quae
1308 3384 1495 3447 sunt
1532 3372 1696 3450 alia.
1801 3368 1922 3446 Ab
1973 3367 2257 3444 eadem
2302 3367 2449 3442 hac

188 3496 452 3547 caussa
486 3472 1016 3572 proficiscitur
1053 3475 1180 3550 illa
1226 3476 1685 3568 necessitaS,
1742 3487 1835 3548 ut
1867 3479 2197 3549 carmine
2230 3472 2449 3546 insti-

186 3576 487 3651 tuenda
538 3578 640 3652 sit
679 3580 1064 3669 narratio;
1134 3578 1799 3680 quandoquidem
1843 3576 1922 3652 id
1967 3599 2221 3673 genus
2267 3598 2448 3649 ora-

187 3680 424 3754 fiouis
452 3694 572 3754 est
602 3684 1367 3781 praestantissimum
1419 3688 1866 3785 (perfectum
1905 3681 2154 3754 nostri
2181 3678 2448 3782 homi-5

188 3806 366 3874 nes»,
449 3782 611 3858 hoc
668 3797 790 3858 est
855 3786 1015 3860 suis
1085 3787 1441 3862 numeris
1514 3785 1999 3872 absolutum,
2110 3782 2444 3879 dicunt),

186 3885 567 3988 idemque
611 3891 1263 3987 potentissimum
1317 3889 1413 3965 ad
1456 3888 1857 3964 tenendos
1899 3900 1980 3962 et
2037 3885 2446 3962 delectan-

189 3989 328 4065 dos
358 3991 675 4066 animos
713 3992 1235 4086 audientium,
1270 3993 1369 4070 ad
1401 4017 1677 4069 sensus
1705 4013 2041 4089 magnos
2070 3986 2444 4066 affectus-

188 4118 334 4193 que
363 4093 863 4189 movendos,
924 4111 1361 4198 rerumque
1391 4095 1869 4172 mirabilium
1899 4092 2442 4195 phantasmata

186 4221 355 4273 cum
391 4199 788 4275 elicienda
826 4211 907 4275 et
934 4198 1352 4284 conflanda
1396 4213 1571 4276 tum
1621 4196 2134 4300 exprimenda
2180 4194 2442 4273 vivide

186 4312 260 4375 et
299 4301 749 4381 animanda.
860 4303 1190 4379 Nullum
1238 4317 1506 4380 autem
1555 4316 2004 4379 metrorum
2050 4323 2303 4398 genus
2337 4298 2438 4375 ad

182 4410 716 4484 narrationem
756 4404 1069 4508 epicam
1109 4408 1437 4485 virtutes
1478 4406 1781 4483 habere
1824 4419 1988 4481 tam
2039 4402 2325 4479 multas
2359 4414 2439 4479 et
