2882 5028
657 360 845 433 AD
949 355 1826 434 LIBRUMIII
2216 360 2372 437 575

319 547 621 624 Gar-ribam
636 591 654 622 ,
705 548 984 609 Etruriae
1012 566 1167 626 quae
1203 547 1351 608 urbs
1394 547 1473 606 ait
1485 592 1505 623 ,
1557 546 1621 607 in
1672 547 2143 608 controversiam
2183 548 2374 624 venit,

164 633 256 695 sed
281 636 414 694 satis
442 635 561 694 iam
587 634 826 694 Cluver.
854 634 981 694 Ital.
1013 642 1140 692 ant.
1171 654 1229 712 p.
1254 634 1380 697 590
1405 653 1554 711 sqq„
1596 643 1657 693 et
1683 651 1877 714 nuper
1903 630 2121 695 Goritis
2150 653 2183 691 a
2212 634 2374 692 Bur-

165 740 360 781 manno
383 721 495 781 iam
521 719 805 780 laudatus
831 719 1015 779 lnscr.
1041 720 1247 779 Etrur.
1281 718 1450 778 Tom.
1476 719 1548 792 11,
1576 739 1635 798 p.
1659 720 1804 793 364,
1847 721 1952 798 qui
1989 730 2192 780 tamen
2228 719 2375 778 Clu-

162 806 367 866 verium
424 807 545 866 sere
601 807 905 884 sequitur,
972 804 1336 884 argumentis
1391 803 1625 863 idoneis
1681 807 2026 881 evicerunt,
2083 822 2207 863 esse
2245 823 2377 863 eam

176 893 483 951 Cononem.
530 890 704 964 Quae
732 911 870 951 cum
917 891 1083 950 varie
1123 890 1267 950 olim
1301 890 1665 950 scriberetur
1680 934 1698 965 ‚
1743 890 2179 968 habereturque
2229 890 2378 950 urbs

159 976 519 1037 Etruscorum
552 977 997 1054 antiquissima:
1039 975 1163 1036 vid.
1200 975 1441 1054 Dionys.
1470 977 1514 1051 1,
1557 980 1659 1040 20.
1701 978 1785 1041 26
1827 975 1919 1058 (at
1956 977 2019 1037 in
2065 975 2377 1036 Herodoto

160 1063 198 1135 1,
226 1063 300 1126 57
340 1062 632 1123 Cortonae
659 1062 861 1121 nullus
891 1061 1059 1120 locus
1096 1079 1221 1120 esse
1250 1069 1483 1140 potest,
1540 1070 1600 1120 et
1636 1080 1799 1119 mera
1837 1063 2065 1121 somnia
2107 1062 2379 1123 continet

160 1146 353 1207 Ridols.
416 1151 483 1208 V
479 1152 642 1207 enata
671 1146 907 1206 libellus
939 1146 1014 1205 de
1044 1147 1289 1224 antiqua
1316 1146 1635 1206 Cortona
1617 1167 1684 1205 ιιι
1722 1148 1896 1205 Dias.
1947 1146 2101 1207 deu’
2134 1148 2370 1206 Accad.

157 1233 214 1291 da·
241 1234 482 1293 Cortona
530 1234 601 1293 T.
644 1233 744 1307 lv,
766 1232 836 1291 N.
882 1230 978 1310 1);
1021 1233 1277 1292 nominis
1323 1231 1651 1292 similitudo
1693 1231 1863 1291 facile
1899 1233 1980 1291 ad
2023 1230 2376 1311 Corythum,

157 1307 393 1378 Dardani
423 1329 692 1399 patrem,
736 1318 957 1376 ducere
981 1319 1215 1397 potuit,
1262 1318 1430 1396 quasi
1470 1318 1520 1376 is
1553 1318 1763 1378 urbem
1804 1317 2171 1377 condidisset
2208 1317 2379 1396 eique

154 1404 488 1483 imperasset.
577 1404 736 1462 Hinc
768 1403 928 1462 inter
956 1423 1119 1483 reges
1164 1413 1226 1463 et
1270 1403 1611 1463 conditores
1655 1403 2110 1483 Tyrrhenorum
2154 1404 2380 1464 censeri

156 1490 327 1569 eoepit
354 1488 686 1570 Corythus,
725 1489 889 1550 unde
914 1499 1093 1568 poeta
1127 1489 1370 1568 Corythi
1396 1488 1566 1548 urbes
1594 1510 1705 1567 pro
1742 1488 2078 1568 Tyrrhenia
2120 1489 2222 1549 lib.
2272 1490 2378 1565 lx,

159 1578 240 1639 10.
264 1577 336 1652 X,
362 1580 509 1654 719,
536 1584 603 1635 et
630 1594 733 1651 eo,
779 1594 956 1652 quem
987 1595 1171 1656 supra
1210 1575 1547 1656 posuimus,
1592 1575 1753 1635 loco:
1800 1576 2118 1656 Corythum
2159 1589 2376 1635 ten-as-

155 1682 250 1738 que
272 1668 527 1742 requirat
559 1663 886 1721 Ausonias.

296 1781 362 1840 In
392 1780 831 1842 recentioribus
853 1779 1072 1861 passim
1100 1780 1377 1861 interpp.,
1418 1801 1480 1841 v.
1511 1800 1561 1840 c.
1592 1780 1668 1840 ad
1695 1780 1793 1858 111,
1831 1786 1972 1858 167,
2016 1782 2204 1841 multa
2236 1800 2380 1862 per-

152 1883 332 1944 peram
356 1867 727 1941 traduntur,
771 1886 923 1944 quae
949 1886 1024 1925 ex
1050 1866 1296 1925 Anienis
1336 1866 1549 1926 fabulis
1589 1867 1770 1947 petita
1814 1866 2197 1947 deprehendi.
2284 1866 2381 1926 Ad

153 1950 559 2014 Graeculorum
592 1962 924 2011 commenta
956 1954 1247 2033 pertinet,
1311 1952 1478 2030 quod
1524 1951 1597 2010 de
1632 1952 1793 2031 galea
1836 1954 2098 2013 Dardani
2141 1949 2380 2036 (κόρυς)

150 2048 546 2120 perstrepunt,
592 2046 655 2096 et
684 2038 848 2117 quod
883 2037 1216 2118 Corythum
1246 2037 1617 2118 Tyrrheniae
1640 2039 1720 2097 ad
1751 2038 1981 2099 Paridis
2020 2060 2094 2099 ex
2136 2040 2382 2100 Oenone

151 2121 316 2184 filium
342 2127 652 2199 referunt,
694 2124 975 2203 quodque
1007 2123 1354 2183 Dardanum
1382 2144 1459 2181 ex
1488 2125 1702 2200 Creta,
1741 2124 1905 2183 unde
1949 2126 2176 2186 Teucer
2230 2146 2381 2206 pro-

151 2210 318 2270 fectus
356 2221 519 2287 erat,
565 2218 887 2289 repetunt,
929 2210 1028 2270 vel
1065 2209 1142 2268 ad
1182 2210 1346 2269 Idam
1392 2219 1455 2268 et
1498 2211 1655 2269 circa
1701 2210 2130 2271 Scamandrum
2170 2222 2383 2272 natum

154 2293 466 2373 affirmant,
512 2305 578 2356 et
603 2295 779 2380 plura
825 2294 955 2355 alia.
1042 2295 1244 2372 Quam
1282 2295 1529 2373 vellem,
1586 2296 1804 2357 multas
1849 2297 2077 2357 fabulas
2116 2298 2181 2357 in
2217 2296 2384 2358 hunc

150 2381 371 2443 modum
401 2382 613 2445 detexi
642 2380 870 2446 liceret.

299 2504 376 2565 Ut
428 2513 640 2566 autem
692 2495 766 2564 iis
814 2501 1316 2576 adolescentibus,
1375 2500 1592 2578 quibus
1637 2500 1805 2578 libri,
1865 2501 2027 2562 unde
2074 2501 2223 2565 haec
2262 2503 2386 2584 peti

152 2601 407 2667 possunt,
449 2612 580 2655 non
607 2588 689 2649 ad
714 2609 926 2649 manus
962 2596 1139 2662 sunt,
1202 2587 1283 2647 ad
1320 2587 1771 2667 intelligendum
1816 2587 1964 2647 haec
2001 2592 2198 2649 omnia
2243 2590 2386 2649 satis

151 2674 256 2735 sint
278 2677 484 2753 obvia,
528 2676 874 2756 progeniem
916 2672 1182 2733 Dardani
1225 2682 1288 2731 et
1330 2671 1432 2731 hic
1470 2673 1801 2734 secundum
1836 2674 2079 2735 Homer.
2121 2675 2287 2735 Iliad.
2325 2699 2387 2751 υ,

152 2762 260 2828 214
283 2783 408 2843 sqq.
450 2763 706 2840 Dionys.
730 2760 919 2820 Halic.
963 2761 1008 2833 1,
1047 2763 1129 2826 62
1173 2768 1235 2818 et
1279 2757 1629 2838 Apollodor.
1670 2760 1769 2834 111,
1822 2765 1903 2835 12
1950 2769 2217 2838 repetere
2263 2781 2387 2821 non

152 2845 368 2924 pigebit.
411 2850 491 2910 cf.
523 2847 776 2908 Diodor.
816 2846 915 2921 lv,
963 2847 1065 2910 75.
1150 2845 1222 2904 In
1259 2845 1330 2904 iis
1371 2852 1571 2903 tamen
1592 2887 1608 2914 ,
1665 2864 1816 2924 quae
1860 2845 1937 2904 ab
1978 2846 2107 2906 aliis
2154 2847 2389 2907 diverse

152 2932 494 3010 traduntur,
539 2955 604 2995 v.
633 2953 683 2994 c.
713 2953 749 2992 a
779 2933 955 3010 Dicty
983 2930 1087 2990 lib.
1117 2930 1162 3006 1,
1191 2949 1242 2989 c.
1276 2933 1337 3005 9,
1374 2928 1477 2988 hic
1501 2950 1624 2989 non
1650 2930 2037 2992 morabimur.

300 3055 647 3114 Dardanus
673 3071 748 3111 ex
777 3051 979 3129 Batia,
1024 3048 1240 3110 Teucri
1275 3051 1349 3126 s.,
1406 3051 1571 3108 llum
1601 3059 1663 3110 et
1690 3050 2149 3111 En'chthonium
2196 3051 2387 3111 susci-

154 3134 243 3214 pit.
323 3140 444 3200 Ilua
471 3140 607 3199 sine
632 3137 803 3219 prole
829 3136 1106 3197 moritur.

303 3259 734 3319 Erichthonius
879 3253 1221 3316 Callirrhoe
1259 3255 1646 3330 Scamandri,
1703 3264 1773 3315 ut
1831 3256 2104 3338 Dionys„
2161 3257 2258 3319 vel
2315 3275 2392 3317 ex

156 3339 433 3424 Astyoche
464 3346 713 3405 Simoen
893 3351 1060 3403 creat
1097 3345 1308 3401 Troem
1321 3365 1347 3416 ;
1401 3363 1435 3400 a
1462 3362 1582 3422 quo
1622 3344 1796 3401 Troes
1825 3342 1987 3403 dicti.

315 3468 463 3525 Τιω
485 3485 567 3524 ax
598 3461 931 3522 Callirrhoe
967 3462 1349 3538 Scamandri,
1410 3471 1486 3521 ut
1530 3460 1807 3541 Apollod.
1853 3471 1913 3521 et
1955 3463 2164 3522 Conon
2208 3483 2259 3522 c.
2312 3466 2394 3528 12

157 3544 244 3626 (ex
269 3549 633 3624 Acallaride,
675 3548 960 3608 Eumedis
986 3550 1025 3607 s.
1045 3556 1119 3607 ut
1154 3545 1419 3629 Dionys.)
1464 3549 1627 3608 Ilum
1648 3592 1669 3621 ,
1719 3550 2090 3608 Assaracum
2106 3593 2124 3624 ,
2178 3550 2394 3627 Gany-

157 3639 392 3711 medem,
442 3656 589 3696 cum
627 3635 946 3711 Cleopatra
975 3643 1233 3713 generat.
1318 3634 1446 3694 Iam

305 3758 651 3816 Assaracus
696 3751 1114 3815 Hieromneme
1171 3754 1487 3814 Simoentis
1539 3754 1579 3813 f.
1634 3753 1732 3815 vel
1781 3753 2107 3834 Clytodora
2147 3754 2395 3814 Laome-

628 3836 715 3859 υ

2025 3838 2227 3901 dontis
2268 3842 2311 3900 f.

523 3864 1010 4053 &Ass-Themis
1050 3947 1124 4007 Ili
1168 3949 1211 4009 f.
1255 3949 1355 4011 vel
1393 3948 1535 4009 Nais
1575 3949 1840 4031 nympha

624 4058 919 4204 Acilii-see
950 4176 1025 4190 --
1062 4143 1264 4203 Venus

158 4392 234 4451 121·
258 4405 493 4474 autem,
536 4417 578 4458 a
607 4416 726 4476 quo
755 4317 1282 4462 Ibe-:rinmchaiiditum
1297 4440 1317 4477 ‚
1353 4399 1667 4480 progenies
1692 4334 2085 4474 Lahmedon;
2130 4400 2419 4458 Laome-¹
