2882 5028
327 2530 328 2533 ’
429 2521 536 2575 279
572 2517 707 2572 obm.
749 2539 859 2573 uno
895 2522 1030 2574 alter
1073 2525 1279 2591 Menag.

446 354 601 430 640

931 351 1013 425 P.
1067 349 1600 428 VIRGILII
1645 348 2194 426 MARONIS

437 537 872 615 Debentur.
979 535 1150 612 Tali
1179 534 1576 634 Cyllenius
1607 560 1750 613 ore
1782 535 2094 613 locutus

436 639 787 718 Mortalis
815 639 1024 715 visus
1057 639 1333 716 medio
1361 663 1739 716 sermone
1765 639 2109 740 reliquit,

433 747 536 821 Et
565 741 845 845 procul
881 744 960 818 in
998 755 1329 819 tenuem
1363 768 1455 818 ex
1484 743 1733 819 oculis
1768 745 2083 819 evanuit
2118 767 2406 820 auram,

537 852 637 924 At
665 869 859 926 vero
892 840 1199 922 Aeneas
1226 846 1603 947 adspectu
1637 845 2040 927 obmutuit
2067 871 2363 942 amens»,

435 949 988 1052 Adrectaeque
1077 948 1419 1027 horrore
1507 974 1784 1026 comae
1811 1009 1832 1043 ‚
1940 964 2023 1026 et
2096 976 2250 1025 vox
2329 946 2683 1025 faucibus

1590 1052 1862 1132 haesit.

2539 1061 2684 1132 280

443 1155 687 1234 Ardet
716 1156 931 1232 abire
958 1154 1179 1254 fuga,
1238 1155 1649 1258 dulcisque
1679 1155 2133 1257 relinquere
2168 1169 2439 1253 εει-τηε,

434 1259 860 1337 Adtonitus
887 1272 1108 1335 tanto
1143 1260 1461 1336 monitu
1492 1260 1995 1361 imperioque
2023 1259 2388 1339 deorum.

436 1368 655 1463 Heu,
728 1362 922 1465 quid
973 1372 1196 1461 agat?
1273 1389 1438 1466 quo
1484 1387 1700 1444 nunc
1752 1365 2108 1461 reginam
2183 1362 2491 1439 ambire
2564 1359 2686 1437 fu—

1597 1480 1915 1542 rentem

434 1569 745 1646 Audeat
777 1563 1046 1645 adfatu
1066 1578 1101 1646 ?
1156 1594 1358 1670 quae
1397 1570 1650 1670 prima
1683 1569 2001 1646 exordia
2033 1578 2347 1647 sumat?

433 1678 694 1775 Atque
753 1674 1110 1749 animum
1166 1698 1380 1749 nunc
1432 1673 1594 1750 huc
1668 1673 2060 1771 celerem,
2126 1697 2344 1750 nunc
2414 1669 2685 1852 (Ιίνὶιέἰέ

2539 1785 2589 1855 2

536 1884 709 1961 285.
764 1884 1104 1972 *Arotm

568 2104 674 2159 276
707 2102 947 2158 Debetur
982 2107 1186 2173 Hagen.
1225 2113 1281 2156 et
1322 2122 1406 2174 pr.
1448 2103 1696 2156 Rotteud.
1741 2121 1772 2155 a
1813 2122 1880 2156 m.
1920 2122 2000 2174 pr.
2041 2122 2089 2156 v.
2128 2103 2226 2170 IX,
2259 2102 2384 2158 619.
2440 2100 2689 2171 (debetur

973 2176 1116 2244 quod
1153 2173 1363 2226 minime
1397 2173 1835 2243 praetereundum
1874 2184 2014 2237 erat,
2059 2172 2218 2225 litera
2248 2192 2284 2225 n
2315 2172 2511 2224 abrasa
2534 2184 2611 2224 est
2633 2171 2686 2222 in

434 2173 589 2224 etiam
615 2175 666 2228 7.
709 2174 809 2234 12..
853 2183 925 2240 et,

431 2241 704 2304 Mediceo;
738 2241 843 2294 vid.
870 2247 936 2308 Q.
979 2247 1046 2297 V.
1072 2247 1210 2309 VIII,
1243 2246 1295 2308 3,
1332 2261 1379 2294 ι.
1410 2252 1469 2293 et
1501 2243 1650 2306 XVI,
1684 2245 1737 2297 5.
1782 2253 1919 2295 extr.

1599 1776 1809 1875 illue,

1990 2243 2204 2306 Interim
2248 2242 2453 2294 aurium
2493 2241 2682 2294 iudica

429 2312 534 2363 hoc
560 2310 718 2374 dedi,
765 2320 824 2363 ut
870 2332 991 2365 rece
1031 2327 1132 2366 tam
1168 2313 1451 2365 lectionem
1487 2330 1765 2364 servarem.
1801 2314 1946 2380 Wr.)
2032 2301 2163 2365 voce
2199 2312 2423 2366 locutas
2471 2310 2681 2364 nonin.

431 2383 535 2436 277
571 2385 624 2431 0.
655 2399 702 2433 o.
731 2380 768 2438 l.
795 2384 984 2435 Morta
1008 2387 1058 2435 e's
1078 2385 1173 2435 Ge.
1205 2381 1406 2435 Fabric.
1438 2381 1495 2433 In
1523 2400 1619 2433 ms.
1643 2381 1873 2433 iunctum
1908 2382 2129 2434 viderat.
2198 2383 2257 2433 in
2288 2400 2543 2434 sermone
2584 2380 2678 2432 ali-

432 2459 563 2521 quot
584 2451 754 2501 Burm.
826 2452 1088 2523 relinquit
1113 2455 1231 2505 Exc.
1257 2454 1426 2502 Burm-

1568 2453 1673 2505 278
1700 2455 1975 2504 iuvenuit
2005 2454 2207 2521 Hagen.
2279 2450 2528 2504 umbram
2556 2453 2675 2503 Ven-

1411 2522 1519 2575 280
1548 2526 1780 2573 Erectae
1818 2540 1885 2573 ue
1905 2540 2002 2604 ‘pn
2044 2521 2229 2573 Hamb.
2273 2538 2374 2589 pro
2412 2541 2523 2573 var.
2562 2521 2675 2572 lect.

430 2608 480 2643 v-
508 2589 601 2640 inf.
628 2590 696 2651 V,
732 2591 847 2643 138.
949 2594 1055 2646 282
1077 2588 1301 2664 impet-1⁵0
1330 2593 1644 2672 monituque
1669 2609 1770 2660 apu
1833 2592 2081 2644 Pnscian.
2109 2591 2202 2642 lib.
2228 2592 2547 2646 x1.283
2568 2591 2677 2661 agit

432 2677 535 2711 sec.
563 2660 812 2710 Rottend.
861 2679 1094 2731 quonam
1124 2672 1235 2713 tres
1268 2663 1439 2711 Burm-
1468 2670 1523 2711 et
1552 2670 1630 2711 ita
1657 2664 1705 2712 N
1712 2660 1879 2713 onius.
1926 2681 2161 2732 quonam
2185 2660 2339 2712 Letd.
2455 2659 2565 2715 284
2590 2657 2675 2731 as-

418 2728 607 2801 fatum
632 2730 753 2781 Exc.
791 2730 958 2782 Burm.
1029 2743 1084 2782 et
1112 2749 1251 2812 quae
1277 2730 1399 2793 alii,
1435 2730 1531 2781 sed
1561 2729 1771 2781 sustulit
1802 2727 1869 2784 τὸ
1906 2744 1960 2783 ει
1989 2731 2190 2796 Heius„
2238 2730 2600 2782 Pierianorum
2626 2739 2675 2779 et

430 2814 639 2850 suorum
665 2798 916 2850 librorum
945 2810 1271 2852 auctoritate.

1403 2801 1510 2853 285
1541 2804 1723 2870 Atque
1753 2816 1933 2852 omnes
1981 2801 2136 2853 codd.
2178 2809 2234 2851 et
2272 2800 2453 2853 schol.
2496 2800 2675 2868 Crnqu.

431 2867 640 2921 Horatii
679 2869 727 2919 11
762 2868 858 2919 Od.
903 2871 988 2923 16.
1058 2871 1412 2940 Importunum
1444 2878 1618 2920 tamen
1659 2878 1712 2920 et
1750 2869 1894 2921 forte
1932 2887 1995 2923 ex
2031 2870 2128 2921 lib.
2170 2870 2310 2935 VIII,
2344 2871 2420 2923 20
2458 2869 2676 2928 illatum.

430 3040 651 3099 urbem.
702 3042 800 3099 Sic
825 3061 1073 3119 surgens
1102 3063 1294 3120 sege-⁹,
1342 3044 1512 3102 olea-

1596 3075 1680 3090 —
1715 3040 1949 3125 θαλερή
1988 3041 2055 3106 δέ
2114 3044 2180 3107 οἷ
2222 3042 2427 3124 ἔσχετο
2481 3038 2674 3125 φωνή.

430 3139 567 3184 ειεν.
656 3127 734 3184 Et
788 3127 1008 3185 iterum
1060 3127 1173 3203 VI,
1228 3127 1354 3193 364
1401 3150 1517 3207 per
1598 3130 1673 3189 cf.
1701 3128 1870 3191 Iliad.
1903 3152 1970 3206 ω,
2013 3133 2139 3196 858
2162 3150 2290 3208 sqq.

431 3233 598 3289 spem
643 3215 938 3289 surgentis
972 3213 1119 3270 lali.

514 3368 639 3429 276
664 3396 738 3408 -
756 3368 900 3428 278.
929 3366 1046 3423 tali
1069 3386 1187 3443 ore,
1221 3368 1511 3431 oratione.

429 3450 588 3509 Serv.
674 3450 1004 3508 Discesaum
1050 3449 1216 3510 hunc
1249 3452 1342 3510 dei
1384 3474 1512 3513 non

428 3544 741 3614 expectata
827 3534 1057 3594 Aeneae
1128 3539 1511 3598 excusatione

429 3620 802 3698 aliquantum
841 3623 986 3681 artis
1029 3620 1281 3698 habere,
1327 3624 1510 3683 etiam

428 3706 620 3765 Cerda
656 3707 829 3766 vidit.
892 3709 966 3767 cf.
1006 3708 1115 3767 inf.
1164 3708 1239 3767 de
1277 3710 1508 3769 Didone

427 3795 552 3856 888
613 3812 768 3870 sqq.;
858 3814 1218 3872 quamquam
1263 3793 1382 3854 hoc
1441 3796 1509 3854 in

427 3877 678 3936 deorum
751 3878 1020 3957 alloquiis
1091 3880 1511 3957 frequentissi-

424 3983 588 4022 mum
621 3982 743 4021 esse
782 3966 952 4024 solet.
997 3966 1070 4023 cf.
1103 3965 1209 4025 inf.
1233 3966 1338 4041 IX,
1362 3966 1507 4032 656.

427 4051 570 4116 657.
628 4048 780 4107 adde
823 4070 954 4129 sup.
995 4051 1245 4111 Excurs.
1287 4052 1364 4110 ad
1405 4052 1509 4113 lib.

423 4134 469 4210 1,
514 4134 659 4198 402.

505 4292 650 4353 279.
687 4291 833 4355 280.
871 4286 1216 4350 Homerica:
1265 4294 1399 4370 Στῆ·
1439 4288 1507 4354 δὲ

420 4371 651 4454 ταφών.
729 4369 949 4457 Ὀρθαὶ
996 4373 1062 4437 δὲ
1098 4377 1288 4458 τρίχες
1329 4376 1507 4440 ἔσταν

1684 3261 2042 3334 281—284.
2092 3265 2322 3344 Egregii
2346 3285 2679 3326 versusre-

1595 3372 1735 3411 rum
1767 3352 2023 3410 veritate
2061 3360 2122 3409 et
2155 3351 2488 3411 verborum
2528 3353 2677 3412 dile-

1596 3446 1719 3497 ctu.
1803 3437 2003 3496 Heu?
2045 3436 2196 3516 quid
2226 3450 2423 3515 agat,
2471 3448 2547 3498 ut
2575 3439 2677 3514 IX,

1596 3527 1720 3587 399
1754 3532 1815 3582 et
1842 3523 1916 3582 al.
1950 3519 2251 3603 (Explicm
2280 3526 2553 3584 incertus
2575 3534 2675 3598 est,

1594 3608 1741 3686 quid
1787 3617 1919 3686 agat
1932 3630 1951 3685 3
2019 3610 2092 3667 cs.
2122 3608 2293 3668 Obss.
2338 3609 2419 3669 ad
2461 3611 2673 3670 Tibnn.

1592 3693 1639 3769 1,
1684 3697 1744 3767 9,
1789 3698 1891 3758 89.
1976 3693 2147 3767 Vide,
2190 3713 2346 3772 quae
2374 3696 2674 3756 Herman-

1593 3799 1707 3838 nus
1745 3779 1822 3838 ad
1861 3779 2056 3858 Viger.
2083 3800 2141 3859 p.
2168 3780 2314 3844 742.
2341 3781 2418 3840 de
2445 3782 2672 3843 Graeco

1593 3866 1652 3925 τί
1708 3864 1861 3946 λέγω
1916 3864 2282 3945 explanavit.
2371 3867 2474 3928 Vs.
2530 3868 2667 3933 285.

1598 3950 1787 4009 oratio
1817 3951 1902 4008 ita
1946 3970 2054 4030 per
2083 3949 2443 4033 particulam
2482 3956 2669 4033 Atque

1598 4036 2017 4112 continuatur,
2082 4037 2251 4115 quasi
2295 4037 2666 4118 praecesserit

1595 4124 1851 4180 moer-lue
1884 4134 1968 4181 eet
1983 4166 2003 4197 ,
2057 4145 2116 4201 q.
2156 4143 2262 4200 ag.
2315 4126 2423 4185 W
2413 4124 2508 4183 ch.
2552 4121 2661 4183 n‘d.

1594 4207 1770 4265 etiam
1814 4206 1883 4265 V.
1922 4207 1983 4266 1..
2027 4207 2109 4266 ad
2147 4227 2239 4268 vs.
2277 4209 2425 4273 285.
2505 4207 2665 4269 Adeo

1594 4293 1670 4367 Q.
1705 4293 1775 4354 V.
1823 4292 2052 4368 xxx1,
2105 4298 2205 4358 11.
2265 4292 2511 4355 Iahnius
2541 4292 2662 4355 vult

1592 4376 1712 4438 hoc
1740 4380 1939 4459 Atque
1976 4377 2055 4437 ad
2097 4398 2215 4439 vss.
2268 4383 2410 4445 181.
2446 4400 2532 4459 sq.
2567 4396 2662 4440 re-

2840 3314 2848 3405 J
