2882 5028
808 376 998 448 AD
1103 374 1758 451 LIBRUM
1859 378 1945 451 11
2363 386 2516 463 395

237 562 367 623 Sed
402 561 468 621 in
489 561 691 623 Sebol.
736 564 1042 646 Aristoph.
1073 565 1246 626 Avib.
1285 566 1450 632 1555
1486 560 1970 667 κωμῳδρίμενος
1992 569 2202 648 aliquis
2235 571 2520 635 Pisander

236 659 655 725 memoratur,
698 654 875 712 cuius
902 672 1076 731 saepe
1113 653 1276 732 apud
1301 652 1502 714 Schol.
1533 655 1759 713 mentio
1794 654 1899 731 fit,
1944 655 2049 733 qui
2088 657 2266 716 etiam
2310 660 2518 720 Plato-

234 737 341 797 nis
379 736 760 796 comoediam
809 758 883 798 eo
942 738 1184 798 nomine
1225 739 1568 819 insignitam
1620 740 1848 800 laudat.
1950 740 2125 801 Adde
2166 743 2414 804 Suidam
2452 747 2518 805 in

235 823 339 885 Εἴ
356 846 421 884 τι
453 818 871 903 Πεισάνδρου.
957 825 1149 885 Etiam
1191 827 1563 886 Hsandmm
1586 826 1920 904 Physicum
1954 827 2304 906 Fulgentius
2351 832 2517 892 exci-

235 919 335 969 tat
361 908 776 990 mytholog.1‚
809 910 922 988 145
963 930 1178 971 verum
1207 912 1646 971 Grammaticus
1675 912 1821 971 ille'
1805 933 1869 971 ιιι
1908 915 2273 993 scriptorum
2319 919 2517 977 nomi-

236 996 430 1055 nibus
459 996 712 1055 omnino
743 1005 834 1055 est
867 997 1487 1057 contaminatissimas.
1575 997 1692 1057 Sed
1733 1001 2037 1077 antiquior
2077 1000 2177 1059 ille
2220 1003 2522 1061 Pisander

232 1083 412 1142 inter
439 1083 746 1162 principes
774 1092 984 1162 poetas
1023 1083 1222 1163 epicos
1257 1093 1395 1163 post
1432 1083 1796 1159 Homerum,
1851 1083 2215 1162 Hesiodum,
2272 1087 2515 1167 Panya-

232 1169 333 1228 sin
370 1178 443 1227 et
472 1167 909 1228 Antimachum
939 1169 1056 1228 suit
1100 1167 1381 1246 habitus,
1443 1179 1504 1228 et
1556 1191 1588 1228 a
1641 1170 2058 1230 Grammaticis
2098 1171 2516 1234 Alexandrinis

231 1255 302 1314 in
335 1274 645 1315 canonem
680 1265 742 1314 et
767 1254 1002 1335 cyclum
1036 1255 1273 1334 epicum
1295 1257 1553 1316 relatus:
1595 1276 1655 1316 v.
1684 1276 1816 1335 sup.
1841 1277 1899 1336 p.
1932 1255 2091 1332 8543
2121 1257 2276 1317 adde
2303 1259 2513 1358 fragm.

234 1341 570 1402 Censorini
608 1361 662 1401 c.
705 1344 746 1405 9
823 1350 885 1400 et
928 1341 1090 1401 idem
1128 1336 1570 1423 διασημότατος
1610 1338 1868 1421 ποιητής
1922 1342 2087 1422 apud
2132 1342 2413 1423 stephan.
2450 1347 2515 1404 in

235 1420 641 1510 Καμιρεύς,
685 1425 1135 1501 Quinctiflanus
1163 1447 1311 1488 vero
1350 1429 1429 1504 X,
1478 1432 1535 1503 1,
1584 1432 1698 1493 56:
1766 1429 1988 1504 Quid?
2040 1431 2328 1488 Herculis
2369 1442 2512 1489 acta

230 1534 361 1574 nm
387 1513 545 1573 bene
576 1514 917 1573 Pisander?
1000 1512 1306 1574 Habemus
1334 1532 1576 1592 quoque
1602 1513 1666 1573 in
1701 1514 1827 1572 eius
1866 1513 2110 1573 laudern
2139 1515 2514 1595 Epigramma

229 1600 409 1661 inter
432 1597 793 1658 Theocritea
823 1600 963 1658 XX.
1049 1600 1246 1659 Etiam
1280 1600 1500 1658 Strabo
1521 1599 1681 1675 XIV,
1707 1619 1840 1678 pag.
1870 1600 1996 1667 655
2043 1600 2109 1659 Ι).
2164 1602 2327 1660 inter
2355 1602 2513 1660 cele-

231 1687 382 1746 bres
413 1683 714 1761 Rhodios,
742 1685 849 1747 καὶ
878 1687 1256 1765 Πείσανδρος
1287 1682 1354 1747 δὲ
1386 1683 1426 1748 o‘
1448 1681 1561 1764 τήν
1601 1681 1956 1766 Ἡράκλειαν
1982 1680 2248 1767 γράψας,
2268 1681 2513 1761 Ῥόδιος.

234 1772 420 1832 Idem
452 1772 560 1832 lib.
585 1770 721 1847 XV,
757 1791 817 1850 p.
850 1774 978 1835 688
1002 1773 1087 1847 C.,
1130 1772 1233 1832 ubi
1272 1770 1345 1831 de
1368 1770 1592 1830 Bacchi
1622 1780 1685 1830 et
1705 1769 1981 1830 Herculis
2022 1771 2083 1830 in
2126 1772 2357 1832 Indiam
2399 1792 2512 1830 ex-

234 1857 670 1940 peditionibus
699 1858 853 1936 agit,
892 1857 1040 1918 dum
1070 1858 1289 1918 refellit
1318 1856 1616 1934 fabulam,
1641 1855 1792 1916 haec
1817 1856 2079 1915 subiicit:
2125 1857 2330 1937 „quod
2356 1857 2516 1917 Her-
2607 1854 2612 1859 ’

237 1945 414 2005 cules
444 1943 640 2003 leonis
660 1942 865 2022 spoliis
894 1943 1178 2020 amictus,
1222 1952 1283 2002 et
1332 1943 1563 2003 clavam
1607 1951 1844 2043 gestans
1886 1940 2236 2047 exhibetur,
2296 1944 2513 2003 Troia-

236 2050 471 2092 narum
498 2049 711 2109 rerum
736 2030 1023 2090 memoria
1049 2030 1347 2138 posterius
1370 2038 1493 2102 est,
1538 2021 1787 2134 πλάσμα
1829 2052 1958 2090 των
1995 2051 2111 2106 την
2158 1989 2517 2109 [PI'ooinlttoev

240 2110 688 2196 ποιησόντων,
727 2116 846 2178 εἴτε
877 2106 1324 2198 Πείσανδρος
1278 2138 1397 2195 ην,
1445 2106 1558 2176 εἴτ’
1597 2110 1780 2187 auo,-
1801 2138 1907 2188 τις.
1914 2117 1951 2148 “
2034 2113 2218 2189 Quod
2258 2136 2378 2175 non
2427 2115 2513 2173 ita

248 2198 709 2282 accipiendum,
754 2202 925 2280 quasi
954 2202 1216 2277 suerint,
1259 2200 1363 2280 qui
1389 2220 1503 2299 pro
1529 2219 1597 2260 re
1637 2200 1865 2262 incerta
1905 2197 2229 2276 haberent,
2289 2222 2366 2261 an
2410 2201 2514 2260 Pi-

251 2287 472 2348 nuder
495 2286 825 2348 Heracleae
845 2296 1058 2346 auctor
1084 2297 1265 2363 esset;
1307 2286 1420 2346 etsi
1446 2285 1641 2345 Pisino
1679 2285 1893 2345 Lindio
1921 2285 2274 2346 Pisandrum
2311 2287 2514 2345 suble-

252 2374 409 2455 gisae
427 2372 790 2440 Heracleam
815 2374 966 2432 sama
995 2372 1133 2432 olim
1168 2372 1310 2448 suit,
1368 2382 1444 2432 ut
1487 2391 1565 2430 ex
1605 2371 1909 2431 Clemente
1947 2370 2118 2432 Alex.
2161 2373 2514 2451 intelligitur

253 2459 604 2534 Strom.V1,
649 2479 707 2540 p.
738 2463 866 2524 266
899 2459 937 2518 Γ.
962 2459 1131 2535 loco,
1174 2478 1295 2539 quo
1326 2456 1400 2517 de
1437 2459 1802 2538 scriptorum
1839 2458 2048 2539 plagiis
2086 2459 2237 2537 agit3
2280 2478 2513 2534 verum,

252 2548 391 2625 quia
429 2547 619 2628 plura
665 2546 928 2605 carmina
970 2544 1092 2605 hoc
1127 2545 1392 2611 nomine
1413 2544 1691 2623 insignita
1737 2546 1935 2620 suere,
1981 2564 2014 2603 e
2055 2545 2274 2622 quibus
2321 2565 2512 2606 unum

254 2632 498 2711 aliquod
537 2632 789 2693 exuvias
812 2631 1081 2690 leoninas
1108 2641 1173 2689 et
1210 2633 1444 2690 clavam
1488 2631 1752 2709 primum
1793 2630 1952 2689 inter
1992 2630 2225 2708 reliqua
2268 2631 2512 2691 Herculi

248 2719 572 2779 m‘buerat.
663 2717 806 2777 Fuit
838 2720 997 2776 enim
1039 2727 1100 2777 et
1128 2717 1243 2775 alia
1269 2710 1619 2796 Ἡράκλεια,
1680 2736 1832 2795 qnae
1874 2718 1938 2774 P
1932 2719 2191 2794 aurasia
2233 2715 2514 2776 Halicar-

267 2824 413 2865 nass.
434 2814 755 2864 auctorem
780 2801 1026 2876 habuit,
1070 2823 1250 2881 quam
1282 2801 1586 2861 Eratosth.
1611 2801 1677 2859 in
1717 2801 2120 2861 Catasterism.
2160 2821 2211 2861 c.
2258 2808 2332 2867 11
2376 2802 2508 2861 lau-

278 2886 404 2948 dat:
437 2894 504 2950 cf.
534 2888 741 2950 Schol.
765 2889 938 2949 Pind.
962 2889 1028 2948 Ρ.
1061 2893 1121 2964 8,
1153 2892 1276 2953 177
1305 2898 1368 2947 et
1395 2888 1494 2947 adi
1521 2876 1832 2947 Muncker.
1858 2887 1938 2947 ad
1972 2886 2259 2946 Antonin.
2289 2887 2429 2947 Met.
2461 2908 2510 2947 c.

279 2978 359 3039 20
373 2995 459 3055 pr.
547 2975 874 3054 Creophyli
911 2975 1194 3053 Οἰχαλίας
1218 2968 1447 3037 ἅλωσιν
1481 2974 1547 3033 111
1592 2992 1660 3031 ea
1705 2972 1885 3033 fuisse
1926 2973 2320 3051 exscriptam,
2378 2974 2514 3032 Cle-

272 3079 423 3120 mens
448 3061 627 3123 Alex.
659 3064 884 3121 Strom.
921 3060 1023 3136 VI,
1067 3080 1126 3140 p.
1172 3063 1299 3126 266
1336 3060 1377 3119 s.
1421 3059 1683 3140 prodere
1719 3058 1983 3120 videtur.
2070 3058 2190 3117 Sed
2233 3058 2312 3118 ad
2356 3058 2516 3121 hanc

267 3146 511 3208 alteram
533 3147 850 3207 Strabonis
883 3146 1178 3206 dubitatio
1203 3154 1475 3226 spectare
1501 3146 1610 3206 vix
1634 3145 1871 3225 potuit,
1919 3153 1993 3206 ut
2022 3164 2136 3205 nec
2162 3144 2237 3203 ad
2268 3145 2514 3205 alteram

258 3232 607 3314 NJmplu'os
633 3232 1056 3309 Heracleotae,
1101 3230 1414 3310 aliquoties
1440 3231 1507 3291 in
1525 3230 1732 3305 ‘SchoL
1760 3231 2063 3311 Apollonii
2088 3230 2415 3292 laudatam.

417 3319 736 3380 Hactenus
761 3319 836 3378 de
863 3318 1219 3398 antiquiore.
1305 3317 1626 3377 Videamus
1655 3318 1729 3377 de
1758 3320 1983 3391 altero,-
2029 3317 2132 3396 qui
2173 3317 2514 3378 Alexandro

248 3404 622 3467 Hammaeae
637 3405 970 3485 imperante
999 3405 1227 3476 floruit,
1268 3404 1535 3463 Nestoris
1559 3404 1956 3464 Larandensis
1979 3403 2044 3478 f.,
2082 3404 2359 3464 Laranda
2389 3404 2513 3483 Ly-

248 3494 500 3553 caoniae
528 3491 744 3572 etipse
777 3490 1100 3566 oriundus,
1143 3489 1374 3549 Habuit
1403 3488 1555 3547 adeo
1585 3500 1818 3569 patrem
1858 3490 1947 3548 rei
1991 3489 2262 3568 poeticae
2312 3490 2514 3551 studio

244 3600 375 3639 non
435 3579 645 3640 minus
702 3577 932 3637 clarum
973 3575 1175 3636 Severi
1215 3576 1362 3654 Imp.
1405 3584 1709 3653 tempore;
1751 3577 1824 3634 cs.
1871 3575 1945 3633 de
1991 3594 2063 3632 eo
2104 3575 2390 3636 Niclasius
2437 3576 2515 3635 ad

247 3666 535 3770 Geoppn.
582 3664 931 3742 Prolegom.
981 3682 1112 3742 pag.
1166 3661 1347 3721 [ΧΠ.
1433 3661 1582 3720 Fuit
1624 3658 1808 3720 huius
1849 3661 2119 3719 Nestoris
2157 3655 2347 3736 'Hias-
2390 3667 2515 3724 λει-

243 3744 728 3835 ψάμμης
1809 3748 1823 3787 ι

238 3837 620 3915 mationem
643 3767 994 3897 Menzifdff
978 3746 1600 3914 ιῗιῖἔὲῗὲρῗιῗῖἰίἓί..
1616 3764 1888 3893 iiipllllliet.
1892 3746 2041 3892 fxit?
2091 3748 2516 3909 Ἷὲἴίξίηέιιῐῗιιιιιε

240 3902 584 4000 Pisonem,
645 3942 801 4003 opus
851 3920 999 3995 fuit,
1059 3919 1225 3998 quod
1273 3918 1579 4000 Ἦραϊκων
1638 3922 1987 3999 θεογαμιῶν
2037 3918 2223 3978 titulo
2280 3920 2514 3994 Suidas,

234 4007 567 4091 Ἡρωΐκῶν
602 4010 963 4105 θεογαμιων
1001 4006 1272 4065 Zosimus
1310 4004 1465 4064 Hist.
1508 4005 1580 4079 V,
1629 4008 1712 4070 29
1755 4004 2023 4064 laudant.
2109 4004 2515 4067 Praetuleram

238 4092 581 4177 aliquando
611 4114 754 4157 cum
784 4091 1061 4152 Fabricio
1087 4092 1155 4151 B.
1190 4092 1261 4151 G.
1291 4092 1461 4150 Tom.
1496 4050 1593 4165 Vs,
1618 4112 1677 4171 p.
1706 4095 1829 4155 606
1857 4091 2024 4171 prius
2054 4111 2310 4170 nomen,
2357 4102 2515 4152 tam-

237 4200 431 4261 quam
468 4168 743 4263 ὠἭρα
787 4179 1077 4253 ductum,
1122 4175 1304 4297 quod
1317 4178 1479 4258 apud
1513 4177 1885 4238 Macrobium
1925 4175 2213 4237 Pisander
2269 4199 2345 4254 „a
2397 4199 2516 4239 ιιιι-

238 4267 384 4349 ptiis
411 4268 576 4330 Iovis
607 4276 671 4328 et
697 4245 995 4327 iunonis
979 4263 1304 4344 mcipiens“
1329 4264 1636 4324 universas
1661 4263 1941 4323 historias
1968 4271 2368 4344 persequutus
2391 4283 2515 4323 esse

238 4363 561 4432 narratur,
623 4354 891 4423 Verum,
954 4349 1189 4410 deserui
1246 4370 1344 4409 eas
1392 4360 1624 4450 partes,
1694 4351 1942 4410 meliora
2000 4348 2257 4408 edoctus
2295 4368 2433 4409 cum
2482 4371 2517 4408 a

236 4439 610 4503 Ruhnkenio
638 4437 903 4524 privatis
937 4435 1187 4510 litteris,
1232 4446 1363 4496 tum
1400 4438 1529 4518 ipso
1570 4436 1910 4496 litterarum
1950 4435 2244 4514 prosectu.
2334 4436 2515 4496 Recte
