2882 5028
526 330 678 405 m
1072 287 1971 400 EXCUR'SUS
2080 325 2248 404 v11

532 554 608 568 ..-
643 535 946 595 uncaeque
974 534 1190 574 mnus
1228 545 1299 560 —-
1347 517 1493 579 226.
1522 516 1768 592 magnis
1831 515 2070 574 uatium
2096 513 2470 593 clangoribus
2497 516 2616 575 alas
2640 545 2704 560 --

525 614 657 665 tum
688 602 962 661 voxdim
991 632 1079 647 --
1118 602 1262 666 233.
1294 599 1552 676 pedihus
1594 602 1784 659 uncis.
1903 596 2003 657 Ad
2034 598 2213 661 huius
2248 609 2455 680 poetae
2504 600 2705 663 ductum

528 687 911 768 cogitandum
933 685 1051 746 erit
1077 684 1155 745 de
1176 685 1421 745 alitibus
1449 684 1715 765 virgineo
1740 704 1844 745 ore
1866 683 2207 766 insignibus.
2252 687 2530 749 Convenit
2548 684 2703 746 schol.

526 772 822 854 Lycophr.
856 773 999 837 658.
1030 766 1275 851 σώματα
1301 774 1547 853 γυπῶν,
1589 765 1883 853 aptis-ama
1904 776 2109 853 κορῶν
2149 771 2421 852 ἔχουσαι,
2454 771 2553 832 sed
2583 771 2706 833 idem

526 861 678 920 miro
701 857 884 918 modo
914 856 1114 932 addit,
1161 847 1285 919 ὦτα
1318 851 1591 938 ἄρκτων,
1633 877 1808 916 ama
1838 858 2074 918 ursisaas
2106 875 2203 917 eas
2228 857 2461 920 habere.

697 943 819 1004 Iam
842 962 1148 1023 expressas
1174 940 1446 1001 videmus
1473 941 1538 1001 in
1569 941 1764 1002 numia
1797 961 1867 999 ac
1912 942 2154 1020 gemmis
2193 945 2413 1003 formas
2455 944 2707 1002 volucram

524 1033 722 1109 eapite
754 1032 1024 1108 virgineo
1052 1031 1510 1092 iaezstnectmcm:
1553 1047 1701 1106 quas
1726 1027 1909 1088 variis
1939 1028 2131 1088 modis
2168 1029 2536 1109 interpretari
2557 1027 2708 1088 soleat

524 1116 644 1177 viri
679 1115 876 1189 docti,
918 1113 1100 1173 modo
1140 1114 1406 1191 Sirenes,
1464 1113 1645 1172 modo
1690 1111 2161 1193 Stymphalides,
2217 1115 2398 1176 modo
2445 1111 2705 1194 Harpyias.

522 1201 822 1262 Posterius
843 1198 963 1259 hoc
984 1219 1120 1258 cum
1157 1198 1355 1276 aliqua
1391 1197 1814 1278 probabilitate
1852 1199 2032 1260 statui
2072 1219 2246 1279 posse
2285 1200 2549 1260 videtur:
2593 1218 2707 1258 oon-

527 1287 777 1347 veniunt
818 1286 976 1345 enim
1019 1286 1248 1344 formae
1287 1304 1423 1343 cum
1472 1284 1746 1363 exemplo
1788 1283 2140 1364 virgiliano,
2200 1286 2315 1345 nisi
2369 1285 2525 1364 quod
2558 1302 2707 1344 uncae

522 1393 740 1432 manus
767 1370 1015 1446 absunt,
1057 1379 1122 1429 et
1146 1370 1311 1446 quod
1339 1369 1687 1449 plerumque
1712 1370 1877 1447 galea
1912 1371 2187 1450 apposita
2226 1380 2319 1432 est
2355 1371 2548 1451 capiti:
2600 1367 2706 1430 vida

521 1459 725 1517 saltem
753 1457 1077 1517 Montsauc.
1105 1456 1272 1515 Tom.
1306 1454 1347 1515 1.
1385 1456 1467 1534 pl.
1508 1459 1653 1520 222.
1689 1455 1789 1515 vel
1832 1456 2032 1535 Beger.
2078 1455 2252 1517 Thes.
2290 1455 2507 1517 Brand.
2548 1457 2605 1515 Τ.
2636 1452 2705 1513 111.

519 1564 579 1623 p.
603 1547 748 1608 871.
839 1541 1085 1621 Propius
1110 1540 1186 1599 ad
1215 1539 1525 1618 Virgilium
1553 1559 1831 1620 expressa
1864 1549 1952 1601 est
1975 1542 2154 1601 facies
2180 1546 2241 1603 in
2276 1543 2422 1603 Cod.
2457 1541 2622 1603 Vatic.
2650 1537 2707 1597 sd

521 1628 666 1687 Aen.
701 1627 797 1702 Vl,
827 1631 974 1702 289,
1002 1626 1106 1685 ubi
1129 1627 1192 1686 in
1225 1626 1372 1685 locis
1406 1627 1609 1686 inseris
1632 1636 2044 1687 memorantur
2085 1628 2423 1707 Harpyia05
2471 1638 2553 1687 est
2578 1626 2706 1702 virgo

519 1715 603 1773 ibi
630 1715 789 1773 alata
818 1714 881 1773 in
911 1730 1084 1772 avem
1112 1711 1383 1772 desinens
1409 1730 1549 1774 cum
1581 1712 1854 1774 manibus
1892 1713 2078 1773 uncis.
2162 1715 2391 1782 Verum
2437 1714 2498 1773 in
2534 1729 2706 1772 monu-

519 1799 733 1862 mentis
756 1798 868 1859 hae
898 1797 1136 1858 absunt.
1209 1796 1430 1857 Addita
1449 1798 1633 1876 igitur
1660 1806 1749 1857 est
1765 1798 1929 1877 galea
1947 1842 1964 1872 ‚
2010 1799 2208 1858 nescio
2248 1820 2371 1878 qua
2410 1799 2483 1858 de
2522 1815 2707 1868 caussa

520 1894 625 1946 aut
652 1884 970 1945 dicendum
997 1892 1117 1955 est,
1161 1902 1390 1943 merum
1413 1882 1770 1963 phantasma
1793 1883 2123 1960 artificum,
2165 1886 2546 1965 symbolicum
2571 1884 2705 1951 sorte,

520 1990 648 2029 eam
672 1971 923 2050 speciem
943 1987 1084 2028 esse.
1172 1969 1426 2029 Possunt
1449 1987 1687 2047 quoque
1726 1970 1925 2030 omnia
1970 1968 2119 2030 haec
2156 1974 2386 2050 pariter
2425 1990 2540 2031 esse
2585 1985 2706 2038 vers,

518 2056 570 2114 si
600 2066 763 2116 recte
780 2075 848 2113 ea
878 2053 1269 2113 constitueris.

686 2141 922 2200 Scilicet
963 2148 1105 2199 sunt
1148 2137 1314 2200 haud
1362 2157 1555 2217 pauca
1597 2139 1959 2205 Graecorum
1974 2183 1994 2216 ,
2047 2139 2325 2220 inprimis
2359 2142 2427 2202 in
2477 2138 2705 2217 odys-u,

518 2237 814 2301 monstra,
854 2245 1007 2303 quae
1033 2225 1107 2284 ab
1133 2225 1374 2303 antiqua
1400 2225 1600 2302 aliqua
1619 2225 1809 2286 forma
1831 2224 2155 2304 symbolica
2184 2226 2373 2288 ducta
2397 2235 2556 2301 sunt5
2584 2239 2703 2281 non-

518 2312 685 2388 nulla
738 2330 975 2389 quoque
1028 2311 1395 2371 conveniunt
1435 2329 1573 2371 cum
1606 2309 1908 2390 Aegyptiis
1946 2310 2388 2392 hiernglyphh,
2443 2331 2541 2370 seu
2583 2323 2703 2378 απ,

518 2414 622 2455 seu
652 2397 817 2473 quod
838 2396 979 2455 inde
1017 2395 1202 2455 dueta
1243 2403 1449 2471 erant,
1493 2395 1618 2454 aliis
1659 2406 1859 2456 tamen
1891 2396 2086 2472 modis
2127 2406 2388 2459 tractata
2427 2407 2487 2457 et
2521 2401 2702 2454 ornau-

515 2482 603 2541 lta
632 2482 927 2563 Harpyias
957 2480 1255 2562 Aegyptiis
1282 2479 1489 2559 figuris
1532 2480 1772 2543 alitibus
1812 2502 1948 2543 eum
1990 2481 2183 2564 capite
2221 2484 2485 2565 virgineo
2523 2475 2702 2563 (quales

516 2567 675 2646 apud
703 2568 1022 2628 Montfauc.
1053 2566 1222 2648 sunt)
1253 2567 1468 2627 similes
1496 2586 1619 2626 esse
1643 2568 1810 2628 haud
1841 2588 2079 2648 negem5
2126 2578 2381 2649 potuere
2403 2585 2615 2650 quoque
2644 2581 2699 2621 ex

514 2652 783 2734 Aegypto
810 2654 1025 2713 ductae
1044 2671 1183 2712 esse.
1270 2651 1493 2712 Eadem
1524 2654 1719 2713 forma
1755 2654 1940 2715 serius
1967 2655 2488 2734 superstitionibus
2523 2649 2702 2711 amule·

515 2747 717 2800 torum
743 2740 1051 2814 inserviit,
1089 2738 1366 2818 varieque
1393 2757 1461 2797 ea
1493 2741 1759 2799 occurrit
1788 2751 2002 2801 ornata
2046 2742 2112 2800 iu
2149 2743 2430 2820 gemmis:
2488 2760 2542 2799 v.
2573 2731 2703 2797 Gorii

515 2825 788 2885 Gemmas
817 2824 1005 2884 astris.
1045 2824 1168 2884 tab.
1214 2823 1353 2889 135.
1403 2828 1462 2888 6.
1503 2828 1563 2889 7.
1649 2826 1830 2885 Extat
1872 2846 2092 2886 numus
2135 2827 2546 2888 Gabalensium
2577 2816 2701 2901 apud

514 2911 792 2975 Patinum
818 2912 882 2971 in
912 2911 1264 2970 Numismat.
1289 2910 1479 2988 Impp.
1506 2929 1563 2988 Ρ.
1596 2908 1739 2974 243.
1762 2912 1827 2970 in
1857 2931 1978 2990 quo
2009 2911 2283 2992 Harpyia
2319 2934 2455 2973 cum
2491 2906 2701 2991 Sphinge

515 2996 706 3056 efficta
733 2996 1118 3075 symbolicam
1143 2995 1393 3074 speciem
1421 2993 1623 3054 habet.

685 3081 836 3141 Cum
859 3100 927 3140 ea
949 3082 1142 3141 forma
1169 3081 1346 3140 semel
1373 3080 1672 3141 instructa
1717 3089 1868 3139 esset
1899 3081 2094 3160 galea,
2138 3080 2374 3145 adiecta
2414 3083 2567 3143 suane
2596 3073 2698 3145 *ὢν

514 3176 588 3227 ut
613 3167 861 3247 clipeus,
904 3165 1075 3225 hasta
1093 3209 1109 3236 ,
1150 3165 1236 3222 ita
1265 3175 1336 3224 ut
1363 3165 1609 3226 tandem
1636 3164 1889 3226 Palladis
1912 3166 2181 3245 symbola
2206 3187 2278 3226 ea
2308 3170 2525 3229 referre
2565 3159 2699 3222 vide-

514 3261 703 3311 retur.
788 3249 930 3308 Tale
988 3250 1218 3329 signum
1267 3250 1331 3309 in
1377 3250 1627 3311 donario
1684 3252 1873 3329 gentis
1917 3252 2181 3312 Valeriae
2213 3254 2508 3327 occurrit,
2555 3240 2697 3327 quod,

515 3336 708 3395 ductu
735 3335 992 3394 duarum
1016 3353 1381 3413 gemmarum
1412 3336 1585 3416 (quas
1605 3346 1804 3397 tamen
1829 3358 1942 3417 pro
1976 3340 2279 3417 amuletis,
2311 3360 2434 3400 non
2457 3357 2559 3417 pro
2590 3344 2699 3391 Vm!

513 3421 735 3499 graecis
758 3419 979 3479 habere
1002 3420 1225 3498 malim)
1255 3422 1418 3499 apud
1438 3422 1763 3484 Montfauc.
1793 3423 1916 3482 tab.
1947 3424 2187 3499 CXXII,
2217 3429 2279 3489 8.
2327 3429 2386 3490 9.
2436 3421 2511 3482 sd
2548 3414 2697 3478 Palll·

516 3506 653 3564 dem
678 3505 1001 3567 revocabat
1023 3505 1253 3565 Eckhel
1274 3507 1556 3567 Doctrina
1584 3528 1819 3569 numor.
1846 3510 2013 3571 Tom.
2040 3510 2113 3571 V.
2152 3529 2215 3590 p.
2258 3514 2406 3576 831.
2486 3506 2593 3566 Nec
2622 3509 2696 3559 tn·

515 3610 652 3650 men
684 3591 846 3651 ultra
874 3591 1272 3671 opinationem
1294 3593 1571 3671 progredi
1596 3591 1662 3652 in
1680 3592 1777 3655 his
1806 3594 1963 3655 licet.

685 3677 957 3737 Salv-enum
980 3678 1200 3758 speeies
1229 3686 1355 3736 tam
1383 3678 1618 3740 diversa
1641 3689 1762 3754 est,
1804 3690 1875 3741 ut
1919 3699 2050 3739 eam
2090 3700 2227 3740 cum
2267 3675 2538 3758 Harpyiis
2579 3687 2692 3730 00⁰⁶

517 3760 692 3821 fundi
723 3762 971 3823 mireris.
1055 3765 1214 3823 Sunt
1235 3782 1338 3822 eae
1364 3763 1622 3843 virgines
1648 3765 1866 3842 alatae,
1909 3765 2050 3825 inde
2082 3785 2118 3824 a
2160 3765 2479 3824 semoribus
2514 3761 2571 3819 in
2608 3773 2694 3814 vo-

516 3846 711 3905 lucres
748 3846 1109 3925 desinentes;
1148 3848 1472 3928 πτερωταὶ,
1526 3846 1601 3913 τὰ
1637 3844 1803 3914 κάτω
1842 3844 2115 3933 ὀρνίθων
2156 3849 2399 3930 ἔχουσαι
2438 3854 2505 3908 ut
2536 3835 2691 3902 Scbd·

516 3930 811 4010 Lyoophr.
839 3934 982 3999 658.
1026 3942 1089 3994 et
1126 3932 1401 4013 Aponon.
1441 3935 1541 4012 IV,
1584 3939 1711 4000 898
1749 3932 1892 4000 ἄλλο
1926 3932 2038 4015 μὲν
2078 3934 2421 4009 οἰωνοῖσιν,
2458 3928 2618 3993 Ἄλλο
2644 3915 2694 3984 33

517 4022 895 4103 παρθενικῇς
947 4017 1276 4101 ἆναλίγκιαι
1330 4017 1508 4083 ἔσκον
1550 4018 1809 4086 ἰδέσθαι.
1890 4021 2120 4081 'rubam
2153 4022 2274 4082 sere
2315 4019 2412 4079 vel
2449 4013 2692 4108 cithu-'⁸¹¹¹

517 4109 721 4163 tenent
732 4146 750 4178 ,
791 4112 864 4162 ut
902 4103 1000 4162 val
1039 4104 1204 4184 apud
1245 4104 1573 4169 Montfaue.
1609 4106 1828 4167 videas.
1912 4105 2196 4185 Exempla
2236 4111 2447 4164 extant
2480 4101 2692 4181 plui-1¹³⁸
2729 4110 2739 4125 ·

517 4187 582 4248 in
609 4187 836 4264 numis,
878 4186 947 4246 in
971 4189 1212 4267 gemmis
1250 4187 1335 4270 (v.
1364 4211 1417 4254 c.
1447 4212 1542 4272 ap.
1575 4189 1798 4274 Tassie)
1824 4200 1887 4253 et
1909 4190 2299 4272 sarcophagis.
2382 4185 2586 4248 Nobilis
2621 4183 2691 4235 “⁸

517 4271 798 4334 denarius
835 4274 1021 4352 gentis
1058 4274 1366 4335 Petu-oniae
1406 4277 1493 4356 (v.
1535 4296 1586 4336 c.
1626 4276 1911 4337 Thesaur.
1950 4276 2179 4338 Μαι-911.
2226 4274 2340 4335 tab.
2385 4274 2430 4349 1,
2475 4277 2524 4335 1.
2553 4275 2604 4325 et
2632 4258 2691 4319 ⁸1-

517 4357 658 4420 add.
683 4357 997 4440 spanhem.
1025 4361 1194 4422 Tom.
1216 4360 1263 4422 1.
1294 4381 1357 4442 p.
1403 4359 1576 4444 251).
1644 4361 1935 4444 Inprimis
1969 4362 2142 4427 numi
2172 4359 2442 4443 Neapolis
2478 4348 2693 4416 Parth·-
