2882 5028
465 371 1082 450 AENEIDOS
1135 373 1351 449 LIB.
1405 372 1538 465 lv,
1590 376 2019 452 179-195

2227 382 2379 455 623

113 566 341 638 Haec
375 563 560 636 tum
584 557 1000 660 multiplici
1028 559 1376 661 populos
1401 579 1775 634 sermone
1803 557 2162 659 replebat

117 663 504 743 Gaudens
540 675 620 740 et
645 664 940 764 pariter
963 661 1166 737 facta
1194 676 1433 764 atque
1472 659 1761 737 insecta
1793 662 2156 741 canebat:
2231 673 2380 748 190

118 767 460 848 Venisse
487 772 854 862 Aenean,
910 767 1260 842 Troiano
1291 791 1334 841 a
1366 765 1745 863 sanguine
1773 779 2105 864 cretum,

120 872 277 951 Cui
309 896 397 947 se
429 870 706 971 pulcra
736 871 904 946 viro
942 868 1310 968 dignetur
1338 869 1666 967 iungere
1694 869 1946 963 Dido;

116 981 358 1053 Nunc
395 973 755 1050 hiemem
788 975 996 1049 inter
1027 997 1113 1050 se
1139 973 1348 1070 luxu,
1399 997 1644 1074 quam
1666 971 1923 1071 longa,
1974 968 2278 1070 fovere,

118 1083 595 1178 Regnorum
630 1079 1154 1174 inmemores,
1202 1077 1413 1177 turpi

1534 1100 1578 1151 e
1608 1076 1978 1175 cupidine
2010 1088 2304 1177 captos,

121 1187 344 1259 Haec
372 1183 665 1282 passim
695 1181 844 1257 dea
869 1179 1114 1259 foeda
1142 1180 1401 1256 virum
1486 1175 1811 1256 iffundit
1851 1181 1932 1255 in
1961 1201 2118 1257 ora.
2234 1181 2381 1257 195

228 1330 354 1404 90.
411 1322 807 1417 θΑυυΕΝε,

269 1512 371 1566 189
412 1509 572 1574 dum,
619 1527 770 1574 cum,
819 1523 956 1563 eune
981 1510 1037 1562 in
1073 1509 1207 1562 libb.
1258 1509 1384 1580 (Ant
1412 1525 1612 1562 comma
1637 1508 1693 1560 in
1719 1508 1823 1561 fine
1860 1526 2037 1562 versus
2065 1511 2379 1579 ponendum,

123 1591 186 1633 ut
212 1590 297 1632 est
324 1579 382 1631 in
408 1579 680 1644 Mediceo,
728 1589 818 1630 aut
849 1580 1007 1632 etism
1033 1588 1160 1650 post
1189 1581 1454 1633 Gaudens
1478 1579 1846 1644 omittendum,
1884 1580 1977 1632 cfr.
2010 1583 2078 1645 Q.
2117 1581 2186 1633 V.
2213 1582 2382 1645 xm„

123 1661 216 1703 snt
240 1650 505 1718 deniqne,
552 1648 598 1701 si
632 1647 922 1718 simplicem
961 1667 1077 1702 esse
1118 1648 1270 1700 malis
1294 1647 1798 1718 interpunctionem,
1846 1659 2043 1701 tautum
2072 1660 2190 1701 ante
2224 1652 2381 1702 Gau-

122 1721 267 1771 dent
298 1718 751 1787 distinguendum,
787 1718 909 1770 coll.
935 1721 1005 1772 V.
1034 1719 1098 1772 L.
1126 1719 1194 1771 ad
1217 1721 1314 1770 Ge.
1345 1721 1386 1783 1,
1421 1719 1542 1772 248.
1581 1717 1850 1789 Replebae
1892 1731 1949 1770 et
1972 1717 2204 1770 canebat
2229 1739 2379 1791 gau-

123 1791 268 1841 dens
302 1788 341 1840 i.
399 1805 449 1856 q.
488 1788 751 1856 gaudebat
791 1788 1000 1858 replere
1044 1796 1099 1840 et
1142 1806 1346 1840 canere.
1387 1789 1536 1856 Wr.)

1680 1789 1778 1841 191
1816 1805 1853 1838 a
1890 1788 2043 1840 deest
2087 1788 2282 1843 Medic.
2327 1798 2382 1840 et

159 1857 368 1909 laribus
399 1856 547 1923 aliis,
602 1868 659 1909 ut
689 1867 743 1908 et
767 1856 915 1911 alibi.
949 1876 998 1910 ν.
1026 1858 1094 1910 ad
1118 1853 1170 1924 Ι,Δ
1190 1860 1274 1918 19.
1323 1859 1390 1911 cf.
1423 1859 1697 1909 Burmann.
1750 1857 1921 1925 (deest
1960 1856 2117 1909 etiam
2148 1860 2192 1910 1.
2217 1859 2270 1912 3.
2301 1862 2381 1914 10.

175 1938 370 1979 nentur
405 1945 472 1990 α,
516 1936 732 1995 praeter
775 1926 940 1991 alios,
976 1927 1139 1979 Palat.
1178 1937 1266 1992 et,
1298 1938 1357 1979 ut
1400 1927 1639 1990 videtur,
1690 1927 1841 1982 Rom.
1910 1927 1979 1979 Bt
2016 1944 2141 1979 sane
2170 1939 2403 1997 praeter,

124 1998 271 2049 hunc
312 1996 486 2047 locum
523 1995 717 2066 ubique
751 1995 946 2064 legitur
990 2009 1177 2048 cretus·
1217 1997 1417 2116 abspue
1456 1994 1851 2067 praepositione
1892 1998 2032 2064 apud
2076 1996 2381 2065 Virgilinm3

119 2066 232 2119 vid.
261 2070 395 2117 Aen.
422 2066 510 2130 111,
544 2065 631 2119 74.
669 2067 758 2124 111,
796 2066 917 2119 608.
954 2067 1105 2129 vm,
1144 2067 1261 2121 185.

709 2133 941 2203 epositio
979 2135 1228 2198 elisione;
1278 2136 1372 2187 cfr.
1419 2146 1633 2204 praeter
1672 2134 1820 2185 locos
1864 2152 2021 2202 supra
2062 2135 2129 2187 ad
2168 2137 2210 2201 1,
2257 2137 2380 2191 235.

777 2209 906 2257 Aen.
944 2206 1008 2270 11,
1043 2207 1164 2261 290.
1226 2206 1318 2271 lv,
1351 2206 1475 2260 656.
1535 2206 1633 2268 XI,
1667 2203 1788 2258 449.
1827 2205 1950 2258 577.
2034 2208 2204 2275 Atque
2240 2206 2383 2258 haud

118 2147 307 2258 ἶὲἑῖι,
321 2135 571 2268 ’ἕέἶὲῗ
594 2152 716 2261 Σὲἒ.

1345 2067 1429 2130 Χ,
1464 2067 1586 2121 672.
1654 2064 1760 2116 Sed
1798 2083 1959 2133 saepe
2003 2064 2157 2118 etiarn
2208 2066 2384 2118 inter-

119 2275 272 2340 scio,
323 2291 390 2326 an
444 2272 652 2326 adiecta
690 2273 744 2326 h.
790 2273 829 2327 l.
873 2274 1264 2344 praepositione
1317 2272 1610 2341 significare
1654 2272 1907 2341 Virgilius
1958 2274 2183 2326 voluerit
2223 2275 2382 2344 longe

119 2344 444 2398 disiunctum
488 2343 555 2394 ab
580 2343 708 2394 Afro
740 2360 933 2411 genere
961 2343 1246 2412 originem3
1284 2343 1379 2394 cfr.
1420 2362 1525 2395 vss.
1555 2345 1679 2398 211.
1710 2360 1771 2412 sq

1774 2360 1825 2411 q.
1893 2344 1972 2395 lta
2004 2348 2132 2396 Aen.
2158 2345 2215 2406 1,.
2233 2347 2380 2399 626.:

119 2419 338 2483 „Seque
365 2423 537 2465 ortum
562 2412 776 2481 antiqua
800 2414 1123 2465 Teucrorum
1150 2412 1219 2464 ab
1244 2411 1412 2480 stirpe
1433 2413 1702 2477 volebat,“
1747 2412 2075 2480 praepositio
2105 2414 2382 2466 referenda

119 2485 340 2537 videtur
366 2482 437 2536 ad
465 2481 722 2565 originem
753 2499 826 2565 ex·
852 2482 1214 2553 antiquissimo
1260 2481 1667 2564 longissimeque
1701 2492 1904 2563 remoto
1942 2493 2180 2565 tempore
2220 2496 2384 2554 repe-

119 2554 375 2616 tendum
412 2562 472 2604 ut
495 2562 652 2604 enam
680 2568 736 2602 ιυ
770 2552 879 2604 hts:
912 2571 1095 2623 genus
1125 2554 1243 2605 aleo
1279 2570 1311 2604 s
1351 2569 1625 2622 sangume
1672 2555 1865 2603 Tenen
1909 2570 1952 2603 s.
1983 2554 2191 2615 dwom,
2246 2553 2384 2607 infra

120 2644 205 2678 vs.
233 2624 360 2678 230.
395 2623 464 2685 V,
498 2620 585 2678 45.
622 2624 714 2687 VJ,
748 2623 869 2675 500.
910 2621 1056 2691 Wr.)
1170 2623 1271 2677 192
1307 2639 1532 2675 munere
1556 2627 1625 2675 D.
1648 2622 1856 2689 Menag.
1888 2638 1970 2690 pr.

121 2696 213 2748 dic
239 2692 452 2761 aliquot
475 2688 611 2742 Pier.
643 2700 699 2743 et
717 2692 893 2743 Burm.

121 2869 172 2945 Ι,
218 2871 282 2943 6,
335 2870 391 2943 1,
436 2865 542 2924 ubi
586 2864 660 2924 cs.
705 2865 842 2925 Not.
881 2886 942 2945 p.
979 2869 1083 2932 67.
1111 2869 1218 2932 68.

122 2952 411 3036 Apollon-
458 2951 527 3026 11,
571 2952 673 3015 38.
701 2950 805 3015 40.
849 2948 1219 3031 („EXTRE-

122 3038 329 3102 MAM.
413 3037 644 3103 ,Utrum
703 3036 1017 3117 pessimam
1033 3038 1064 3098 ’ἶ
1141 3058 1219 3097 an

125 3123 433 3188 eruditius
468 3123 685 3197 sensit,
737 3131 810 3182 nt
847 3124 1094 3202 legimus
1123 3145 1217 3204 ap.

123 3211 397 3274 Medicos
411 3252 429 3283 ,
528 3205 882 3286 degenerare
934 3222 1219 3268 extremos

126 3306 348 3380 partus
365 3295 449 3354 ’Ν
504 3292 668 3353 Haec
696 3292 1030 3355 Scholiasta
1056 3294 1218 3375 apud

127 3383 380 3445 Maium.
431 3381 528 3440 W
527 3377 610 3459 r.)

219 3469 369 3532 183.
422 3464 654 3524 Ornata
688 3485 832 3545 pru,
892 3474 981 3526 tot
1019 3486 1127 3525 ora
1167 3466 1220 3526 ei

132 3561 277 3614 sunt
303 3560 369 3611 et
411 3569 616 3626 aures;
671 3560 803 3610 tota
830 3561 922 3611 est
960 3552 1220 3627 oculata,

134 3639 331 3699 aurita
375 3636 438 3696 e't
473 3635 715 3696 vocalis.
798 3636 946 3697 Mox
985 3639 1107 3701 184
1135 3658 1223 3715 sq.

133 3724 299 3805 strigi
340 3721 592 3782 similem
622 3720 809 3801 cogita
837 3723 937 3783 vel
978 3723 1223 3783 buboni.

137 3809 256 3893 (—
298 3812 441 3873 190.
503 3808 817 3886 gaudens,
906 3815 1226 3892 γεγηθυῖα.

133 3894 525 3973 Participium
562 3892 648 3952 ita
701 3914 824 3952 non
864 3914 1005 3953 raro
1047 3895 1225 3954 abso-

132 3982 260 4042 luta
299 3978 569 4059 ponitur.
638 3978 768 4053 Val.
821 3978 910 4040 Fl.
954 3979 1005 4051 1,
1047 3984 1190 4046 600.
1203 4003 1224 4051 ¹:

135 4067 373 4145 ingenti
395 4064 679 4143 gaudens
720 4066 929 4124 domat
956 4087 1222 4145 aequora

135 4154 264 4212 velo
276 4172 307 4224 ,-
363 4150 469 4213 ubi
512 4168 660 4210 cave
704 4149 907 4229 iungas
947 4152 1227 4230 gaudens

135 4238 264 4297 velo
308 4237 565 4315 ingenti.
618 4237 724 4296 W
714 4234 809 4296 ch.
882 4235 1010 4296 vid.
1052 4237 1122 4297 V.
1158 4237 1224 4296 L.

138 4323 214 4382 ad
241 4342 332 4383 vs.
376 4323 522 4386 189.
555 4318 725 4400 Wr.)

226 4410 369 4473 193.
443 4404 723 4463 hiemem.
795 4404 929 4466 Non
980 4406 1224 4486 proprie

2080 2624 2184 2679 195
2207 2622 2383 2693 deffu-

1304 2864 1714 2946 accipiendum
1732 2909 1750 2943 ,
1806 2864 1893 2925 ita
1922 2874 1994 2925 ut
2024 2864 2251 2925 Aeneas
2280 2874 2383 2926 to-

1304 2962 1428 3012 tam
1466 2951 1721 3011 hiemem
1763 2950 1925 3031 apud
1955 2950 2245 3012 Didonem
2271 2971 2384 3011 ex-

1303 3036 1504 3117 egerit,
1533 3036 1600 3097 id
1627 3035 1792 3114 quod
1823 3036 1940 3095 alia
1963 3036 2129 3098 haud
2160 3037 2386 3097 admit-

1303 3131 1447 3183 tunt
1492 3120 1577 3204 (v.
1622 3123 1873 3182 Excurs.
1917 3122 1973 3182 11
2000 3124 2078 3183 ad
2120 3124 2221 3184 lib.
2259 3122 2386 3204 111).

1302 3210 1563 3283 Verum,
1613 3228 1752 3268 cum
1793 3208 1911 3267 iam
1944 3210 2055 3269 sub
2098 3219 2383 3269 aestatem

1299 3304 1634 3354 extremam
1675 3292 1826 3352 haec
1860 3306 2244 3372 gererentur,
2300 3296 2388 3355 ita

1303 3390 1375 3439 ut
1403 3377 1657 3438 hiemale
1687 3388 1923 3458 tempus
1951 3382 2237 3457 instaret,
2280 3382 2384 3442 in·-

1303 3465 1535 3525 vidiose
1560 3466 1628 3526 id
1642 3466 1760 3524 iam
1787 3465 1918 3524 fieri
1945 3467 2185 3542 dicitur,
2219 3466 2386 3545 quod

1304 3551 1436 3611 fieri
1481 3559 1754 3632 poterat3
1820 3550 1936 3609 nisi
1981 3552 2115 3612 alia‘
2141 3553 2389 3614 incidi&

1310 3645 1461 3696 sent.
1551 3658 1739 3716 quam
1782 3637 2005 3715 longa,
2061 3638 2125 3697 h.
2163 3658 2212 3698 e.
2255 3635 2388 3698 hie-

1310 3741 1468 3783 mem
1506 3731 1731 3797 totam,
1774 3722 1848 3782 cs.
1880 3722 1985 3783 ins.
2012 3722 2164 3801 vm,
2208 3727 2292 3789 86
2329 3732 2389 3783 et

1309 3827 1484 3888 saepe
1509 3808 1584 3866 al.
1643 3807 1898 3866 hiemem
1915 3808 2132 3887 fimet-e
2171 3809 2388 3887 exqui-

1307 3894 1436 3969 site,
1472 3892 1724 3953 hiemale
1754 3901 1990 3974 ,tempus
2015 3895 2188 3955 luxui
2225 3894 2388 3972 dare,

1307 3989 1377 4040 ut
1403 3980 1555 4039 bene
1578 3979 1865 4058 Pompon.
1906 3980 2155 4062 Proprie
2172 3982 2388 4041 foven-

1308 4074 1413 4126 tur
1440 4084 1672 4126 amores
1713 4084 1823 4145 per
1853 4063 2126 4128 hiemem.
2199 4064 2389 4148 (Con-

1308 4152 1563 4212 structio
1632 4160 1723 4211 est
1789 4151 1997 4212 eadem
2069 4153 2134 4211 in
2191 4152 2390 4211 verbis

1308 4242 1639 4316 wan-sigere
1684 4237 1941 4297 hiemem
1970 4239 2121 4298 lusu
2141 4280 2158 4311 ,
2207 4246 2268 4296 et
2305 4237 2388 4296 si-

1307 4323 1465 4382 milis
1497 4322 1667 4383 verbi
1691 4322 1899 4401 fovere
1933 4322 2284 4402 significatio
2324 4321 2388 4379 in

1308 4408 1612 4470 locutione
1632 4408 1847 4487 fovere
1876 4408 2129 4467 humum
2156 4407 2260 4466 Ge.
2287 4405 2385 4482 ΠΙ,
