2882 5028
503 311 652 384 100

980 309 1061 381 Ρ.
1116 308 1657 382 VIRGILII
1710 308 2259 385 MARONIS

494 496 607 570 Ex
653 515 998 567 numero
1037 493 1288 587 subit;
1343 517 1471 590 ac,
1522 516 1817 592 magno
1864 493 2165 570 telluris
2211 520 2485 573 amore

492 595 838 694 Egressi,
893 608 1159 696 optata
1205 597 1627 697 potiuntur
1673 602 1929 673 Troes
1983 623 2243 695 arena,

490 702 593 777 Et
642 697 803 781 sale
852 699 1192 775 tabentis
1241 714 1452 776 artus
1508 700 1587 774 in
1638 699 1874 776 litore
1914 714 2249 801 ponunt.

491 806 604 880 Ac
641 802 999 903 primum
1043 802 1238 879 silici
1285 801 1704 879 scintillam
1747 804 2056 880 excudit
2094 804 2455 902 AchateS,

494 906 1015 1007 Suscepitque
1052 908 1319 1005 ignem
1347 905 1592 1001 foliis,

1648 920 1886 1008 atque
1926 907 2139 983 arida
2175 909 2470 984 circum
2611 917 2718 988 17
2726 912 2779 987 5

486 1011 989 1088 Nutrimenta
1040 1009 1303 1107 dedit,
1375 1011 1798 1112 rapuitque
1848 1012 1931 1086 in
1970 1009 2259 1087 fomite
2308 1009 2776 1090 flammam.

631 1152 726 1204 171
766 1147 935 1201 subiit
963 1148 1148 1200 Parth.
1220 1161 1276 1199 et
1299 1166 1366 1201 m.
1405 1162 1467 1201 at
1502 1166 1570 1199 m.
1616 1148 1870 1200 nonnulli.

487 1219 629 1289 apud
669 1221 843 1269 Burm.
882 1236 998 1270 cum
1038 1236 1142 1269 nno
1186 1219 1351 1269 Goth.
1387 1228 1445 1269 at
1482 1227 1609 1269 tert.

488 1287 675 1340 benus
709 1286 889 1340 Schol.
930 1290 1117 1339 Horat.
1161 1288 1329 1370 Epod.
1374 1290 1449 1352 V,
1484 1286 1573 1343 40.

1943 1151 2045 1204 172
2086 1153 2258 1202 Troes
2334 1151 2598 1202 otiantur
2650 1160 2776 1202 tres

1652 1221 1970 1290 spatiantur
2006 1222 2069 1271 T.
2211 1220 2276 1274 17
2348 1224 2422 1271 Ee
2447 1218 2619 1290 fame
2670 1233 2775 1274 εα-

1714 1289 1817 1343 174
1850 1294 1928 1339 At
1955 1291 2195 1361 primum
2236 1288 2437 1357 aliquot
2472 1291 2670 1341 Burin.
2712 1302 2775 1342 et

486 1359 571 1409 ed.
599 1361 728 1409 Inut.
800 1359 946 1410 Hinc
968 1375 1099 1408 nnus
1126 1360 1305 1409 Heius.
1376 1358 1520 1409 silici
1543 1357 1813 1427 praeclare
1839 1357 2021 1410 Heius.
2050 1376 2079 1409 e
2109 1357 2411 1409 melioribus
2438 1358 2599 1410 libris
2632 1372 2695 1411 et
2738 1379 2772 1410 e

485 1426 863 1480 Grammaticis.
907 1427 1148 1496 vulgares
1173 1427 1305 1478 libri
1332 1426 1517 1479 siIicis.
1583 1426 1752 1478 Etiam
1778 1426 1833 1477 in
1858 1427 2011 1479 codd.
2043 1436 2196 1496 parte
2235 1437 2290 1478 et
2323 1427 2407 1480 ed.
2431 1429 2573 1482 Ven.
2611 1429 2770 1480 male

484 1499 739 1549 excussit.
775 1498 900 1566 (hoc
925 1507 1100 1548 tuetur
1122 1497 1341 1551 Wakef.
1378 1496 1447 1547 ad
1472 1496 1678 1552 Lucret.
1696 1497 1801 1561 ·v1,
1837 1497 1957 1551 159.
1989 1506 2043 1548 et
2067 1497 2186 1552 688.
2232 1496 2375 1565 Wr.)

2481 1500 2590 1552 175
2619 1517 2769 1550 seu.b

483 1569 625 1639 cepit
650 1566 776 1618 olim
816 1567 1026 1618 Servius
1065 1565 1119 1617 in
1163 1566 1314 1618 libris
1351 1566 1614 1630 babebat,
1662 1572 1821 1634 quem‘
1858 1585 1908 1617 v.
1951 1563 2056 1620 144
2080 1575 2134 1616 et
2166 1565 2243 1618 sic
2268 1566 2404 1618 alter
2431 1567 2666 1620 Mentel.
2699 1569 2766 1620 it.

483 1636 648 1688 Goth.
676 1654 755 1706 pr.
786 1645 838 1686 et
862 1636 945 1688 ed.
979 1635 1197 1688 Mediol.
1232 1637 1301 1688 ef.
1326 1634 1518 1703 scalig.
1545 1637 1620 1688 IV
1650 1645 1797 1706 poet.
1830 1637 1912 1690 16.

480 1706 633 1758 Leid.
657 1717 710 1757 et
737 1707 925 1757 Hamb.
956 1722 1038 1773 pr.
1066 1723 1167 1775 pro
1195 1723 1302 1757 var.
1332 1704 1462 1757 leet.
1498 1722 1594 1756 nec
1621 1704 1725 1756 hoc
1747 1705 1912 1768 male;
1963 1705 2059 1756 sed
2085 1707 2143 1756 in
2162 1703 2217 1774 s

2052 1636 2153 1690 176
2188 1634 2475 1757 exdcl’bmiee
2520 1637 2762 1689 Oudai-t.

2323 1705 2454 1757 etius
2480 1725 2522 1758 a
2541 1706 2764 1776 sancite

481 1794 563 1846 pr.
603 1777 794 1828 Moret.
909 1793 1114 1828 ammas
1152 1773 1355 1844 aliquot
1388 1776 1564 1826 Burin.
1599 1785 1653 1825 et
1693 1774 1856 1827 Goth.
1903 1783 2028 1826 tert.
2085 1776 2165 1842 (et
2188 1774 2262 1827 ita
2301 1775 2485 1827 scribit
2522 1777 2759 1829 Wakef-

480 1846 549 1898 ad
578 1845 788 1897 Lucret.
865 1847 905 1910 1,
939 1846 1060 1899 688.
1101 1844 1248 1913 Wr.)

478 1950 718 2030 repetiit
753 1969 832 2009 ex
872 1950 945 2009 iis
992 1949 1261 2023 Quintus
1307 1950 1431 2010 cal.
1469 1950 1568 2027 vl,

484 2035 612 2100 470
644 2055 772 2115 sqq.
799 2035 1072 2095 versibus
1095 2055 1218 2095 non
1243 2036 1431 2097 malis.

566 2169 689 2230 170
704 2166 953 2228 -—'173.
1002 2164 1242 2243 Septem
1263 2162 1521 2226 navibus
1539 2187 1561 2222 .·

473 2250 627 2326 Una,
657 2270 777 2330 qua
804 2248 1031 2308 Aeneas
1057 2248 1413 2325 vehebatur,
1438 2258 1564 2309 tres

474 2356 509 2394 e
577 2336 836 2416 scopulis
906 2354 942 2393 a
980 2336 1230 2395 Tritone
1243 2380 1261 2410 ‚
1316 2344 1563 2414 tresque

474 2421 623 2480 aliae
662 2442 694 2480 e
721 2421 1021 2502 syrtibus,
1075 2440 1181 2480 sen
1223 2420 1396 2481 vadis
1422 2440 1560 2480 are-

475 2507 673 2583 nosis,
757 2529 793 2566 a
869 2507 1147 2589 Neptuno
1221 2507 1557 2587 expeditae.

471 2595 712 2654 Ceteras
773 2604 1010 2673 praeter
1050 2615 1236 2654 unam
1286 2603 1556 2655 servatas

469 2701 615 2740 mox
639 2680 1008 2757 videbimus5
1072 2680 1186 2739 fuit
1217 2681 1372 2739 enim
1400 2677 1552 2761 (vid.

470 2787 530 2825 v.
560 2765 713 2849 381)
741 2774 874 2825 tota
903 2765 1102 2824 classis
1131 2767 1255 2825 XX
1284 2767 1552 2826 navium.

469 2853 545 2911 cf.
571 2854 714 2911 ExC.
743 2852 787 2912 I.
814 2852 892 2911 ad
914 2852 1016 2911 lib.
1044 2852 1143 2912 ΙΙΙ.
1199 2857 1338 2919 172.
1368 2852 1553 2911 Prae-

468 2936 665 2997 clarus
702 2940 940 2997 versus!
998 2935 1117 2997 od.
1164 2958 1210 3014 ε,
1253 2937 1378 3001 463
1419 2936 1458 3000 ὅ
1486 2930 1553 3000 δ’

467 3021 535 3085 ἐκ
607 3030 904 3103 ποταμοῖο
970 3021 1246 3098 λιασθεὶς
1310 3024 1552 3108 Σχοίνῳ

467 3106 848 3187 ὖπεκλὶνθη,
940 3102 1087 3170 κύσε
1140 3105 1207 3169 δὲ
1265 3110 1551 3189 ζείδωρον

467 3189 759 3275 ἄρουραν.
806 3214 1027 3268 arena,
1074 3193 1272 3253 littus:
1329 3204 1392 3253 et
1429 3194 1549 3254 tel-

466 3279 616 3338 luris
653 3300 845 3353 amor,
894 3272 1118 3354 πόθος,
1165 3279 1546 3356 desiderium,

465 3364 572 3425 soli
640 3362 973 3444 attingendi
1044 3365 1359 3445 cupiditas.
1445 3379 1550 3424 ta-

466 3449 661 3510 bentes
689 3463 858 3509 anus
889 3451 1017 3510 sale
1035 3474 1059 3523 ,·
1117 3451 1284 3511 unda
1313 3451 1545 3511 marina

462 3555 794 3616 respersos,
874 3534 1151 3597 madidos
1168 3582 1186 3614 ,
1262 3537 1548 3618 simplici-

461 3631 574 3682 ter.
673 3622 890 3682 Poetae
940 3622 1099 3682 enim
1146 3623 1346 3683 tabem
1392 3644 1543 3703 pro-

460 3708 590 3787 prie
625 3708 701 3767 de
738 3706 991 3768 humore
1032 3719 1354 3791 corrupto,
1398 3704 1544 3769 mox

462 3793 540 3851 de
584 3814 943 3872 quocunque
958 3840 976 3870 ‚
1030 3795 1301 3875 inprimis
1341 3796 1546 3856 sordi-

461 3878 560 3938 do.
604 3873 884 3942 θάλασσα
926 3878 992 3943 δὲ
1018 3876 1194 3960 κήκιε
1221 3879 1414 3963 πολλῆ
1430 3877 1544 3944 ’Ὰν

461 3958 652 4047 στόμα
675 3987 740 4029 τε
759 3960 939 4046 ῥῖνάς
961 3990 1040 4029 τε.
1075 3967 1288 4048 Odyss.
1317 3990 1366 4037 ε,
1396 3966 1542 4033 455.

549 4090 688 4156 174.
743 4093 1158 4170 Reprehendit
1202 4095 1305 4156 hic
1359 4104 1422 4155 et
1476 4096 1546 4155 in

457 4196 584 4256 sqq.
636 4176 908 4256 inprimis
958 4185 1083 4245 210
1139 4202 1265 4260 sqq.
1301 4191 1544 4261 poetam

458 4261 718 4323 Heinius
756 4260 1085 4345 (Elemenes
1122 4268 1205 4347 qs
1222 4269 1542 4332 Oricia-ism.

456 4348 524 4408 T·
552 4349 650 4424 ΠῙ,
679 4370 738 4431 Ρ.
768 4353 914 4416 232.
944 4350 1119 4434 229),
1146 4353 1309 4432 quod
1334 4355 1545 4416 eadem

1655 1948 1945 2008 orationis
1988 1949 2282 2029 gravitate
2331 1969 2427 2010 res
2477 1948 2758 2011 humiles

1651 2042 1882 2111 narrat,
1922 2056 2041 2115 qua
2064 2039 2288 2116 grande
2343 2047 2406 2095 et
2430 2038 2753 2098 sublimes.

1648 2118 1858 2179 Voluit
1913 2141 2055 2181 sane
2107 2122 2390 2202 Virgilus
2435 2121 2561 2183 boc
2609 2125 2753 2204 ipso

1647 2205 1975 2265 verborum
1999 2218 2220 2268 ornatu
2244 2209 2627 2269 nobilitatem
2645 2221 2751 2270 te-

1647 2291 1872 2350 nuibus
1893 2293 2074 2353 rebus
2094 2294 2333 2355 addere.
2376 2295 2571 2356 Aliter
2599 2297 2748 2358 Ho-

1644 2395 1879 2453 merus,
1923 2379 2028 2457 qui
2056 2381 2385 2440 orationem
2414 2383 2603 2442 rebus
2632 2405 2749 2442 ac-
2842 2445 2843 2448 ,

1644 2464 1989 2524 commodat
2001 2487 2020 2543 3
2075 2475 2137 2526 et
2165 2477 2555 2548 praeceptum
2590 2490 2746 2529 sane
2842 2548 2843 2553 η

1637 2550 1903 2629 primum
1943 2553 2009 2611 in
2033 2553 2142 2612 tali
2168 2574 2235 2612 re
2263 2564 2387 2631 est,
2442 2555 2611 2615 leves
2640 2576 2744 2616 res
2842 2570 2843 2579 ¹

1637 2634 1855 2694 leviter
1882 2656 2006 2695 esse
2039 2639 2446 2719 attingendus,
2486 2650 2564 2701 ut
2594 2643 2743 2701 obi-

1637 2729 1737 2780 ter
1813 2729 2056 2784 tantum
2126 2726 2369 2786 lectoris
2455 2728 2741 2789 animum

1634 2810 2096 2889 praestringant.
2181 2812 2300 2871 Sed
2337 2811 2535 2892 habet.
2545 2825 2740 2893 poeta

1634 2898 2044 2973 unusquisque
2077 2898 2294 2957 saeculi
2323 2898 2416 2957 sni
2446 2900 2739 2975 Genium,

1636 2978 1734 3036 cui
1760 2979 1819 3037 in
1847 2981 2155 3042 nonnullis
2184 2992 2271 3042 est
2295 2985 2628 3061 litandum3
2672 2997 2739 3046 et

1632 3064 1962 3125 verborum
2000 3079 2351 3130 ornamenta
2380 3072 2493 3130 alia
2516 3074 2731 3151 splen-

1636 3149 1799 3209 doris
1839 3161 1902 3210 et
1938 3153 2320 3216 sublimitatis
2364 3167 2532 3233 sunt,
2606 3160 2732 3218 alia

1633 3236 1957 3314 elegantiae
2003 3250 2063 3300 et
2120 3243 2464 3316 suavitatis,
2542 3265 2730 3323 quae,

1627 3331 1705 3381 ut
1736 3322 1800 3380 in
1842 3322 1963 3383 hoc
2003 3336 2066 3386 et
2106 3329 2393 3389 similibus
2431 3330 2580 3389 locis
2625 3333 2728 3391 sa-

1630 3416 1831 3484 ctum,
1872 3421 2036 3471 recte
2075 3415 2254 3475 rebus
2290 3417 2469 3475 etiam
2509 3415 2729 3478 humi-

1627 3492 1786 3552 libus
1818 3501 2255 3561 accommodari
2271 3512 2541 3580 possunt.
2572 3508 2726 3569 176.

1628 3580 1979 3664 Rapuitque
2016 3589 2084 3644 in
2104 3589 2328 3666 fomite
2348 3591 2719 3667 flammam,

1626 3668 1846 3745 raptim
1885 3672 2123 3751 excepit
2163 3674 2335 3754 lignis
2374 3673 2556 3733 aridis
2602 3696 2725 3756 pro

1627 3751 1836 3812 fomite
1868 3756 2168 3820 subiectis.
2214 3761 2355 3819 alias
2362 3759 2571 3838 jbmes
2605 3783 2721 3819 m-

1615 3840 2085 3919 pitflammam,
2116 3866 2295 3924 quam
2315 3846 2535 3926 raptim
2560 3867 2720 3905 conc

1631 3922 1795 4002 cipit.
1874 3929 1948 3988 cs.
1991 3932 2160 3991 Serv.
2247 3932 2557 4010 Virgilium
2612 3931 2719 3993 hic

1632 4009 1885 4073 Theocr.
1897 4014 2072 4095 Idyll.
2087 4018 2281 4094 XXII,
2308 4022 2391 4082 33
2409 4024 2470 4077 et
2484 4018 2715 4099 Hymn.

1627 4095 1696 4154 in
1732 4098 1912 4161 Mero.
1958 4122 2017 4161 v.
2070 4108 2192 4169 110
2234 4105 2538 4187 imitatqm
2570 4127 2715 4182 esse,

1628 4181 1775 4243 locis
1812 4185 2090 4266 inspectis
2116 4188 2221 4249 vix
2247 4191 2556 4281 probabile
2595 4191 2712 4252 ha-

1626 4269 1787 4332 beas.
1833 4269 2274 4352 (Equidemvix
2302 4276 2536 4354 dubito,
2564 4279 2713 4357 quin

1627 4376 1757 4417 eam
1784 4369 1966 4437 poeta
1991 4360 2087 4420 his
2104 4362 2302 4423 verbis
2324 4362 2711 4473 tangatffiignis

2558 4467 2577 4515 2
