2882 5028
466 443 621 517 940
945 438 1029 513 P.
1083 433 1615 510 VIRGILII
1665 434 2225 510 MARONIS

461 624 813 700 Inminet
841 617 1249 698 adsimilis:
1301 620 1573 697 lucent
1602 621 2044 719 genialibus
2078 620 2246 695 altis

461 733 719 804 Aurea
750 723 1002 799 fulcra
1036 724 1232 800 toris
1254 784 1275 821 ,
1331 725 1774 826 epulaeque
1803 739 1986 800 ante
2022 749 2156 799 ora
2177 736 2507 825 paratae

461 827 822 929 Regifico
855 826 1082 919 luxu3
1134 827 1551 904 Furiarum
1581 853 1947 905 maxuma
1986 829 2186 904 iuxta

2579 832 2721 907 60⁵

461 1020 675 1089 diisque
705 1031 982 1071 rotarum:
1016 1018 1246 1070 lxionem
1277 1017 1436 1084 dicit,
1475 1029 1531 1069 ut
1568 1018 1889 1071 alibi—Ge.
1927 1021 2020 1081 JV,
2063 1017 2555 1081 484.—oatendit;
2606 1015 2724 1068 lioet

462 1105 622 1157 supra
659 1087 848 1139 dixerit
889 1092 1039 1155 Quos
1079 1106 1245 1158 super
1285 1103 1414 1141 atra
1459 1089 1622 1140 silex:
1671 1107 1792 1139 nam
1831 1089 1897 1139 de
1939 1088 2023 1140 his
2058 1088 2248 1139 fabulis
2293 1088 2478 1139 variae
2514 1098 2644 1137 tunt
2678 1086 2726 1136 iu

461 1156 591 1229 ipsis
619 1157 917 1209 auctoribus
941 1156 1270 1225 opiniones.“
1338 1159 1575 1209 Donatus
1603 1158 1838 1226 denique
1855 1158 1990 1210 haec
2024 1157 2196 1210 omnia
2224 1174 2256 1208 a
2285 1173 2361 1207 vs.
2401 1157 2726 1211 soe-607.

462 1228 531 1280 ad
573 1227 801 1278 lxionem
849 1238 905 1278 et
936 1227 1227 1279 Pirithoum
1277 1226 1542 1297 pertinere
1585 1229 1784 1278 statuit.
1852 1227 2115 1280 Videntur
2171 1226 2336 1293 igitur
2373 1224 2484 1275 iam
2521 1236 2728 1276 veteres

463 1297 720 1359 sensisse,
760 1313 874 1348 cam
916 1313 1035 1348 esse
1072 1296 1258 1347 horum
1296 1298 1576 1348 verborum
1616 1298 1936 1361 iuncturam,
1985 1314 2117 1366 quae
2161 1294 2324 1350 verba
2366 1299 2527 1360 Quos
2569 1313 2728 1363 anper

460 1383 569 1418 non
592 1376 863 1434 pateretur
890 1383 921 1418 a
949 1365 1304 1434 superioribus
1327 1365 1403 1417 ita
1428 1365 1682 1434 disiungi,
1721 1377 1778 1418 ut
1805 1375 2122 1429 mutaretur,
2155 1364 2296 1433 quod
2328 1373 2532 1414 vocant
2549 1402 2566 1427 ‚
2605 1364 2728 1414 sub-

460 1436 684 1498 iectum,
735 1436 878 1502 quod
921 1435 1128 1486 adiecta
1171 1435 1376 1485 demum
1427 1436 1651 1502 copula,
1703 1440 1992 1504 Quosque
2038 1435 2303 1486 vel'Auc
2350 1450 2534 1501 quos,
2591 1444 2726 1483 recte

461 1504 575 1557 ficri
603 1515 830 1572 poterat.
902 1505 1061 1568 Quod
1086 1504 1129 1554 si
1157 1503 1319 1555 semel
1356 1503 1614 1572 vulgatam
1655 1503 1884 1556 fabulam
1923 1502 2157 1554 deseruit
2200 1510 2398 1570 pocta,
2454 1501 2591 1569 quid
2633 1501 2725 1551 im-

461 1573 637 1643 pedit,
671 1572 947 1641 quominus
977 1573 1129 1624 etiam
1156 1574 1359 1641 reliqua
1378 1613 1393 1637 ,
1429 1574 1693 1624 lucent—
1713 1592 1836 1637 ore,
1873 1573 1940 1623 de
1965 1572 2202 1641 Lapithis
2240 1570 2350 1620 illis
2375 1569 2724 1638 intelligendu

460 1642 871 1695 contendamus?
939 1645 1111 1711 Atque
1140 1641 1194 1693 id
1226 1660 1381 1711 quum
1412 1653 1534 1710 agat
1565 1642 1766 1711 Sibylla
1785 1681 1801 1706 ,
1836 1651 1895 1692 ut
1967 1659 2124 1693 oenas
2163 1638 2401 1692 scelestis
2449 1642 2602 1709 apud
2647 1641 2724 1690 in-

460 1713 604 1763 feros
629 1711 940 1762 constitutas
968 1712 1161 1763 doceat
1192 1717 1448 1776 Aeneam,
1495 1712 1676 1780 inepta
1715 1712 1786 1762 sit
1816 1728 1915 1780 pro
1941 1722 2088 1774 ecto,
2135 1710 2181 1760 ai
2219 1710 2435 1761 nomina
2475 1710 2722 1760 duntaxat

461 1780 690 1833 sontium
720 1790 914 1850 ponat,
948 1797 1056 1832 non
1091 1790 1497 1832 commemorato
1534 1798 1741 1863 poenae
1776 1798 1986 1848 genere.
2052 1780 2156 1832 Sed
2197 1796 2353 1847 quum
2391 1779 2533 1828 satis
2576 1791 2720 1838 esset,

459 1851 713 1920 quaedam
744 1849 968 1917 insignia
994 1850 1213 1902 maxime
1243 1850 1504 1919 supplicia
1531 1851 1821 1913 indicasse,
1858 1851 2016 1918 paulo
2045 1861 2198 1917 post,
2231 1848 2359 1898 inde
2401 1867 2437 1898 a
2479 1867 2560 1898 vs.
2610 1851 2721 1906 603,

462 1937 709 1971 summam
760 1937 932 1971 rerum
983 1921 1201 1988 carptim
1245 1929 1300 1969 et
1342 1921 1583 1970 universe
1636 1937 1940 1988 percurrere
1982 1920 2370 1986 Phlegyamque
2416 1918 2720 1986 simpliciter

460 1989 919 2041 miserrimum
975 2005 1164 2041 vocare
1222 1989 1327 2039 iam
1374 1989 1587 2040 licebat.
1668 1988 2135 2056 interpunctionem
2193 1985 2526 2053 Heynianam
2557 2026 2574 2048 ‚
2629 1987 2722 2055 ipsi

460 2058 670 2126 quidem
698 2058 1075 2126 improbatam,
1113 2058 1349 2119 servavi3
1387 2057 1558 2109 oratio
1586 2058 1660 2109 sic
1685 2058 1958 2127 procedit:
2007 2055 2182 2120 „Quid
2223 2072 2517 2106 memorem
2563 2057 2722 2124 Lapi-

459 2127 616 2179 thas?
686 2126 916 2178 Omnia
965 2127 1053 2178 hic
1089 2157 1154 2166 —
1188 2145 1261 2178 vs.
1297 2129 1400 2180 608
1427 2145 1543 2195 sqq.
1573 2156 1639 2167 ——
1666 2127 1917 2179 scelerum
1960 2144 2154 2193 genera
2191 2125 2352 2176 variis
2395 2126 2724 2194 castigantur

459 2196 699 2265 poenis.“
788 2196 884 2246 His
933 2195 1027 2247 illa
1067 2201 1214 2261 Quos
1257 2215 1424 2268 super
1455 2225 1522 2235 —
1558 2216 1652 2249 ore
1698 2215 1795 2266 per
1832 2194 2291 2264 interpositionem
2333 2194 2539 2246 inserta
2596 2207 2726 2245 sunt.

467 2268 611 2333 Wr.)
748 2265 854 2318 603
889 2266 1086 2315 Totum
1115 2265 1285 2316 locum
1326 2266 1482 2316 aliter
1524 2265 1944 2317 constituendum
1988 2282 2102 2314 esse
2136 2264 2567 2331 interpunctione
2609 2281 2725 2314 mn—

457 2343 607 2398 tata,
639 2333 694 2384 in
726 2345 848 2385 nota
869 2333 937 2385 ad
962 2334 1018 2384 h.
1051 2351 1097 2384 v.
1130 2334 1317 2394 docui;
1365 2333 1567 2386 scilicet
1607 2337 1742 2386 hunc
1780 2335 1836 2384 in
1881 2334 2117 2385 modum:
2167 2334 2303 2402 quid
2343 2352 2636 2384 manerem
2660 2362 2722 2373 —

462 2403 559 2472 (et)
585 2421 722 2472 quos
742 2420 910 2483 super
932 2415 1062 2454 atra
1089 2402 1231 2453 silex
1252 2405 1365 2456 iam
1394 2404 1507 2454 iam
1532 2402 1759 2455 labsum
1782 2404 2104 2472 cadentique
2142 2405 2386 2453 Innu'nee
2416 2403 2726 2455 adsit-dis?

456 2476 670 2526 Lucem
689 2469 1002 2542 genialibus
1031 2471 1164 2523 altis
1192 2482 1290 2525 etc.
1358 2477 1489 2526 Sunt
1513 2473 1644 2526 baec
1670 2474 1737 2525 de
1761 2472 1866 2526 alio
1901 2489 2104 2542 poenae
2145 2488 2341 2540 genere
2377 2472 2714 2542 accipienda:

457 2541 645 2613 positis
666 2541 832 2610 epulis
864 2540 1007 2592 vesci
1035 2550 1178 2592 vetat
1202 2542 1414 2606 Alecto,
1456 2552 1515 2593 ut
1546 2543 1922 2596 contabescant
1956 2552 2171 2593 aeterna
2207 2543 2364 2592 fame.
2419 2542 2543 2607 (scd
2589 2543 2720 2606 vide,

459 2630 590 2683 quae
617 2611 772 2663 modo
796 2612 864 2662 ad
892 2630 968 2662 vs.
994 2611 1318 2680 superiorem
1362 2612 1570 2683 scripsi.
1628 2613 1772 2682 Wr.)

458 2683 656 2753 epulae
670 2711 735 2720 —
744 2693 1043 2753 paternae,
1078 2679 1211 2733 miro
1234 2680 1406 2749 lapsu.

458 2839 616 2899 cium
646 2840 1023 2899 transtulere.
1095 2840 1334 2899 Tantali
1356 2839 1538 2920 capiti

455 2925 764 2984 imminere
794 2947 1037 3000 saxum,
1088 2928 1205 2985 iam
1237 2926 1337 2984 alii
1366 2946 1537 2985 com—

456 3013 644 3070 menti
678 3023 875 3087 erent,
935 3013 1209 3091 interque
1248 3031 1346 3070 eos
1388 3013 1533 3071 Pin-

457 3096 639 3177 darus
667 3097 759 3155 Ol.
791 3122 847 3170 α,
875 3100 958 3161 88
991 3118 1149 3176 seqq.
1191 3106 1252 3156 et
1292 3098 1536 3177 Euripi-

456 3180 561 3239 des
596 3182 701 3241 Or.
740 3186 779 3245 6
821 3191 883 3241 et
918 3186 1045 3247 980
1074 3204 1189 3261 sq„
1233 3183 1338 3242 ubi
1376 3184 1535 3243 cons.

454 3266 689 3342 Schol.,
749 3267 934 3346 iisque
977 3268 1370 3347 antiquiores,
1427 3269 1539 3326 Al·-

453 3371 628 3412 caeus
655 3361 716 3411 et
742 3353 1007 3413 Alcman.
1041 3375 1100 3413 v.
1131 3354 1329 3414 Schol.
1362 3353 1538 3413 Pind.

451 3437 491 3497 l.
549 3458 599 3496 c.
665 3438 821 3497 Add.
880 3440 995 3497 Cic.
1045 3441 1219 3499 Tusc.
1273 3438 1371 3513 IV,
1437 3444 1536 3503 16.

449 3524 687 3582 Lucret.
726 3522 824 3597 Ill,
856 3526 980 3589 953
1010 3545 1135 3602 sqq.
1195 3526 1537 3585 Promiscue

450 3610 581 3677 loca
614 3610 727 3666 alia
756 3612 1020 3688 apposita
1053 3611 1213 3690 apud
1258 3611 1448 3669 Guell.
1478 3618 1538 3669 et

451 3695 625 3755 Cerd.
669 3695 966 3754 Homerus
1001 3716 1137 3755 eum
1177 3696 1240 3755 in
1277 3697 1411 3754 lacu
1452 3697 1535 3753 si-

449 3782 692 3841 tientem
734 3780 1132 3858 destituerat5
1188 3791 1246 3840 et
1289 3782 1535 3841 videtur

448 3868 614 3927 lacus
659 3867 897 3926 Tantali
944 3866 1022 3925 ad
1061 3868 1336 3947 Sipylum
1361 3913 1376 3942 ,
1436 3866 1536 3926 cui

446 3974 660 4098 {saxum
729 3953 1074 4098 prggliinenis
1134 3954 1535 4096 incumbam?

472 4060 647 4098 ocum
758 4060 787 4096 a
900 4059 966 4097 ae
1065 4057 1243 4097 emsse
1271 4063 1285 4098 :
1376 4060 1490 4098 con
1524 4084 1536 4098 .

440 4126 699 4184 Pausan.
727 4126 877 4199 VIII,
898 4128 1007 4188 ’17.
1074 4125 1306 4184 Etenim
1337 4125 1534 4183 omni-

447 4232 528 4269 no
555 4231 622 4269 ea
658 4231 690 4268 e
719 4210 975 4290 Phrygia
1020 4211 1271 4288 origines
1304 4209 1534 4268 habuit.

445 4297 566 4354 Sed
592 4297 789 4355 lacum
819 4297 1093 4371 Tantali,
1131 4298 1194 4354 in
1219 4317 1339 4374 quo
1368 4305 1534 4354 stans

444 4382 544 4439 ille
578 4402 886 4459 perperam
916 4382 1231 4442 affectabat
1256 4402 1440 4461 aquas
1473 4391 1535 4440 et

443 4485 617 4544 poma
648 4468 810 4545 apud
834 4467 1195 4544 Homerum,
1235 4466 1533 4547 eleganter

1912 2610 2020 2667 604
2061 2612 2304 2684 pulchra
2338 2612 2534 2679 Rom„
2586 2612 2716 2664 idua

1621 2840 1685 2900 in
1743 2860 2010 2900 mensam
2075 2839 2389 2918 opiparam
2456 2839 2710 2901 mutavit

1622 2926 1840 3003 Maro,
1906 2946 2011 2985 seu
2060 2944 2239 3003 quem
2273 2924 2376 2984 ille
2426 2937 2709 3005 sequutus

1621 3022 1713 3071 est
1779 3022 1974 3091 poeta.
2076 3010 2315 3070 Assidet
2387 3014 2710 3071 Rzn'anun

1620 3096 1897 3156 maxima
1931 3098 2108 3177 (quae
2135 3106 2197 3155 et
2239 3096 2410 3175 apud
2459 3099 2593 3157 Val.
2632 3099 2711 3156 n

1619 3184 1666 3260 1,
1699 3186 1825 3246 817
1855 3183 2119 3242 occurrit
2131 3227 2149 3257 ‚
2193 3181 2358 3241 dicta
2400 3193 2479 3242 nt
2511 3189 2713 3242 masi—

1622 3290 1726 3326 ma
1752 3282 2069 3342 natarum,
2125 3288 2185 3327 v.
2219 3288 2352 3348 sup.
2385 3270 2473 3327 ad
2500 3270 2547 3346 Ι,
2573 3274 2711 3335 521.

1621 3354 1729 3413 Est
1756 3363 1953 3412 autem
1980 3352 2092 3412 alia
2122 3354 2315 3413 maior
2357 3365 2550 3429 natu,
2604 3357 2712 3413 alia

1621 3442 1852 3513 minor,
1898 3440 2104 3519 Eurip.
2140 3439 2326 3518 lphig.
2366 3442 2433 3499 in
2479 3442 2546 3499 T.
2590 3444 2710 3505 963

1619 3519 1930 3605 πρέσβειρ’
1992 3520 2148 3605 ἤπερ
2207 3516 2291 3604 ἦν
2347 3520 2707 3605 Ἐριννύων.

1620 3611 1733 3690 Ap.
1759 3612 2023 3670 Statium
2053 3609 2238 3669 Theb.
2258 3611 2387 3685 Vll,
2415 3614 2548 3676 477
2583 3615 2707 3670 En-

1619 3699 1924 3755 mem‘dum
1977 3698 2425 3775 antiquissima.
2525 3698 2708 3757 Aliter

1620 3804 1748 3862 sup.
1809 3783 1908 3858 111,
1967 3785 2094 3846 252
2161 3781 2238 3840 de
2299 3782 2708 3862 Harpyia-un

1620 3866 1767 3949 una)
1795 3913 1811 3943 ,
1861 3886 1976 3948 ‘seu
2024 3866 2294 3945 Megaera
2345 3886 2458 3927 seu
2504 3870 2706 3929 Alectn

1622 3954 1789 4034 (nam
1826 3954 2068 4012 Famem
2103 3955 2207 4012 vix
2237 3954 2390 4012 bene
2429 3952 2559 4014 huc
2602 3956 2706 4014 ad-

1620 4049 1802 4098 vocat
1827 4038 2106 4112 Servius,
2144 4038 2397 4098 laudato
2441 4040 2582 4100 loco
2613 4041 2704 4100 lib.

1618 4126 1719 4198 ΙΙΙ,
1751 4123 1941 4204 252),
1986 4135 2049 4183 et
2085 4134 2257 4183 vetat
2308 4125 2508 4204 epulis
2563 4127 2705 4197 Βοὴ

1616 4211 1736 4270 hoc
1767 4211 1901 4291 plus
1930 4209 2233 4289 dignitatis
2265 4208 2488 4285 habet,
2531 4232 2705 4290 quan

1617 4298 1754 4375 suga
1789 4316 2108 4377 pomorum
2130 4308 2193 4356 et
2224 4316 2416 4374 aquae
2451 4298 2516 4356 in
2547 4299 2704 4357 Tan·

1617 4383 1758 4443 talo.
1845 4383 2125 4441 Atrocius
2167 4403 2297 4442 rem
2337 4384 2561 4443 extulit
2591 4384 2700 4441 Ae·

1615 4467 1864 4548 schylus
1911 4468 2155 4528 Eumen.
2212 4470 2343 4534 264
2384 4490 2512 4548 sqq.
2591 4490 2699 4545 ge-
