2882 5028
407 328 559 406 458

894 327 977 399 Ρ.
1032 322 1452 399 VIRGIL
1472 323 1557 400 11
1610 321 2167 398 MARONIS

405 513 620 587 Haec
645 508 1064 587 Phoebus:
1116 511 1528 612 mixtoque
1559 511 1840 608 ingens
1874 522 2141 585 exorta
2173 508 2524 584 tumultu

405 614 777 703 Laetitia3
849 625 931 691 et
983 614 1297 716 cuncti,
1369 638 1576 715 quae
1633 614 1792 688 sint
1846 638 1937 689 ea
1981 613 2304 688 moenia
2332 673 2354 710 ‚
2425 637 2669 714 quae-

1570 729 1760 792 runt
1783 753 1805 809 3

2521 726 2668 796 100

410 825 591 914 Quo
624 817 1008 895 Phoebus
1044 831 1278 895 vocet
1326 822 1696 915 erranti5‚
1749 819 2180 920 iubeatque
2211 821 2526 898 reverti.

411 929 624 1001 Tum
680 923 1045 1022 genitor,
1122 936 1489 999 veterum
1550 923 1878 1000 volvens
1948 937 2479 1000 monumenta
2555 927 2669 999 vi-

1576 1052 1879 1122 rorum,

406 1128 737 1224 Audite,
796 1152 846 1204 ο
879 1153 1292 1229 proceres»,
1348 1133 1484 1228 ait,
1542 1145 1622 1209 et
1650 1155 1831 1233 spes
1867 1130 2142 1206 discite
2178 1144 2492 1211 vestras,

410 1237 646 1311 Creta
672 1233 881 1308 Iovis
911 1235 1176 1330 magni
1207 1235 1482 1312 medio
1515 1237 1715 1311 iacet
1747 1234 1994 1310 insula
2028 1248 2284 1335 ponto
2313 1270 2334 1325 ς

406 1342 643 1415 Mons
674 1334 958 1412 Idaeus
987 1337 1162 1432 ubi,
1219 1351 1300 1414 et
1339 1340 1596 1437 gentis
1637 1337 2029 1414 cunabula
2063 1351 2401 1416 nostrae.

2522 1343 2670 1418 105

410 1444 758 1518 Centum
790 1439 1032 1516 urbes
1056 1440 1413 1518 habitant
1447 1466 1804 1541 magnaS‚
1856 1442 2260 1518 uberrima
2294 1464 2563 1540 regna.

406 1545 791 1635 Maximus
816 1543 1038 1621 unde
1073 1559 1323 1647 pater,
1373 1548 1436 1622 si
1466 1548 1618 1624 rite
1649 1545 1914 1624 audita
1941 1544 2354 1642 recordor,

543 1770 615 1824 99
651 1769 831 1821 excita
863 1770 1068 1837 Hagen.

407 1841 579 1891 Burm.
633 1840 704 1892 cf.
755 1856 868 1907 sup.
914 1842 980 1902 11,
1032 1841 1151 1894 123.

411 1911 513 1964 102
548 1910 781 1961 volvens
815 1922 1059 1961 veterum
1094 1909 1259 1963 multi.

406 1979 579 2029 Burm.
650 1978 814 2029 dicite
847 1987 976 2030 tres.

406 2049 580 2099 Burm.
650 2059 706 2097 et
740 2047 890 2097 deest
925 2047 1108 2100 Zulich

1209 1774 1311 1828 100
1343 1774 1460 1824 eim
1492 1774 1629 1825 haec
1660 1774 1796 1825 Ven.
1868 1791 2010 1842 quae
2041 1784 2176 1824 sune
2226 1770 2410 1834 Laid„
2472 1771 2571 1822 aed
2618 1789 2666 1822 v.

1306 1845 1404 1896 101
1460 1842 1715 1894 iubeatve
1776 1843 1860 1895 ed.
1909 1842 2027 1894 Ald.
2079 1852 2134 1892 et
2189 1844 2327 1894 lunt.
2375 1840 2542 1893 Goth.
2587 1859 2669 1909 pr.

1324 1914 1578 1982 priorum
1611 1913 1871 1964 Montalb.

1118 1981 1221 2035 104
1255 1982 1429 2033 medio
1452 2000 1615 2052 magn

1266 2052 1369 2104 106
1405 2050 1560 2102 urbis
1592 2050 1742 2102 multi
1778 2051 1914 2102 Pier.
1954 2062 2009 2101 et
2042 2051 2146 2102 duo
2199 2050 2380 2100 ueius.

2014 1913 2115 1966 103
2152 1932 2184 1964 o
2229 1912 2383 1962 deest
2437 1920 2668 1978 quatuor

2149 1982 2251 2035 105
2285 1979 2361 2031 ibi
2391 1978 2549 2032 multi
2583 1999 2667 2048 ap.

2451 2054 2523 2101 At
2559 2068 2658 2100 ut-

1620 1983 1642 2033 i
1679 1982 1843 2033 Goth.
1878 1991 2006 2033 tert.

408 2116 501 2170 bec
535 2115 778 2169 valerius
815 2118 1014 2170 Probus
1048 2118 1104 2169 in
1138 2119 1353 2186 codice,
1398 2121 1488 2191 qui
1521 2118 1688 2190 ipsius
1732 2120 1967 2175 Maronia
2018 2121 2226 2187 fuerat,
2272 2118 2524 2186 scriptum
2575 2136 2668 2170 re—

407 2196 654 2257 pererat,
687 2203 773 2256 ap.
808 2187 947 2239 Gell.
981 2189 1128 2256 xm,
1165 2192 1250 2246 19.

407 2377 783 2458 Hyperborei
811 2400 894 2440 ac.
933 2377 1169 2442 sumsit:
1226 2403 1366 2443 nam
1408 2383 1495 2443 ita

405 2484 530 2526 esse
577 2465 1059 2545 intelligendum,
1104 2488 1182 2528 ex
1228 2465 1495 2549 Pompo-

406 2552 507 2612 nio
555 2551 692 2612 Sab.
735 2562 933 2632 patet,
986 2555 1090 2632 qui
1138 2556 1493 2616 Servianum

328 2630 331 2635 ’
405 2637 559 2698 illud
571 2639 819 2718 repetit:
844 2642 1034 2699 Hunc
1049 2643 1303 2701 eundem
1320 2640 1494 2724 (ver-

406 2726 563 2803 aum)
600 2728 905 2784 Homer-uc
935 2726 1015 2786 ab
1053 2728 1289 2805 Orpheo
1322 2751 1493 2787 sum·

405 2814 485 2870 eit
498 2834 522 2883 ,⁰
577 2810 854 2888 Orpheus
883 2832 958 2871 ex
1002 2816 1245 2874 oraculo
1285 2815 1492 2892 Apol-

404 2898 569 2957 linis,
672 2897 986 2957 Probabile
1038 2898 1113 2958 fit
1140 2944 1157 2975 ,
1233 2900 1493 2978 aliquem

406 2991 673 3061 poetam,
731 2985 889 3042 sorte
937 2984 1380 3064 Euphorionem
1427 2987 1493 3045 in

404 3066 675 3127 chiliade
701 3112 717 3142 ‚
773 3067 934 3128 hanc
977 3080 1202 3130 sortem
1246 3072 1320 3130 ab
1364 3072 1492 3131 Or-

404 3153 560 3232 pheo
620 3154 938 3232 repetiisse.
1050 3156 1135 3214 De
1189 3156 1494 3238 interpre-

403 3238 633 3298 tatione
687 3258 974 3299 versuum
990 3285 1009 3314 ,
1081 3260 1217 3301 cum
1265 3248 1494 3302 emec-tis

404 3323 816 3385 dominabitur
889 3327 1007 3385 oris
1082 3327 1314 3387 dictum
1394 3328 1491 3405 sit,

403 3409 570 3515 quod
595 3410 659 3470 in
681 3410 945 3472 Homero
969 3421 1099 3470 erat
1116 3457 1132 3487 ,
1182 3409 1491 3496 Τρώεσσιν

404 3491 639 3572 ανᾶξει,
668 3518 726 3557 v.
754 3497 1057 3576 Disquisit.
1081 3498 1133 3558 ΙΙ
1156 3501 1231 3558 de
1260 3503 1485 3559 invent.

402 3604 597 3642 rerum
617 3587 683 3642 in
711 3584 975 3644 Aeneide
1001 3597 1310 3647 motatur.
1346 3607 1393 3647 a.
1436 3586 1490 3645 11

402 3677 465 3728 et
502 3668 595 3730 111.

493 3759 633 3821 102.
672 3756 970 3828 Vols-ene,
1006 3756 1325 3816 revolvens
1357 3758 1492 3816 ani-

402 3860 501 3900 mo
530 3850 763 3900 veteres
787 3839 1086 3901 historias.
1159 3843 1345 3916 Quod
1376 3863 1492 3901 au-

403 3936 523 3986 tem
569 3926 861 3987 Anchisae
905 3928 1251 4007 interpretis
1307 3927 1490 3988 huius

403 4013 629 4073 oraculi
673 4021 873 4093 partes
928 4013 1317 4088 tribuuntur,
1380 4015 1492 4072 etsi

401 4119 566 4158 nunc
613 4119 830 4179 parum
881 4098 1158 4158 sollerter
1200 4119 1268 4159 ea
1311 4099 1374 4158 in
1420 4120 1489 4160 re

400 4195 494 4246 eat
524 4194 832 4261 versatus,
875 4184 947 4244 fit
975 4184 1129 4244 illud
1160 4184 1378 4243 idonea
1409 4185 1488 4243 ‹le

398 4273 668 4334 ratione:
696 4270 980 4351 quoniam
1008 4270 1132 4331 aive
1162 4272 1484 4331 senectutis

400 4360 762 4421 auctoritate
778 4402 795 4434 ,
851 4357 978 4418 aive
1009 4376 1258 4418 munere
1282 4357 1482 4417 Vene-

1579 2382 1662 2442 ris
1685 2381 1968 2461 singulari
1995 2380 2115 2442 hoc
2139 2381 2249 2442 sibi
2273 2378 2669 2459 praecipuum

1577 2467 1764 2529 babet
1796 2467 2099 2528 Anchises.
2140 2488 2200 2529 v.
2243 2467 2387 2529 Exc.
2425 2465 2540 2525 ult.
2589 2464 2668 2526 ad

1578 2555 1680 2615 lib.
1710 2556 1775 2633 11,
1806 2555 1909 2615 ubi
1954 2556 2030 2614 de
2059 2553 2333 2614 Anchise.
2419 2551 2667 2629 (Mirum

1578 2661 1760 2717 vero,
1815 2641 1978 2719 quod
2022 2640 2249 2699 Aeneas
2289 2659 2415 2697 non
2451 2639 2668 2697 memi-

1576 2728 1698 2803 nit,
1734 2726 1898 2806 quod
1927 2727 2149 2787 Creusa
2175 2725 2500 2785 vaticinata
2527 2725 2666 2782 sue-

1575 2821 1704 2887 rat,
1764 2813 2113 2893 Hesperiam
2176 2810 2288 2870 sibi
2341 2809 2666 2888 petendam

1578 2916 1734 2972 esse,
1810 2899 1881 2973 11,
1944 2902 2063 2962 781
2126 2917 2213 2974 aq.
2289 2895 2427 2956 vid.
2469 2895 2665 2974 Heyn.

1579 2985 1724 3043 Exc.
1787 2984 1857 3043 V.
1924 2984 2001 3043 ad
2054 2984 2094 3047 1.
2158 2981 2275 3041 xu
2334 2990 2399 3041 et
2454 2981 2531 3054 Q.
2594 2981 2663 3042 V.

1577 3071 1841 3145 XXXX,
1874 3075 1933 3133 2.
1986 3066 2164 3148 lVr.)
2218 3102 2308 3114 —
2367 3071 2507 3131 103.
2552 3086 2665 3126 au-

1579 3156 1704 3215 dite
1747 3154 1894 3233 quid
1932 3155 2102 3214 vobis
2156 3152 2522 3233 sperandum
2568 3153 2663 3212 ait.

1578 3244 1947 3321 comparant
1993 3239 2143 3300 illud
2173 3238 2391 3317 Odys&
2430 3240 2493 3318 β,
2537 3242 2664 3305 229

1580 3327 1844 3389 mature
1874 3322 1953 3406 δή
1983 3331 2103 3389 νῦν
2128 3348 2275 3406 μευ,
2313 3317 2664 3405 Ἰθακήσιοι,

1578 3408 1704 3479 ὅττι
1734 3436 1839 3476 κεν
1864 3412 2032 3474 εἴπω.

1663 3582 1804 3648 104.
1833 3580 2662 3662 Expreasuslocuaexodyss.

1575 3694 1625 3746 τ,
1673 3674 1795 3735 172
1839 3689 1966 3747 aqq.
2026 3666 2368 3742 cunabula,
2413 3668 2666 3745 origines

1575 3756 1804 3835 vulgo:
1880 3773 2034 3832 quae
2093 3770 2443 3812 communes
2503 3754 2664 3813 suere

1575 3842 1736 3902 inter
1793 3841 2032 3900 Cretam
2102 3847 2164 3898 et
2224 3836 2548 3900 Troadem.
2606 3858 2661 3897 v.

1578 3930 1827 3989 Excurs.
1855 3927 1923 3987 V.
1956 3959 2038 3973 --
2099 3928 2238 3989 106.
2273 3924 2528 3984 Centum
2559 3947 2660 3983 ut-

1573 4014 1694 4073 bes.
1785 4011 2183 4090 ἕκατόμπολις
2212 4010 2381 4070 Iliad.
2420 4012 2482 4089 β,
2510 4012 2662 4082 6493

1572 4121 1668 4161 res
1714 4109 1876 4158 nota.
1922 4096 2048 4158 vid.
2092 4096 2313 4157 Meura.
2370 4094 2447 4153 de
2491 4097 2659 4156 Creta

1571 4188 1614 4260 l,
1644 4189 1703 4251 5.
1793 4182 2069 4266 (—107.
2113 4183 2516 4242 Maximus
2541 4203 2660 4260 pa-

1566 4285 1653 4330 ter
1691 4281 1884 4344 recte,
1927 4278 2111 4349 puto,
2154 4267 2403 4328 Servius
2449 4268 2524 4327 ad
2559 4287 2659 4347 ge-

1566 4358 1725 4419 neris
1767 4354 2169 4417 Troianorum
2203 4353 2537 4435 primordia
2561 4372 2658 4414 ro—
