2882 5028
502 394 1114 472 AENEmos
1167 368 1376 473 L'IB.
1433 398 1526 493 v,
1580 400 2019 478 sss-264

2240 407 2388 479 761
2437 390 2440 393 ’

155 588 249 658 At
283 580 416 681 qui
448 580 741 659 deinde
783 583 1055 658 locum
1090 584 1345 658 tenuit
1373 584 1662 659 virtute
1692 584 2161 682 secundum,
2227 668 2242 670 ff

156 684 486 760 Levibus
514 685 703 762 huic
741 686 997 762 hamis
1036 699 1483 762 consertam
1521 711 1879 788 auroque
1906 687 2243 766 trilicem

158 788 550 885 Loricam,
608 815 847 890 quam
881 788 1278 866 Demoleo
1314 788 1754 866 detraxerat
1783 793 1953 892 ipse

160 893 422 969 Victor
452 894 664 993 apud
701 893 1071 993 rapidum
1105 894 1517 968 Simoenta
1551 893 1699 967 sub
1744 892 1888 970 Ilio
1924 895 2108 993 alto,

2245 802 2400 909 eso
2441 882 2460 896 ἡ

162 999 412 1070 Donat
440 996 739 1073 habere
766 998 936 1071 viro
959 1058 978 1092 ‚
1035 996 1279 1072 decus
1324 1012 1403 1071 et
1440 1009 1798 1072 tutamen
1829 998 1910 1071 in
1941 999 2195 1079 annis.

164 1099 292 1175 Vix
334 1097 551 1175 illam
587 1098 868 1176 famuli
893 1100 1261 1198 Phegeus
1307 1101 1771 1200 Sagarisque
1804 1098 2170 1178 ferebant

166 1200 709 1303 Multiplicem‚
766 1205 1078 1280 connixi
1110 1202 1506 1299 humeris;
1564 1203 1888 1289 indutus
1918 1218 1996 1281 at
2027 1205 2220 1282 olim

255 1328 421 1403 259.
475 1327 873 1401 LAEvmus

289 1500 391 1554 259
423 1500 628 1552 Versus
661 1500 801 1551 idem
838 1519 953 1570 sup.
990 1503 1080 1562 111,
1112 1499 1233 1556 467.

168 1568 244 1621 91.
292 1570 433 1637 Wr.)
505 1570 638 1621 hine
695 1572 879 1623 Franc.

1306 1498 1524 1570 (Scripsi
1572 1498 1838 1563 Levibue3
1885 1500 1993 1553 vid.
2026 1503 2094 1555 V.
2127 1501 2190 1551 1..
2227 1469 2294 1552 ad
2328 1519 2403 1552 vs.

1019 1573 1127 1625 260
1184 1572 1494 1622 detraxerit
1553 1571 1689 1627 Gud.
1760 1570 2039 1639 (Fogginio
2090 1570 2300 1621 videtur
2347 1570 2404 1620 in

169 1637 391 1720 Mediceo
426 1638 653 1707 primum
688 1642 800 1711 ipsi
828 1640 993 1691 fuisse
1038 1639 1305 1709 scriptum.
1364 1641 1511 1707 Wr.)

1665 1642 1765 1695 261
1814 1634 1958 1707 παρ’
2013 1634 2250 1710 ὄχθῃσιν
2306 1639 2403 1691 Σι-

169 1721 397 1770 pomos.
470 1710 784 1772 Simnana,
817 1713 1108 1763 Simounta
1151 1709 1416 1760 aberrant.
1490 1709 1609 1761 alta
1661 1721 1769 1761 tres
1816 1710 2029 1779 Heium,
2079 1727 2186 1760 non
2234 1708 2406 1760 inele-

172 1786 353 1841 ganter.
392 1795 440 1830 v.
475 1778 662 1830 Heius.
705 1780 771 1830 ad
821 1779 970 1830 ovid.
1017 1778 1185 1846 Epist.
1236 1781 1275 1843 1,
1326 1779 1413 1832 48.
1486 1777 1587 1831 sab
1634 1779 1781 1831 Ilion
1831 1779 1946 1831 alto
1997 1788 2219 1847 quatuor
2265 1796 2296 1828 a
2335 1777 2407 1828 ud

174 1846 423 1899 Burmann.
494 1845 600 1899 sub
634 1848 780 1900 Ilion
817 1849 986 1900 altem
1029 1848 1195 1901 Wall.

1265 1844 1367 1899 sab
1400 1847 1546 1898 Ilion
1583 1848 1756 1899 altum
1801 1848 2042 1901 Parthas.
2114 1845 2215 1899 sab
2259 1850 2297 1897 I
2326 1849 2407 1899 'on

172 1914 274 1967 alea
305 1917 464 1968 Goth.
502 1935 611 1968 sec.
682 1918 787 1970 Sed
820 1918 1085 1986 vulgatam
1119 1916 1581 1969 Grammaticorum
1617 1917 1928 1969 auctoritate
1963 1916 2187 1968 firmavit
2235 1915 2408 1966 Hein-

173 1982 279 2037 sius.

408 1988 513 2041 263
560 1988 694 2039 Mox
725 1988 878 2039 illam
912 1987 1100 2039 Hamb.
1142 1986 1294 2038 alter.
1365 1987 1656 2057 Phygeae,
1691 1988 1943 2057 Flegeae.
2015 1989 2262 2058 Sagis-ie,
2296 1988 2405 2037 Sa-

172 2056 299 2105 caris
327 2055 595 2108 aberrant.
664 2056 769 2109 Sed
807 2068 884 2109 est
920 2052 1136 2125 Φηγεὺς
1149 2094 1165 2125 ,
1203 2050 1471 2124 214deae-

175 2192 407 2254 ferentes
433 2216 503 2255 ac
535 2195 788 2256 deorum
813 2197 996 2257 fidem
1015 2197 1238 2276 implo-

173 2289 350 2339 rantes
374 2327 393 2358 ,
467 2292 547 2343 ut
603 2291 663 2340 et
713 2302 811 2342 res
862 2283 1131 2363 postulat
1176 2291 1240 2342 et

176 2363 375 2443 Hymn.
426 2369 490 2426 in
547 2366 761 2428 Vener.
804 2374 951 2443 208,
990 2370 1096 2428 ubi
1132 2389 1239 2427 co-

176 2452 317 2529 piose
352 2453 424 2512 de
453 2454 634 2512 Trois
662 2455 853 2535 patris
892 2456 1065 2514 luctu
1112 2454 1239 2533 agi-

176 2546 281 2596 tur.
373 2540 687 2620 Expressit
749 2541 951 2601 locum
1015 2541 1241 2601 Statius

177 2622 340 2684 Theb.
398 2627 442 2702 1,
503 2625 637 2691 548
688 2647 773 2705 sq.
872 2628 996 2687 Nec
1038 2637 1240 2686 tamen

180 2711 409 2786 aquilam
448 2712 753 2772 Homerus
790 2712 1088 2787 meminit,
1132 2730 1243 2770 nec

179 2793 275 2867 ibi,
318 2816 422 2855 nec
445 2798 618 2858 iliad.
661 2822 721 2873 v,
769 2803 896 2863 233
919 2832 989 2844 —
1013 2799 1141 2863 235
1180 2806 1243 2856 et

181 2901 219 2952 ε,
247 2886 380 2947 266.
405 2888 559 2963 267.
599 2885 867 2943 custodes
907 2905 965 2944 v.
1008 2883 1113 2943 inf.
1164 2881 1244 2941 ad

182 2965 304 3030 546.
366 2974 565 3030 saevit
604 2970 861 3028 latr-aues
915 2973 981 3028 in
1029 2990 1239 3044 auras,

186 3061 399 3129 ornate3
438 3056 521 3115 sic
548 3065 752 3114 tamen
782 3055 899 3114 iam
928 3065 1101 3114 antea
1122 3053 1246 3113 Va-

184 3134 293 3194 rius
336 3141 496 3219 apud
546 3141 815 3207 Macrob.
880 3141 960 3200 VI
1019 3143 1144 3200 Sat.
1186 3143 1244 3216 ‚2

192 3219 297 3280 Ceu
345 3230 514 3286 canis
573 3226 917 3286 umbrosam
980 3228 1243 3285 lustrans

191 3306 463 3387 Gorqym‘a
499 3315 725 3372 vallem
743 3357 761 3387 ‚
801 3313 871 3371 Si
892 3314 1105 3371 veteris
1126 3332 1248 3388 po-

188 3396 287 3450 tuit
319 3417 524 3457 cervae
560 3398 976 3477 comprendere
1028 3399 1242 3471 lustra,

190 3476 371 3539 Saevit
396 3483 473 3541 ὑπ’
500 3484 802 3543 absentem
819 3528 838 3560 ‚
887 3497 943 3542 et
958 3528 975 3558 ,
1022 3485 1249 3541 cin-um

178 3570 423 3642 ‘vestigia
462 3570 726 3628 lustrans
758 3614 776 3643 ‚
833 3569 1100 3628 Aethera
1138 3587 1254 3645 per

192 3649 422 3710 nica‘dmn
462 3667 663 3714 termes
701 3667 964 3714 sectatur
1024 3655 1244 3714 odores.

194 3733 255 3791 cs.
285 3736 520 3800 Excute.
553 3741 650 3801 lv.

266 3822 380 3887 258
394 3827 634 3893 -265,
658 3826 867 3886 Altero
893 3825 1028 3884 loco
1051 3823 1252 3885 victor

194 3898 533 3970 Mnestheus.
629 3912 850 3972 Lorica'
899 3930 1014 3989 pro
1072 3928 1253 3989 prae-

197 3988 303 4048 mio
339 3998 507 4055 etiam
546 3998 611 4056 in
645 3997 807 4058 ludis
852 3995 1099 4055 Achiuis
1146 4016 1252 4055 oc-

199 4079 367 4158 ssuvdt
396 4082 434 4142 l.
465 4104 516 4143 c.
550 4083 717 4143 Iliad.
762 4099 838 4162 ψ,
889 4081 1033 4157 560,
1079 4090 1151 4141 ut
1190 4090 1252 4140 et

198 4156 339 4220 lebes
371 4187 429 4227 v.
464 4172 608 4245 618,
633 4187 813 4249 quem
841 4167 1103 4247 respexit
1136 4187 1252 4227 no·-

199 4253 323 4306 ster.
396 4253 601 4313 hamis
625 4266 958 4315 consertam
990 4274 1254 4332 auroque

201 4333 426 4395 silicem
452 4359 510 4399 v.
535 4361 663 4421 sup.
702 4340 779 4400 ad
820 4340 920 4398 lib.
957 4338 1054 4411 111,
1098 4335 1255 4413 4673

202 4425 282 4475 est
319 4418 668 4503 ἇλυσιδωτός
723 4425 944 4507 triplici
998 4423 1256 4484 annulo-

1323 2216 1460 2255 rum
1491 2193 1658 2254 serie.
1743 2196 1826 2254 Ut
1859 2196 2036 2255 trinis
2079 2195 2259 2269 liciis,
2304 2214 2409 2254 seu

1324 2281 1437 2341 filis
1465 2325 1481 2356 ,
1555 2289 1725 2339 texta
1792 2283 1975 2342 vestis
2036 2282 2290 2341 crassior
2339 2301 2410 2338 ac

1324 2367 1567 2446 spissior
1593 2376 1684 2426 est
1719 2367 1797 2425 ad
1830 2387 2048 2447 corpus
2090 2365 2409 2441 tuendum,

1323 2455 1409 2511 sic
1455 2452 1633 2510 trinis
1676 2453 2040 2513 annulorum
2098 2453 2411 2512 ordinibus

1325 2549 1604 2598 constans
1630 2537 1872 2598 thorax.
1954 2537 2215 2598 Demolei
2237 2539 2411 2598 illum

1325 2625 1581 2703 spolium
1627 2625 1768 2682 facit
1812 2644 1980 2684 more
2030 2624 2289 2684 ornandi
2349 2633 2413 2683 et

1326 2709 1787 2769 commendandi
1823 2710 2173 2784 Homerico,
2231 2728 2413 2787 quem

1324 2796 1390 2854 in
1447 2795 1695 2854 Homeri
1759 2795 2014 2855 lectione
2074 2795 2412 2874 saepissime

1328 2879 1721 2956 observabis'3
1786 2881 1852 2939 iu
1927 2880 2110 2940 lorica
2171 2880 2414 2959 quidem

1325 2966 1452 3045 ipsa
1485 2965 1650 3024 Iliad.
1669 2990 1738 3040 ⁸o,
1769 2965 1894 3030 529
1916 2986 2043 3044 sqq.
2131 2967 2414 3025 Ceterum

1328 3051 1493 3130 apud
1528 3052 1861 3110 Homerum
1900 3052 2220 3110 Demoleon
2275 3052 2414 3128 qui—

1331 3137 1470 3197 dem
1495 3146 1584 3196 est
1612 3136 1933 3195 Antenoris
1963 3137 2122 3197 filius
2160 3136 2326 3196 ssiad.
2352 3160 2412 3212 υ,

1331 3224 1477 3287 895.
1563 3222 1697 3281 Hoc
1743 3213 1945 3282 tamen
2004 3224 2139 3282 loco
2187 3222 2413 3281 sactum

1330 3317 1421 3366 est
1494 3327 1709 3367 nomen
1785 3307 2003 3368 Achivi
2072 3302 2417 3389 Δημόλεως.

1331 3397 1478 3459 262.
1521 3395 1700 3452 decus
1752 3407 1808 3453 et
1851 3407 2117 3453 tatamen
2147 3438 2167 3468 ‚
2235 3412 2419 3452 versu

1334 3479 1636 3558 Apollonii
1683 3478 1785 3538 lib.
1831 3479 1906 3554 11,
1959 3483 2124 3544 1076
2185 3479 2290 3538 ubi
2343 3478 2419 3538 de

1333 3565 1516 3624 domo
1580 3564 1792 3643 tegulis
1860 3573 2064 3624 tecta:
2138 3559 2421 3645 δώματος

1333 3645 1590 3732 ἀγλαΐην
1634 3649 1738 3711 καὶ
1792 3646 1982 3713 ὖετοῦ
2019 3649 2268 3731 ἔμμεναι
2313 3647 2422 3712 ἅλ-

1332 3759 1483 3816 καρ,
1526 3736 1789 3795 illustrat
1819 3735 2101 3811 Dorvill.,
2140 3736 2248 3796 sed
2277 3736 2420 3796 Vir—
2515 3787 2520 3790 Α

1331 3821 1509 3900 gilius
1537 3818 1921 3881 Homericum
1957 3822 2250 3901 expressit
2287 3821 2328 3881 l.
2370 3842 2421 3880 c.

1337 3909 1531 3987 δηΐων
1566 3900 1813 3990 ἆνὸρῶν
1843 3901 2136 3990 ἀλεωρήν.
2213 3911 2280 3966 in
2318 3927 2421 3965 an·-

1337 3998 1454 4051 mLs
1473 4038 1489 4067 ,
1538 3995 1636 4054 vel
1670 3994 1825 4052 inter
1855 4014 2149 4074 pugnam,
2174 3993 2271 4052 vel
2298 3992 2426 4051 eius

1340 4081 1592 4143 armati:
1636 4073 1829 4142 αὐτοῦ
1862 4079 1929 4142 ἐν
1971 4074 2184 4152 ὅπλοις
2227 4075 2422 4151 ὄντος.

1336 4165 1457 4224 Sed
1489 4165 1641 4225 illud
1668 4175 1945 4243 praestat.
1985 4166 2172 4223 donat
2191 4161 2425 4237 habere,

1340 4253 1534 4314 δῶκεν
1569 4247 1739 4333 ἄγειν
1777 4250 1818 4310 l.
1864 4271 1915 4310 c.
1958 4248 2122 4309 Iliad.
2157 4261 2232 4326 ψ,
2281 4250 2426 4311 612.

1341 4341 1485 4402 613.
1530 4333 2075 4416 (lmic——vir-O,
2123 4332 2196 4392 cf.
2235 4332 2314 4405 Q.
2353 4332 2428 4408 V,

1308 4422 1510 4518 οΧΧΙ,
1540 4425 1598 4485 7.
1654 4420 1830 4500 Wr.)
1934 4419 2080 4485 264.
2125 4417 2430 4497 multipli-
