2882 5028
462 359 615 437 566
1041 354 1932 431 EXCURSUS
2036 354 2127 429 11

465 547 577 608 sibi
607 552 903 606 constant.
944 563 1006 605 ιι.
1041 543 1314 626 inprimis
1338 544 1774 605 nobilissimum
1806 544 2006 604 locum
2048 563 2125 603 ex
2162 550 2369 604 vetere
2398 541 2705 623 Euripidis

465 632 794 693 Scholiaste
829 638 1133 691 servatum
1176 630 1250 690 ab
1294 631 1512 690 Ursino
1561 630 1641 690 ad
1692 630 1839 692 Aen.
1880 632 1954 706 ΙΙ,
1998 631 2154 704 255,
2198 639 2260 688 et
2294 650 2328 687 a
2370 628 2577 707 Scalig.
2608 629 2709 687 *de

466 716 713 780 Emend.
744 726 924 795 temp.
952 716 1052 776 lib.
1095 717 1149 777 V
1191 716 1516 777 excitatum
1562 714 1647 796 (v.
1696 737 1825 797 sup.
1859 717 2003 775 Exc.
2034 716 2063 775 1
2089 715 2167 774 ad
2196 716 2297 775 lib.
2326 714 2395 772 11.
2440 734 2497 793 p.
2529 713 2709 797 308),

467 803 624 864 adde
648 803 889 881 Dionys.
927 801 1117 863 Halic.
1149 802 1194 879 Ι,
1237 806 1337 867 63.
1364 799 1450 883 (Ρ.
1479 803 1582 867 51.
1613 802 1803 885 sylb.)
1852 800 2154 876 Plutarch.
2194 802 2260 861 in
2297 800 2543 859 Camillo
2572 820 2715 880 pag.
2846 839 2848 852 .

471 892 594 954 138
644 889 709 947 Β.
767 907 802 946 a
853 886 1125 967 pluribus
1162 888 1284 947 iam
1332 886 1608 947 laudatos
1629 931 1646 962 ,
1724 887 1995 968 inprimis
2054 886 2383 967 Scaligero,
2438 886 2717 963 Petavio,

468 974 760 1034 Dodwell.
818 972 895 1031 de
950 973 1142 1053 Cyclis
1180 994 1241 1054 p.
1299 973 1458 1048 805,
1521 972 1677 1032 adde
1726 975 1919 1054 Ryck.
1977 973 2055 1032 de
2102 973 2278 1053 prim.
2324 971 2449 1034 Ital.
2497 971 2719 1032 Colon.

469 1081 528 1141 p.
555 1059 700 1125 481.
782 1058 904 1117 Noa
929 1058 1194 1119 marmor
1227 1057 1705 1118 Arundelianum
1749 1059 1990 1136 sequuti
2029 1068 2267 1118 noctem
2302 1059 2460 1117 inter
2504 1057 2721 1117 xxm

470 1154 534 1205 et
564 1144 764 1205 xxiv
789 1143 1191 1224 Thargelionis
1220 1163 1540 1225 ponemus,
1582 1143 1645 1204 h.
1672 1164 1725 1205 e.
1754 1146 1913 1205 inter
1939 1144 2025 1204 XI
2051 1153 2113 1203 et
2138 1146 2252 1204 XII
2289 1142 2457 1202 Iunii.
2525 1144 2722 1202 Pom-

470 1231 685 1310 ponius
712 1230 951 1308 quidem
990 1231 1125 1290 Sab.
1168 1231 1247 1290 ad
1292 1230 1439 1290 Aen.
1480 1230 1548 1304 11,
1593 1235 1710 1296 801
1758 1250 1957 1290 mense
1998 1230 2216 1294 Martio
2266 1229 2565 1307 direptam
2600 1249 2723 1289 m·—

468 1316 606 1376 bem
631 1326 871 1390 narrat,
917 1316 1111 1376 nescio
1147 1337 1268 1394 quo
1298 1326 1573 1392 auctore,
1618 1316 1724 1375 sed
1755 1317 1872 1377 levi
1901 1326 2061 1376 certe
2093 1327 2153 1376 et
2174 1315 2442 1375 indocto.

639 1402 806 1460 Luna
850 1402 1005 1460 circa
1045 1402 1301 1461 mediam
1352 1409 1584 1460 noctem
1626 1401 1854 1462 oriente
1882 1401 2145 1461 Achivos
2183 1420 2259 1460 ex
2299 1399 2527 1459 insidiis
2561 1420 2728 1503 pro-

469 1506 696 1567 gressus
719 1488 836 1545 iam
863 1486 1158 1546 Lesches
1142 1509 1205 1548 ιιι
1232 1487 1414 1547 Iliade
1441 1507 1628 1567 parva
1660 1486 1963 1548 ediderat:
2018 1483 2154 1563 Νιῗξ
2183 1483 2293 1568 μὲν
2320 1485 2423 1565 ἔην
2460 1479 2728 1565 μεσᾶτη,

471 1568 714 1653 λαμπρη
757 1565 820 1635 δ’
883 1572 1146 1636 ἐπέτελλε
1212 1567 1468 1655 σελήνη,
1549 1572 1714 1651 quod
1763 1573 2037 1652 Virgilius
2085 1572 2396 1653 expressit:
2452 1569 2535 1645 11,
2586 1573 2727 1636 250

483 1659 551 1718 V
548 1660 752 1716 edatur
793 1660 1012 1716 interea
1055 1659 1285 1717 coelum
1333 1667 1467 1733 ete„
1510 1659 1635 1723 265
1677 1663 1899 1718 tacitae
1935 1681 2049 1736 per
2085 1660 2289 1717 amica
2324 1657 2564 1715 silentia
2616 1658 2729 1714 lw-

469 1764 587 1803 nae
616 1753 677 1802 et
705 1743 829 1807 340
860 1743 1047 1801 oblati
1064 1765 1181 1821 per
1198 1744 1429 1802 ltmam.
1521 1743 1680 1802 Hinc
1709 1745 1954 1803 omnino
1979 1742 2057 1802 ad
2078 1742 2498 1823 plenilunium,
2543 1741 2730 1819 quod

470 1837 672 1889 tamen
714 1826 944 1905 aliquot
982 1828 1106 1887 dies
1147 1828 1268 1888 iam
1311 1829 1668 1909 praecedere
1703 1829 1947 1904 debuit,
2001 1829 2261 1889 retulere
2286 1828 2496 1886 Troiae
2537 1828 2731 1885 exci-

474 1914 640 1973 dium
672 1912 1127 1993 chronographi.
1167 1936 1228 1974 v.
1272 1915 1540 1974 Clemens
1576 1914 1744 1975 Alex.
1786 1917 2010 1978 Strom.
2064 1913 2108 1990 1,
2153 1935 2211 1994 p.
2241 1916 2358 1978 321
2393 1932 2477 1990 sq.
2508 1909 2729 1994 (139).

472 2000 728 2078 Scaliger
759 1998 833 2058 de
859 1999 1108 2063 Emend.
1132 2009 1314 2081 temp.
1340 2000 1444 2064 lib.
1476 2001 1548 2062 V.
1578 2009 1647 2080 Ρ.
1672 2004 1815 2067 887.
1860 2001 2135 2060 Dodwell
2166 2000 2240 2058 de
2272 1998 2460 2078 Cyclis
2498 1999 2731 2057 Graec.

470 2105 601 2166 pag.
641 2086 801 2154 808,
846 2084 947 2161 qui
1004 2086 1253 2144 Tzetzae
1290 2085 1424 2145 loco
1480 2106 1624 2147 usus
1675 2097 1808 2147 erat
1850 2105 1882 2144 e
1932 2084 2388 2146 Posthomericis
2440 2083 2729 2161 Tzetzae,

471 2188 650 2249 quem
689 2188 854 2229 nunc
893 2167 1182 2230 habemus
1220 2171 1466 2250 plenum
1507 2172 1572 2231 in
1616 2171 1759 2232 edit.
1797 2172 2045 2232 Tzetzae
2079 2191 2188 2252 per
2221 2170 2320 2230 Fr.
2352 2168 2560 2228 Iacobs
2611 2190 2734 2229 cu-

469 2263 625 2316 rata·
701 2262 759 2312 et
794 2262 931 2334 post
976 2253 1087 2315 hos
1121 2256 1297 2316 multi
1344 2257 1477 2333 alii,
1535 2257 1716 2318 etiam
1757 2258 2084 2318 Burmann.
2126 2273 2264 2316 cum
2310 2257 2473 2315 Serv.
2515 2254 2733 2315 Cufis

472 2340 717 2418 aliisque
762 2339 838 2398 ad
870 2340 1017 2401 Aen.
1048 2341 1118 2417 Π,
1162 2341 1305 2407 255.
1393 2343 1443 2402 Ε
1474 2343 1774 2403 Clemente
1807 2363 1915 2402 sua
1957 2342 2159 2402 hausit
2181 2341 2391 2401 Euseb.
2451 2340 2522 2399 cI.
2557 2341 2731 2402 Fra-

470 2434 710 2506 gmenta
738 2424 1027 2485 Hellanici
1054 2446 1114 2506 Ρ.
1148 2430 1288 2501 151,
1331 2428 1502 2488 cuius
1529 2449 1665 2488 cum
1692 2429 1915 2488 Dus-ide
1929 2429 2265 2509 praecipua
2301 2425 2479 2485 huius
2503 2427 2731 2486 cardi-

471 2511 567 2573 nis
600 2509 866 2571 chronici
899 2512 1227 2574 auctoritas
1266 2513 1417 2590 fuit3
1475 2520 1540 2576 cs
1585 2518 1801 2574 Tsetza
1832 2514 2138 2574 Posthom.
2179 2516 2322 2577 778.
2351 2517 2409 2578 9.
2492 2513 2730 2573 Tvetza

471 2598 670 2658 minus
696 2606 970 2657 accurate
1005 2598 1256 2679 apponit
1282 2599 1491 2678 plura,
1535 2609 1605 2660 ut
1643 2622 1733 2661 vs.
1779 2599 1924 2665 764.
1965 2620 2190 2659 annum
2226 2607 2364 2657 ante
2403 2598 2641 2679 olymp
2678 2601 2727 2675 Ι,

472 2681 617 2748 418.
662 2681 800 2765 (pro
828 2702 880 2743 a.
904 2682 1058 2765 408)
1098 2692 1229 2743 tum
1264 2684 1671 2765 Thargelionis
1696 2685 1853 2745 diem
1892 2686 2004 2745 ΧΠ
2049 2685 2163 2767 (vs.
2192 2683 2362 2766 770),
2404 2684 2559 2743 sed
2536 2705 2730 2765 igno-

471 2776 605 2829 rata
638 2765 859 2828 veteris
889 2769 1030 2827 anni
1064 2770 1298 2829 ratione
1346 2790 1485 2832 eum
1512 2792 1649 2831 cum
1679 2771 1954 2831 Ianuario
1986 2779 2310 2851 comparat.

642 2852 857 2914 Achivi
900 2854 1144 2934 quidem
1183 2854 1299 2914 hac
1340 2857 1469 2937 ipsa
1498 2865 1721 2916 aestate
1749 2857 1953 2916 littore
1988 2857 2248 2916 Troiano
2283 2855 2566 2930 solvunt,
2613 2855 2725 2915 sed

471 2940 633 2999 inter
676 2940 871 3001 varias
913 2940 1327 3001 contentiones
1377 2952 1619 3002 exortas
1662 2942 1863 3023 paullo
1908 2942 2097 3002 serius
2133 2958 2313 3019 quam
2353 2942 2517 2999 factu
2568 2960 2727 3021 opus

473 3033 627 3100 erat,
671 3045 747 3085 ne
776 3026 841 3084 in
880 3034 1092 3086 ventos
1127 3026 1452 3106 Aquilones
1483 3037 1699 3104 statos,
1763 3028 1969 3087 etesias
2004 3036 2257 3103 vocant,
2300 3026 2403 3104 qui
2425 3024 2545 3085 hac
2578 3028 2725 3087 ansn'

470 3069 646 3190 part’e
685 3112 751 3171 in
791 3108 885 3169 his
924 3111 1108 3191 plagis
1149 3114 1332 3172 maris
1367 3114 1574 3193 Aegaei
1624 3114 1773 3174 flare
1813 3114 2039 3188 solent,
2095 3071 2458 3187 inciderent3
2513 3112 2725 3191 itaque

473 3197 672 3255 classis
701 3196 912 3255 misere
954 3205 1303 3276 tempestate
1347 3209 1439 3259 est
1492 3199 1753 3260 disiecta.
1838 3201 1930 3259 Ita
1971 3198 2212 3277 quidem
2251 3196 2398 3257 mihi
2430 3216 2501 3255 ea
2544 3199 2625 3258 de
2651 3218 2723 3257 re

472 3280 717 3341 videtur
753 3281 934 3340 statui
980 3300 1169 3361 posse.
1254 3283 1582 3362 Homerus,
1647 3294 1720 3345 ut
1764 3285 2138 3345 mirationem
2177 3284 2468 3343 maiorem
2519 3285 2721 3358 cadat,

475 3365 689 3446 Odyss.
725 3390 762 3448 γ
788 3375 851 3424 et
894 3367 930 3427 δ
966 3366 1359 3430 calamitatem
1392 3369 1554 3429 hanc
1590 3370 1846 3431 Palladis
1874 3371 1999 3430 irae
2041 3379 2103 3429 et
2131 3367 2504 3430 Achivorum
2545 3370 2721 3430 dissi·

475 3448 589 3509 diis
612 3471 873 3528 moxque
902 3450 1164 3530 Neptuni
1193 3453 1343 3514 odiis
1369 3455 1602 3517 tribuit.
1674 3456 1784 3516 His
1807 3456 2014 3515 iisdem
2038 3455 2254 3533 ventis,
2298 3454 2512 3515 eodem
2541 3476 2717 3529 anno,

475 3536 711 3615 Ulysses
754 3533 838 3618 (v.
883 3536 997 3596 Od.
1037 3537 1094 3614 Ι,
1140 3542 1224 3603 67
1260 3560 1344 3619 sq.
1403 3546 1487 3607 80
1521 3542 1656 3624 sq.,)
1716 3543 1907 3602 altero
1946 3541 2207 3618 Aeneas,
2249 3559 2467 3602 versus
2501 3543 2720 3622 15an

473 3621 681 3681 littora
717 3630 863 3680 sunt
889 3620 1103 3700 delati3
1145 3624 1384 3702 iisdem,
1440 3626 1547 3686 sed
1591 3648 1748 3687 anno
1781 3627 2024 3687 demum
2048 3636 2269 3686 octavo
2294 3636 2472 3706 post,
2518 3630 2719 3689 Hene-

474 3706 604 3765 laus
642 3726 750 3787 per
783 3708 905 3766 XX
930 3708 1147 3768 diesin
1179 3711 1384 3771 littore
1425 3711 1681 3793 Aegypti
1721 3713 1799 3771 ad
1835 3712 2100 3773 Pharum
2137 3713 2465 3773 tenebatur
2506 3714 2714 3793 0215-

475 3792 533 3865 ὃ,
577 3795 720 3859 851.
747 3791 892 3858 475.
936 3791 1034 3875 (cf.
1077 3797 1292 3857 Wood
1328 3819 1407 3859 on
1440 3797 1537 3856 the
1576 3801 1842 3878 original
1884 3800 2113 3858 Genius
2154 3798 2238 3878 of
2252 3801 2495 3858 Homer
2526 3822 2587 3882 Ρ.
2619 3798 2713 3863 55-

474 3875 567 3936 ed.
601 3897 691 3956 pr.
723 3898 781 3956 Ρ.
809 3883 936 3942 227
967 3879 1060 3939 ed.
1092 3880 1230 3963 sec.)
1316 3882 1621 3963 Incipiunt
1663 3894 1865 3945 autem
1906 3893 2254 3944 constanter
2290 3886 2525 3964 spirare
2565 3885 2715 3943 dra

474 3962 642 4022 XVII
681 3962 814 4022 Kal.
860 3964 1030 4045 Aug„
1090 3986 1228 4026 cum
1268 3967 1385 4026 iam
1427 3968 1636 4029 decem
1674 3968 1799 4029 dies
1836 3980 1977 4030 ante
2020 3970 2222 4030 exorti
2264 3971 2421 4031 sint:
2460 3992 2525 4032 v.
2569 3970 2709 4030 nin.

341 4108 350 4129 .
474 4047 548 4123 ΙΙ,
590 4046 693 4113 47.
777 4048 887 4108 Est
905 4048 1032 4109 hoc
1056 4058 1291 4131 tempus
1328 4047 1639 4136 οπωρινῦν
1683 4056 2105 4138 antiquorum,
2148 4051 2361 4136 ὀπώρα
2393 4056 2560 4137 apud
2589 4054 2713 4114 no-

475 4151 741 4210 merum,
787 4152 908 4211 quo
950 4134 1194 4195 boream
1231 4137 1378 4197 flare
1423 4140 1509 4200 ait
1549 4140 1713 4202 Iliad.
1761 4165 1828 4219 φ,
1862 4140 2009 4206 846
2050 4140 2711 4218 od.e,328.r1‹1em

476 4217 689 4278 etesiae
736 4238 859 4278 esse
906 4221 1224 4298 videntur,
1268 4224 1372 4302 qui
1397 4225 1464 4285 in
1490 4227 1693 4287 sabula
1732 4225 1980 4288 Aristaei
2026 4238 2599 4287 commemorantur.
2635 4223 2712 4282 de

476 4302 691 4382 quibus
726 4304 853 4369 vid.
895 4304 1172 4388 Apollon.
1206 4267 1284 4384 ΙΙ,
1328 4309 1475 4375 516.
1518 4312 1646 4379 525
1688 4319 1750 4373 et
1789 4314 1873 4374 ibi
1915 4310 2271 4373 Schol.1n
2310 4310 2565 4375 hiemem
2602 4308 2709 4388 igi-

475 4398 596 4467 tur,
639 4390 749 4450 nisi
799 4393 1192 4472 procellosum
1235 4401 1475 4474 tempus
1520 4397 1844 4480 intelligas,
1912 4396 2100 4458 dilata
2133 4398 2499 4460 Graecorum
2542 4394 2708 4457 nsvi-
