2882 5028
692 392 889 514 Ap
993 390 1649 468 LIBRUM
1752 392 1850 466 ΙΙ
2264 403 2418 475 885

115 600 255 641 rum
302 579 715 641 doctioribus
758 579 929 640 libris
969 580 1279 640 breviores
1321 584 1620 662 epitomas
1663 581 2048 658 conficerent,
2093 585 2419 646 censendas

117 666 265 726 istas
312 676 381 725 et
441 666 880 726 diiudicandas
935 667 1060 726 fere
1116 688 1239 727 non
1299 668 1486 728 modo
1545 687 1622 726 ex
1663 669 1909 748 propria
1958 669 2265 747 doctrina,
2310 672 2419 732 sed

122 752 309 834 etiam
335 772 418 810 ex
450 773 696 827 eorum,
728 773 880 830 quos
909 753 1375 832 exscripserunt,
1402 753 1524 811 fide
1550 773 1621 812 ac
1644 754 1888 814 iudicio.
1952 754 2043 813 Ex
2074 755 2276 836 priore
2306 776 2417 835 ge-

123 858 273 898 nere
302 848 563 918 poetam
585 838 881 899 habemus
909 859 1031 898 non
1057 839 1265 898 infimo
1289 838 1425 898 loco
1454 837 1801 899 habendum
1819 883 1836 915 ,
1891 841 2186 916 Quintum
2222 843 2417 902 Cala-

129 923 302 982 brum
326 971 345 999 ,
398 925 469 984 in
516 946 643 1004 quo
688 924 1082 984 emaculando
1126 925 1305 984 Laur.
1348 922 1861 1000 Rhodomannus,
1907 926 2230 986 llseldensis
2271 927 2415 988 olim

131 1009 242 1069 sub
294 1010 490 1070 Mich.
534 1011 821 1070 Neandro
848 1011 1196 1089 disciplinae
1239 1019 1554 1069 aeternum
1599 1011 1799 1086 decus,
1843 1012 1961 1070 tale
2002 1013 2221 1092 ingenii
2263 1034 2415 1074 acu-

134 1116 273 1156 men
319 1096 643 1172 exhibuit,
687 1105 759 1157 ut
800 1117 877 1156 ex
919 1098 1165 1156 suminis
1203 1097 1613 1156 recentiorum
1655 1107 1995 1177 temporum
2040 1099 2262 1158 criticis
2304 1101 2413 1160 vix

135 1179 433 1258 habeam,
479 1202 635 1261 quos
682 1203 821 1243 cum
863 1181 990 1261 ipso
1035 1182 1475 1262 comparandos
1526 1193 1754 1263 putem.
1839 1184 1959 1242 Sed
2002 1184 2269 1257 Quintus
2312 1186 2413 1245 ille

140 1265 309 1327 haud
353 1268 546 1328 dubie
591 1278 732 1328 ante
782 1269 992 1327 oculos
1038 1267 1252 1327 habuit
1293 1269 1551 1347 aliquem
1595 1279 1703 1329 aut
1739 1270 1944 1348 plures
1985 1290 2063 1328 ex
2110 1272 2412 1331 veteribus

146 1355 335 1433 poetis
389 1355 670 1433 cyclicis,
741 1353 1014 1433 inprimis
1067 1353 1364 1430 Leschen,
1431 1364 1507 1414 ut
1563 1354 1712 1414 mihi
1755 1355 1995 1434 quidem
2052 1356 2251 1415 visum
2302 1366 2411 1433 est,

156 1441 523 1521 comparatis
571 1460 710 1499 cum
767 1459 836 1498 eo
880 1440 1222 1518 fragmentis
1265 1437 1524 1502 Leschae
1577 1451 1637 1501 et
1680 1442 1784 1518 iis,
1858 1460 2011 1519 quae
2051 1441 2293 1501 aliunde
2335 1441 2413 1501 de

151 1545 333 1605 parva
378 1527 574 1586 lliade
616 1545 971 1604 cognoscere
1012 1527 1182 1586 licuit
1201 1524 1276 1608 ⁸¹).
1351 1528 1510 1586 Sunt
1536 1527 1602 1586 in
1642 1548 1712 1588 eo
1739 1528 1872 1586 loca
1910 1528 2135 1607 egregia
2164 1537 2226 1586 et
2258 1548 2412 1607 quae

151 1612 588 1690 praestantiore
632 1631 872 1691 quoque
903 1621 1095 1713 poeta
1135 1633 1259 1671 non
1304 1611 1549 1691 indigna
1593 1614 1731 1673 sint.
1788 1613 1959 1673 Alter
1984 1622 2072 1672 est
2109 1613 2411 1692 Tryphio-

150 1699 362 1774 dorus,
430 1699 608 1758 cuius
663 1692 839 1761 Ἰλίου
895 1702 1121 1761 αλωσιν
1178 1697 1500 1772 habemus,
1582 1699 1688 1758 sed
1749 1700 1944 1757 multo
1998 1698 2306 1759 indoctior
2349 1709 2411 1759 et

151 1804 321 1865 saepe
367 1785 616 1864 ineptus
656 1782 874 1861 homo,
932 1792 995 1842 et
1035 1804 1171 1844 cum
1215 1803 1287 1843 eo
1337 1783 1660 1859 Coludtus,
1732 1783 1795 1843 in
1827 1783 2071 1864 Ἑλένης
2130 1781 2410 1871 ἇγπαγῇ·

150 1870 206 1928 in
248 1880 521 1948 utroque
556 1879 760 1929 tamen
801 1869 973 1929 facile
1014 1869 1272 1930 melioris
1310 1889 1503 1931 venae
1544 1870 1784 1948 vestigia
1826 1870 2045 1950 passim
2073 1869 2412 1950 deprehen-

149 1955 284 2031 das,
328 1966 514 2016 tanto
557 1957 824 2034 gratiora
869 1955 972 2014 illa
1027 1966 1088 2016 et
1141 1955 1537 2031 iucundiora,
1597 1976 1718 2034 quo
1778 1956 2004 2015 aridius
2051 1964 2114 2014 et
2153 1957 2410 2017 sterilius

146 2042 337 2102 solum
382 2052 511 2119 est,
557 2042 622 2101 in
666 2062 788 2120 quo
830 2040 1009 2100 flores
1050 2042 1135 2102 illi
1175 2050 1563 2101 enascuntur.
1649 2043 1743 2102 Ex
1784 2040 1905 2102 hoc
1946 2060 2161 2119 genere
2198 2040 2409 2101 infima

145 2128 261 2187 iam
302 2139 536 2205 aetate,
583 2126 796 2186 infimo
840 2127 1004 2201 loco,
1045 2127 1163 2187 suit
1212 2131 1453 2203 Tutus,
1503 2126 1606 2206 qui
1645 2127 2137 2204 Antehomerica,
2177 2127 2408 2189 Home-

145 2214 269 2272 rioe
324 2226 387 2273 et
441 2212 891 2274 Posthomerica
906 2211 1016 2294 **),
1083 2213 1355 2274 versibus
1404 2213 1642 2293 scripsit
1695 2214 1922 2273 scabris
1978 2221 2040 2272 et
2099 2208 2404 2297 ἀμέτροις·

145 2300 403 2359 stolidae
445 2300 766 2361 iactantiae
809 2297 1025 2375 homo,
1069 2298 1210 2378 qui,
1254 2320 1382 2360 non
1425 2308 1584 2377 tam,
1626 2300 1797 2378 quod
1828 2298 2170 2361 Dodwellus
2216 2320 2408 2380 augu-

141 2386 433 2462 rabatur,
474 2396 716 2447 veteres
761 2385 1050 2464 cyclicus,
1094 2406 1277 2463 quam
1318 2385 1577 2446 misellos
1620 2385 1823 2464 potius
1866 2385 2301 2445 Grammaticos
2347 2396 2409 2446 et

140 2473 605 2553 cumpiiatores,
647 2471 753 2551 qui
796 2490 934 2531 eum
977 2479 1451 2548 antecesserant,
1518 2472 1872 2552 exscripsit,
1929 2490 2042 2530 nec
2082 2471 2169 2532 sic
2209 2479 2406 2533 tamen

134 2558 566 2641 negligendus,
623 2559 847 2639 quippe
889 2577 965 2616 ex
1009 2578 1161 2636 quo,
1223 2558 1288 2617 in
1330 2567 1504 2616 tanta
1546 2557 1863 2617 meliorum
1905 2557 2273 2641 scriptorum
2312 2559 2408 2617 ia-

136 2658 342 2723 ctura,
405 2646 636 2721 multa,
701 2643 1006 2724 quomodo
1051 2664 1087 2701 a
1127 2643 1539 2723 superioribus
1584 2643 1807 2704 tradita
1849 2644 2103 2720 suerint,
2155 2644 2407 2724 intelligi

138 2733 405 2813 ponint,
449 2731 643 2791 modo
689 2731 825 2808 quis
866 2731 1009 2789 satis
1052 2730 1270 2788 idonea
1314 2730 1588 2789 doctrina
1630 2729 1966 2789 instructus
2008 2729 2106 2789 sit.

312 2818 474 2877 lnter
516 2837 654 2893 eos,
698 2817 805 2893 qui
846 2816 910 2875 in
952 2835 1180 2874 morem
1225 2835 1402 2875 verae
1444 2815 1732 2875 historiae
1772 2813 2076 2874 rhetorica
2121 2823 2251 2873 arte
2294 2833 2405 2895 pe·-

153 2900 339 2961 destri
380 2923 651 2963 sermone
695 2902 919 2961 bellum
962 2902 1291 2961 Troianum
1344 2903 1567 2961 seriore
1626 2910 1822 2960 aetate
1878 2898 2314 2976 condiderunt,
2355 2899 2406 2960 is
2513 2947 2519 2957 .

147 2987 257 3064 qui
296 2990 531 3069 Dictyis
580 2990 871 3047 (belensis
911 3007 1127 3047 nomen
1172 2989 1462 3048 mentitus
1504 2995 1625 3062 est,
1682 3005 1862 3065 quem
1900 2984 2104 3045 adhuc
2146 2985 2405 3045 latinum

136 3071 463 3150 habemus,
510 3095 642 3134 non
685 3074 968 3133 indoctus
1011 3073 1129 3132 suit
1168 3072 1385 3151 homo,
1433 3082 1494 3132 et
1538 3072 1675 3151 qui,
1729 3073 1781 3131 si
1820 3092 1947 3132 non
1989 3081 2224 3132 veteres
2264 3092 2406 3151 pas—

128 3160 253 3220 sim
296 3161 591 3241 cyclicos‚
635 3159 947 3219 interdum
986 3168 1048 3217 et
1090 3160 1340 3239 tragicos
1383 3168 1624 3239 poetas,
1669 3167 1873 3218 tamen
1914 3176 2050 3233 eos,
2112 3177 2144 3215 a
2189 3158 2405 3235 quibus

122 3247 235 3306 isti
278 3248 526 3307 fuerant
571 3246 858 3327 exscripti
876 3289 894 3321 ‚
940 3255 1081 3304 ante
1114 3246 1319 3305 oculos
1356 3245 1604 3305 videtur
1628 3242 1923 3304 habuisse.
1982 3243 2162 3303 Hunc
2191 3244 2404 3303 Graeci

123 3335 256 3393 sere
312 3332 694 3393 recentiores
756 3331 1236 3411 exscripserunt,
1297 3339 1371 3391 ut
1433 3331 1684 3391 Ioannes
1741 3329 2019 3406 Mulelas‚
2078 3328 2402 3407 Cedrenus,

117 3419 353 3478 Tzetza
388 3430 454 3478 et
498 3418 937 3478 Constantinus
978 3417 1277 3477 Manasses
1318 3437 1379 3497 p.
1422 3415 1508 3482 44
1550 3436 1677 3494 sqq.
1718 3416 1784 3475 in
1817 3415 2076 3495 Synopsi
2117 3414 2404 3476 historica

117 3525 161 3563 a
208 3504 478 3564 Mem-sio
522 3505 711 3565 edita.
796 3504 1041 3564 Praeter
1080 3503 1255 3565 illum
1296 3512 1500 3563 tamen
1544 3500 1729 3561 alium
1771 3500 1974 3562 adhuc
2003 3501 2403 3563 Troianarmn

274 3765 319 3831 ⁹)
351 3769 613 3817 Accurate
655 3759 764 3813 hoc
802 3770 1146 3830 persequutus
1183 3769 1265 3810 est
1307 3759 1558 3827 Tychsen
1592 3766 1793 3820 noster,
1829 3755 1897 3808 V.
1930 3755 2008 3822 0.,
2041 3753 2097 3825 iu
2124 3759 2404 3810 Commen-

122 3846 236 3886 ωε.
272 3836 347 3887 de
385 3836 594 3900 Quinto
629 3835 936 3897 Smyrnaeo
969 3830 1150 3897 (1783)
1169 3867 1184 3891 ‚
1239 3828 1383 3881 cuius
1418 3844 1608 3879 novam
1641 3842 1999 3878 recensionem
2031 3837 2199 3895 parat.
2265 3827 2404 3880 Per-

126 3914 376 3972 spectum
412 3920 559 3955 nunc
590 3899 721 3953 mihi
756 3908 871 3964 est,
934 3898 990 3949 in
1044 3898 1215 3967 quiuis
1260 3897 1528 3967 prioribus
1576 3895 1727 3948 libris
1766 3897 1983 3949 Arcani
2024 3896 2403 3977 Aethiopidem

127 3989 439 4042 expressam
485 3989 633 4034 esse,
680 3968 804 4022 inde
838 3969 1075 4021 Iliadem
1105 3985 1373 4039 parvam,
1420 3983 1586 4035 usque
1634 3966 1703 4019 ad
1735 3964 1928 4017 librum
1961 3965 2083 4016 ΧΠ.
2136 3967 2294 4046 ‘Tum
2326 3963 2401 4015 h-

128 4040 291 4095 brum
321 4044 455 4094 xm
493 4051 551 4095 et
582 4040 715 4095 ΧΠ
752 4056 869 4091 esse
913 4046 1270 4120 atssnmentum
1313 4034 1420 4109 τῆς
1462 4031 1626 4119 ’ufey
1675 4030 1942 4104 πέρσιὸος
1984 4036 2218 4087 Ars-emi.
2302 4035 2402 4117 Per

130 4127 269 4175 quae
296 4113 463 4165 multo
505 4127 675 4179 magu
717 4108 953 4160 firmatur
978 4108 1066 4171 nd,
1114 4106 1258 4188 quoti
1298 4118 1452 4158 antea
1481 4105 1614 4188 mihi·
1642 4121 2029 4187 persuaseram,
2075 4103 2227 4173 plura
2254 4113 2402 4155 anti-

134 4196 266 4330 ἒῖιιά
300 4268 422 4303 esse
458 4250 680 4319 cyclum
719 4188 977 4300 ἓξὲξ-Βῆ
985 4175 1517 4316 ἲέοὲιὲἒωξὲῗὸαε
1562 4193 1688 4298 miz
1716 4175 2400 4317 ἳοιξῗῗὶεῗῗσοοιῗιῗιῖῗὲωῒξ

139 4336 340 4515 ΞΒΒΤ)
375 4389 539 4441 Edita
519 4403 711 4513 &punc
726 4384 840 4509 εὶὲῐι
874 4384 1084 4511 ιιέιθᾶι
1137 4383 1302 4437 lucem
1356 4393 1411 4435 et
1444 4382 1602 4436 docte
1648 4382 1907 4435 illustrata
1939 4398 1970 4432 a
2003 4378 2160 4432 pred.
2206 4372 2401 4428 Ias-obs

326 4477 485 4530 quem
623 4474 725 4527 pra
822 4472 877 4524 p.

237 4548 387 4625 Vm
398 4566 551 4624 ca,
608 4545 830 4619 Tou.
880 4540 977 4618 11.
1881 4535 1983 4608 25
