2882 5028
528 370 680 447 580
924 364 1811 443 EXCURSUS
1915 363 2333 445 v111.1X

528 557 795 633 nabere,
837 556 1148 616 serendum
1191 565 1280 616 est
1319 554 1413 632 id,
1459 555 1624 634 quod
1656 554 1853 615 minus
1886 555 2333 616 incommodum
2380 564 2496 632 est,
2536 562 2601 614 ut
2630 553 2705 612 in-

529 643 770 705 terdum
799 642 862 720 iu
903 643 1012 701 tali
1043 643 1242 703 sabula
1280 641 1422 700 insit
1463 641 1723 721 aliquid,
1768 641 1933 720 quod
1965 641 2175 701 iudicii
2212 638 2578 701 subtilitatem
2614 657 2709 698 non

526 732 708 805 serat;
749 728 1019 808 inprimis
1046 748 1184 787 cum
1213 727 1404 787 multa
1435 727 1549 787 alia
1582 727 1933 807 plerumque
1974 726 2205 803 adsint,
2251 746 2399 805 quae
2433 725 2541 786 hoc
2570 724 2707 784 saba-

525 815 721 875 larum
745 814 963 874 vitium
988 813 1241 873 elevent.
1318 813 1469 872 Nam
1495 813 1810 873 vetustatis
1857 812 2179 872 sanctitate
2222 821 2552 872 consecrata
2590 829 2710 888 quo·

526 899 846 960 dammodo
889 919 1093 960 earum
1123 909 1214 958 est
1263 899 1620 974 auctoritas,
1672 898 1944 978 inprimis
1986 899 2036 957 si
2073 911 2212 957 cum
2253 900 2524 978 religione
2554 895 2708 973 aliqua

524 985 876 1045 coniunctae
905 996 1076 1063 sunt,
1122 985 1311 1044 multo
1338 983 1521 1064 magis
1543 984 1610 1044 in
1642 984 1897 1044 oraculis
1927 1003 1997 1042 ac
2024 984 2349 1060 vaticiniis,
2392 994 2464 1044 ut
2491 982 2558 1043 de
2589 978 2709 1039 levi-

523 1079 649 1130 tate
691 1083 897 1131 earum
938 1072 1037 1130 vel
1082 1080 1416 1130 monstrosa
1460 1079 1679 1129 natura
1718 1069 1977 1148 cogitare
2020 1088 2097 1129 ne
2147 1069 2468 1129 audeamus
2498 1064 2707 1147 quidem.

522 1158 673 1216 Cum
701 1177 888 1237 porro
912 1157 1089 1216 etiam
1116 1154 1410 1215 doctiores
1435 1156 1629 1216 multa
1663 1155 1917 1215 lectione
1960 1174 1995 1212 a
2033 1156 2225 1235 prima
2260 1164 2452 1215 aetate
2491 1153 2606 1213 istis
2636 1150 2708 1208 fn-

520 1241 678 1302 bulis
703 1242 1114 1318 adsueverint,
1161 1241 1519 1301 narrationis
1549 1241 1846 1300 suavitate
1880 1240 2047 1300 ducti
2070 1261 2141 1299 ac
2173 1240 2402 1301 deliniti
2428 1260 2545 1300 non
2578 1235 2710 1297 facile

518 1328 583 1386 in
610 1327 876 1388 animum
903 1327 1231 1403 inducunt,
1277 1336 1351 1386 ut
1385 1326 1589 1386 subtili
1617 1326 1836 1385 iudicio
1879 1325 1970 1385 uti
2017 1326 2224 1386 velint.
2312 1326 2473 1387 Haec
2510 1332 2567 1383 et
2599 1319 2709 1381 talia

493 1413 834 1473 ·obversata
878 1413 1163 1474 videntur
1214 1421 1427 1492 poetae
1479 1412 1676 1470 animo
1697 1456 1715 1487 ‚
1775 1432 1914 1472 cum
1956 1411 2173 1470 similes
2212 1412 2442 1472 fabulas
2478 1412 2536 1471 in
2579 1425 2709 1466 suam

518 1497 841 1564 Aeneidem
866 1499 1189 1578 reciperet,
1236 1499 1411 1556 etiam
1435 1498 1541 1557 ins.
1570 1498 1675 1573 IX,
1699 1501 1781 1561 79
1813 1517 1939 1577 sqq.
1970 1495 2044 1555 de
2080 1498 2335 1558 navibus
2366 1499 2427 1557 in
2453 1491 2707 1575 Nymphas

516 1584 834 1644 conversis.
920 1585 1140 1643 Saltem
1171 1602 1238 1644 ea
1266 1583 1553 1643 iudicium
1582 1593 1858 1646 nostrum
1889 1603 1924 1640 a
1957 1584 2287 1643 temeritate
2331 1599 2599 1645 revocare
2624 1576 2706 1636 ds-

513 1669 690 1748 bent,
734 1669 845 1729 etsi
876 1669 941 1729 id
964 1669 1268 1730 interdum
1295 1679 1459 1729 recte
1490 1688 1552 1728 se
1590 1667 1813 1729 habere
1852 1676 2083 1748 potest,
2142 1670 2191 1727 si
2231 1669 2310 1728 ad
2358 1678 2555 1730 nostra
2588 1674 2707 1722 tem-

511 1775 660 1835 pora
688 1764 1042 1834 nostrosque
1068 1775 1271 1815 sensus
1318 1773 1448 1814 rem
1491 1755 1834 1827 referimus,
1878 1761 1984 1811 aut
2026 1755 2075 1812 si
2113 1754 2244 1813 illas
2286 1754 2538 1829 fabulas,
2578 1745 2706 1829 quod

512 1859 727 1900 verum
765 1849 960 1899 tamen
1003 1861 1127 1901 non
1166 1849 1284 1916 est,
1328 1861 1363 1898 a
1406 1850 1587 1921 poeta
1629 1840 1906 1900 inventas
1945 1847 2005 1897 et
2047 1840 2415 1921 excogitatas
2457 1838 2705 1920 ponimus

510 1924 561 1983 A
594 1925 927 1986 fabularum
951 1926 1331 2005 antiquarum
1359 1926 1716 2006 auctoritate
1746 1925 2188 1985 excusationem
2215 1937 2431 2006 poetae
2456 1925 2566 1983 iam
2591 1917 2706 1981 vol-

508 2010 700 2154 tariidis
748 2011 921 2090 petiit
971 2013 1045 2071 de
1109 2014 1298 2071 Poesi
1344 2013 1524 2092 epit-a
1572 2010 1862 2072 adversus
1917 2029 2017 2070 eos
2031 2054 2052 2088 ‚
2115 2011 2221 2089 qui
2258 2021 2501 2092 poetam
2534 2022 2704 2088 repre-

506 2095 626 2156 hen
669 2105 859 2157 erant.

1062 2455 1912 2551 EXCURSUS
2034 2462 2188 2553 IX

922 2613 1079 2681 De
1203 2613 1628 2702 clipeo
1752 2609 2329 2682 Abantis.

666 2769 766 2848 111,
807 2774 935 2836 286
977 2773 1242 2850 clipeum
1256 2816 1275 2849 ,
1322 2772 1544 2850 mgni
1564 2784 1878 2849 gestamen
1900 2772 2180 2833 Abantis.
2275 2771 2430 2848 Quis
2456 2769 2597 2830 Abas
2618 2762 2696 2823 illo

495 2856 604 2932 sit,
647 2857 819 2916 cuius
845 2865 1176 2936 gestamen,
1222 2852 1505 2939 φόρημα,
1554 2856 1774 2935 clipeus
1809 2867 1969 2935 erat,
2014 2859 2173 2919 inter
2210 2858 2563 2938 interpretes
2600 2867 2694 2911 non

495 2950 766 3019 constat,
815 2951 875 3000 et
910 2962 1018 3022 per
1045 2962 1107 3002 se
1132 2963 1346 3022 parum
1370 2943 1561 3002 refert
1583 2943 1735 3002 scire
1746 2987 1763 3019 ,
1807 2944 1919 3003 nisi
1945 2944 2020 3003 de
2057 2945 2312 3005 invento
2356 2964 2425 3002 ac
2461 2935 2694 3002 docti-im

490 3035 702 3105 poetae
729 3027 910 3086 etiam
948 3028 1013 3086 in
1057 3028 1175 3088 hoc
1219 3047 1499 3107 quaeras;
1556 3047 1707 3106 quae
1749 3028 1961 3107 utique
2008 3029 2263 3089 honesta
2313 3038 2405 3089 est
2449 3021 2691 3106 quaestio·

491 3111 778 3170 Serviana
809 3123 1141 3172 commenta
1171 3134 1384 3192 parum
1413 3134 1475 3173 se
1497 3113 1772 3192 probant.
1860 3116 2017 3175 Abas
2039 3115 2170 3191 ille,
2214 3117 2321 3193 qui
2356 3134 2507 3175 unus
2548 3129 2579 3169 e
2613 3126 2692 3165 εο-

491 3195 596 3255 ciis
625 3197 741 3256 fuit
768 3195 923 3276 (sup.
972 3199 1018 3273 Ι,
1067 3197 1233 3279 121),
1277 3198 1398 3258 huc
1441 3199 1650 3259 vocari
1687 3201 1927 3280 nequit;
1985 3220 2125 3260 nam
2172 3200 2248 3259 de
2289 3200 2522 3282 spoliis,
2571 3207 2691 3273 ‘1¹1⁸⁸

487 3284 599 3338 mu·
622 3302 695 3339 ex
723 3282 978 3340 Achivis
1000 3285 1192 3341 caesis
1218 3283 1555 3343 detraxerat
1576 3283 1831 3363 Aeneas,
1875 3306 2039 3346 nunc
2087 3287 2304 3365 agitur.
2391 3281 2561 3365 Apud
2585 3277 2689 3338 Ho-

486 3384 721 3425 merum
745 3374 946 3426 tamen
972 3368 1174 3427 nullus
1210 3367 1329 3429 hoc
1369 3370 1610 3429 nomine
1647 3370 1803 3431 inter
1845 3371 2108 3432 Achivos
2156 3372 2442 3432 occurrit.
2522 3368 2689 3441 ltaque

487 3470 522 3509 e
560 3452 753 3529 poetis
795 3453 1031 3532 cyclicis
1081 3452 1319 3513 duxisse
1360 3455 1554 3515 videri
1596 3465 1792 3535 potest
1836 3468 2028 3537 poeta.
2112 3457 2409 3535 Equidem
2455 3454 2583 3513 olim
2623 3446 2687 3506 ⁸30

486 3536 855 3597 statuebam:
899 3539 1381 3618 quandoquidem
1413 3542 1487 3600 ab
1513 3541 1778 3603 Homero
1805 3545 2106 3603 Abantum
2141 3562 2217 3602 ex
2255 3541 2494 3602 Euboea
2528 3537 2687 3599 virm·

487 3621 859 3701 celebratur,
901 3624 1067 3684 Iliad.
1098 3627 1156 3704 β,
1184 3625 1310 3690 586
1333 3646 1482 3705 sqq.,
1527 3647 1783 3705 quorum
1810 3629 1967 3688 Abas
1989 3673 2007 3704 ‚
2050 3628 2314 3709 Neptuni
2342 3628 2527 3700 filius,
2566 3637 2684 3680 τοῦ·

403 3782 414 3794 .
487 3706 651 3766 ditor
706 3709 853 3784 fuit,
911 3710 1284 3770 reconditam
1338 3714 1596 3791 aliquam
1658 3716 2058 3774 narrationem
2096 3715 2161 3773 in
2208 3714 2407 3773 animo
2453 3706 2683 3770 habui&

483 3791 681 3852 videri
712 3794 1043 3872 Virgilium.
1126 3796 1273 3856 Nam
1302 3798 1388 3856 illi
1420 3798 1535 3878 ipsi
1562 3799 1823 3859 Abantes
1851 3821 1887 3858 a
1924 3801 2101 3859 Troia
2144 3798 2395 3859 reduces
2437 3797 2511 3855 ad
2552 3786 2681 3870 Epiri

483 3877 687 3937 littora
713 3887 1062 3958 tempestate
1098 3881 1279 3940 dolati
1315 3884 1471 3941 circa
1518 3886 1834 3946 Ceraunios
1876 3894 2105 3945 montes
2148 3884 2550 3943 consederant.
2583 3870 2679 3935 vid·

397 3968 400 3971 ’
485 3963 731 4023 Pausan.
765 3964 834 4040 V,
865 3969 967 4041 22,
994 3966 1156 4025 unde
1187 3966 1459 4044 Apollon.
1489 3969 1588 4047 lv,
1618 3971 1782 4034 1214
1830 3967 2137 4049 Κεραύνια
2160 3965 2464 4048 Ἀβᾶντων
2499 3960 2677 4039 0150&-

484 4048 641 4106 Satis
673 4049 875 4126 itaque
902 4052 1161 4111 animose
1182 4053 1292 4111 sub
1335 4054 1577 4113 illorum
1623 4058 1786 4133 quasi
1826 4057 2010 4116 oculis
2053 4066 2368 4135 tropaeum
2405 4053 2477 4112 de
2511 4048 2677 4109 Abun-

483 4134 646 4193 tibus
671 4134 916 4211 statuit,
960 4136 1084 4195 fixo
1113 4138 1332 4216 clipeo,
1375 4140 1531 4198 sorte
1559 4141 1837 4217 Abantis,
1879 4142 1946 4200 in
1983 4162 2178 4221 pugna
2204 4140 2377 4199 alicui
2411 4158 2483 4197 ex
2510 4134 2675 4194 Abtfl·

482 4228 619 4278 tum
651 4219 900 4279 ducibus
941 4223 1124 4281 caesis
1169 4223 1328 4282 inter
1365 4225 1592 4303 reliqua
1635 4226 1821 4306 spolia
1862 4237 2087 4306 erepto.
2173 4224 2353 4306 Apud
2398 4222 2574 4282 Valet.
2606 4211 2673 4272 Π·

483 4303 611 4369 453
638 4306 799 4366 inter
828 4305 1062 4385 Argona
1087 4308 1488 4369 Cutasanthus
1513 4330 1589 4370 ex
1614 4313 1852 4371 Euboea
1892 4311 2143 4372 Abantis
2188 4312 2283 4370 avi
2333 4310 2422 4368 sui
2461 4307 2674 4383 clipeum

483 4400 692 4468 gestat.
777 4394 1060 4473 Suppetit
1090 4394 1238 4473 alia,
1288 4396 1483 4457 nescio
1513 4417 1589 4456 an
1630 4397 2029 4477 probabilior,
2072 4397 2254 4458 ratio:
2299 4393 2454 4453 Abas
2488 4389 2587 4450 suit
2613 4399 2673 4441 ex
