2882 5028
573 359 729 432 482

1055 352 1138 425 P.
1191 348 1728 441 VIRGILII
1792 348 2345 428 MARONIS

573 544 884 615 Ancora
921 533 1025 612 de
1058 536 1651 636 prora-iaciturg
1704 548 1913 611 stant
1940 534 2181 612 litore
2212 560 2531 639 puppes,

674 645 886 737 Ergo
919 640 1311 741 insperata
1347 640 1679 716 tandem
1711 638 1999 717 tellure
2034 640 2291 742 potiti,

572 749 1202 844 Lustramurque
1233 745 1444 844 Iovi,
1480 745 1847 845 votisque
1881 743 2383 821 incendimus
2422 764 2614 834 πῶς

714 919 820 972 278
849 919 1097 990 potimur
1129 919 1314 987 Puget.

1453 920 1559 974 279
1606 921 2042 988 Lustratum-sque
2081 917 2166 971 ed.
2205 920 2341 972 Ven.
2386 918 2461 986 (et
2499 913 2609 967 Alb.
2659 911 2774 978 Wr.)

576 991 1019 1057 Lustramurque
1051 987 1180 1039 deo:
1216 987 1351 1040 coni.
1377 990 1455 1041 Io.
1486 988 1764 1040 Schrader.
1788 1006 1864 1041 sc.
1892 986 2152 1057 Apollini3
2198 999 2258 1039 ut
2284 990 2407 1041 Iovi
2431 1004 2460 1038 e
2486 983 2612 1035 mala
2636 982 2774 1033 inter-

578 1057 879 1127 pretatione
906 1056 1227 1127 provenerit.
1298 1060 1447 1111 votis
1468 1059 1577 1109 inc.
1598 1068 1724 1109 tert.
1747 1058 2000 1110 Rottend.

571 1188 678 1240 tur
726 1179 918 1241 oratio
941 1173 1021 1239 ἠν.
1069 1178 1195 1244 274
1232 1188 1293 1239 et
1341 1179 1467 1244 275
1507 1201 1657 1258 pro-

566 1267 840 1344 gnssiva
869 1289 888 1323 .-
967 1272 1041 1324 ut
1100 1285 1223 1324 non
1279 1264 1656 1345 copulentur,

572 1350 677 1409 sed
736 1349 1015 1430 deinceps
1065 1362 1498 1411 enumerentur
1573 1354 1657 1411 Ec

570 1438 880 1495 Leucatae
896 1467 978 1481 —
994 1438 1078 1494 Ec
1108 1433 1214 1515 (sc.
1232 1436 1483 1496 ulterius
1509 1458 1657 1517 pro-

567 1518 800 1604 gressis)
856 1525 1125 1597 aperc'tur
1174 1524 1424 1600 Apollo·
1517 1523 1662 1581 Fuit

559 1615 773 1665 autem
805 1607 1000 1665 nobile
1034 1609 1327 1688 templum
1364 1608 1658 1688 Apollinis

571 1691 829 1767 Actiaci,
867 1691 1083 1771 idque,
1130 1703 1202 1754 ut
1237 1714 1402 1754 nunc
1423 1715 1499 1753 ex
1526 1694 1586 1764 h,
1614 1695 1654 1754 l.

568 1777 948 1856 intelligitur,
1018 1778 1080 1836 in
1133 1779 1268 1840 loco
1323 1781 1520 1854 edito,
1580 1800 1657 1839 ex

570 1884 737 1923 more
767 1863 1129 1942 templorum
1140 1886 1157 1940 ;
1183 1875 1243 1924 et
1273 1875 1511 1926 constat
1535 1865 1656 1926 iam

569 1949 713 2008 satis
763 1969 832 2007 ea
878 1951 954 2008 de
1000 1968 1067 2008 re
1108 1969 1140 2008 e
1190 1952 1326 2012 loco
1373 1953 1654 2012 Strabon.

569 2035 693 2109 VII,
719 2054 779 2114 p.
812 2037 937 2100 500
976 2035 1025 2093 Β
1062 2032 1153 2118 (p.
1193 2038 1363 2120 326).
1450 2039 1659 2117 Itaque

568 2120 718 2180 bene
761 2119 1052 2199 Pompon.
1094 2122 1229 2181 Sab.
1271 2125 1534 2202 Apollo,
1590 2124 1661 2182 id

569 2218 656 2265 est
677 2251 695 2281 ‚
746 2228 902 2284 pars
957 2208 1071 2265 illa
1126 2229 1314 2267 saxea
1336 2253 1353 2284 ,
1427 2212 1493 2267 in
1531 2231 1655 2289 qua

568 2293 859 2369 templum
933 2292 1245 2371 Apollinis
1314 2308 1457 2353 erat.
1573 2296 1658 2352 De

571 2377 792 2456 templo
836 2378 992 2436 cons.
1025 2379 1269 2438 Sueton.
1316 2379 1530 2440 Octav.
1572 2385 1655 2445 96

567 2473 724 2524 extr.
753 2462 956 2542 ibique
990 2463 1254 2544 interpp.
1335 2465 1420 2524 De
1460 2465 1653 2546 Apol-

567 2550 704 2609 linis
735 2549 897 2628 signo
925 2549 1157 2627 aliquo,
1204 2551 1370 2628 quod
1406 2553 1467 2610 in
1501 2573 1651 2632 pro-

565 2635 869 2695 montorio
895 2637 1149 2712 steterit,
1186 2638 1504 2716 Spencium
1533 2639 1652 2697 Po-

567 2722 773 2802 lymet.
800 2720 1024 2800 Dialog.
1061 2721 1214 2797 VIII,
1270 2744 1328 2803 p.
1377 2728 1459 2788 33
1505 2722 1654 2783 haec

567 2808 835 2887 accipere
860 2806 1110 2867 mireris.
1196 2808 1347 2869 Nam
1391 2810 1652 2869 nobilem

564 2893 855 2973 Apollinis
938 2891 1166 2952 Actiaci
1247 2904 1508 2955 statuam
1588 2897 1651 2956 in

561 2980 787 3058 templo
815 2979 928 3037 isto
966 2979 1147 3038 fuisse
1168 2999 1404 3040 necesse
1444 2992 1534 3042 est
1578 3002 1656 3042 ex

565 3063 871 3125 communi
904 3084 1070 3122 inore
1102 3062 1176 3145 *).
1245 3066 1422 3125 Urbis
1451 3078 1653 3128 autem

563 3160 626 3211 et
651 3149 861 3228 templi
887 3158 1248 3208 vetustatem
1275 3152 1354 3211 ad
1380 3163 1652 3232 tempora

564 3237 823 3294 Troiana
851 3243 1099 3293 revocat
1121 3245 1293 3313 poeta
1309 3258 1414 3296 seu
1435 3249 1650 3299 aucto-

561 3322 682 3380 rita
690 3329 747 3379 te
762 3339 866 3379 seu
880 3330 1217 3379 commento
1233 3343 1360 3382 suo.
1393 3321 1650 3404 (—-278.

561 3409 906 3485 insperata,
995 3407 1058 3465 in
1118 3427 1240 3485 quo
1290 3409 1646 3488 explicando

562 3491 754 3550 haesit
778 3491 1051 3568 Servius,
1097 3513 1208 3553 nec
1248 3493 1500 3572 iniuria,
1546 3516 1650 3556 re-

561 3577 873 3637 ferendum
899 3588 990 3636 est
1012 3578 1091 3637 ad
1115 3581 1379 3659 pericula
1396 3603 1483 3642 vs.
1502 3586 1649 3649 282.

563 3684 650 3742 sq.
677 3674 1159 3726 commemorata.
1209 3664 1376 3749 Wr.)
1590 3668 1594 3677 ’

648 3752 793 3813 279.
837 3747 1175 3828 Antequam
1210 3751 1497 3815 ludorum
1525 3754 1651 3831 sol-7

561 3834 763 3894 lennia
782 3835 896 3894 rite
923 3836 1208 3897 celebrari
1227 3840 1491 3919 possint,
1534 3861 1648 3899 ex-

1740 1181 2004 1261 piatione
2041 1189 2102 1238 et
2143 1178 2493 1238 lustratione
2525 1195 2663 1256 opus
2689 1180 2771 1232 est.

1741 1270 2106 1325 Lusit-amur
2127 1267 2268 1324 Iovi
2283 1309 2302 1340 ,
2348 1264 2614 1324 invocato
2646 1260 2773 1332 love,

1742 1351 1840 1411 cui
1895 1370 2131 1411 sacrum
2184 1351 2482 1431 piaculare
2545 1346 2770 1406 offertur.

1745 1435 1940 1519 (Grat.
1989 1438 2186 1516 Cyneg
2250 1438 2426 1500 491.:
2495 1441 2658 1509 „tota
2693 1430 2772 1487 iu-

1743 1515 2771 1598 ventusLustraturqueDeae“

1741 1618 1853 1669 cet.
1883 1609 1986 1668 ubi
2018 1607 2141 1668 vid.
2179 1608 2323 1667 Ulit.
2375 1603 2535 1686 Wr.)
2605 1603 2771 1677 Quae-

1739 1696 1896 1755 ritur
1967 1704 2164 1753 tamen
2185 1739 2200 1768 ,
2286 1713 2396 1752 cur
2448 1690 2604 1764 Iovi,
2674 1703 2770 1780 non

1741 1780 2050 1861 Apollini?
2109 1779 2208 1838 cui
2247 1777 2377 1838 ludi
2407 1776 2518 1858 ipsi
2556 1772 2769 1832 instituti

1738 1886 1863 1926 esse
1902 1866 2178 1925 debuere.
2265 1865 2444 1924 Varia
2487 1864 2770 1921 commenta

1738 1952 1906 2012 vides
1932 1953 1995 2012 in
2026 1951 2345 2010 Servianis.
2418 1948 2530 2007 Sed
2557 1945 2769 2025 primum

1740 2038 1818 2097 ad
1857 2036 2303 2098 observandum
2350 2038 2415 2095 in
2444 2041 2667 2114 promtu
2689 2033 2769 2100 est,

1739 2122 2002 2184 sollenne
2028 2123 2206 2184 fuisse
2231 2121 2441 2202 priscis
2461 2114 2767 2182 hominibus,

1740 2220 1815 2269 ut
1857 2211 1922 2270 in
1962 2208 2145 2270 sacris
2190 2209 2523 2287 cuicunque
2565 2202 2768 2261 deorum

1741 2297 1911 2356 sactis
1940 2296 2145 2355 Iovem
2169 2294 2234 2353 in
2276 2304 2477 2376 partes
2514 2292 2767 2383 vocarent·

1740 2383 1928 2442 Porro
1958 2380 2329 2463 expiationes
2359 2390 2420 2439 et
2442 2381 2768 2439 lustrationes

1739 2466 1982 2549 proprie
2042 2467 2119 2527 ad
2188 2466 2396 2528 Iovem
2452 2463 2766 2526 reseruntur,

1735 2554 1954 2634 quippe
1982 2554 2243 2623 ultorem
2268 2563 2330 2612 et
2359 2550 2638 2613 vindicem
2660 2558 2764 2601 cse-

1737 2640 1828 2699 dis
1861 2641 2170 2718 omnisque
2205 2638 2457 2719 piaculi,
2500 2631 2648 2715 quod
2682 2645 2766 2684 ex-

1734 2726 2027 2805 piandum
2104 2735 2212 2785 est.
2318 2724 2468 2783 cons.
2539 2714 2764 2799 Apollon-

1734 2810 1933 2871 Rhod.
1965 2811 2065 2886 lv,
2094 2815 2239 2876 699.
2272 2814 2396 2875 700
2424 2829 2507 2887 sq.
2534 2815 2589 2866 et
2609 2793 2765 2861 Schul-

1735 2897 2013 2977 Aeschyli
2039 2898 2290 2957 Eumen.
2324 2894 2448 2959 444
2489 2892 2674 2962 docet,
2702 2879 2762 2979 ,ὦ

1738 3003 1808 3040 eo
1856 2984 1986 3062 ipso
2029 2983 2303 3042 Ixionem
2339 2981 2667 3048 lustratum,
2699 2975 2763 3025 Μ

1736 3078 1809 3128 ut
1839 3069 2026 3148 possit
2065 3090 2179 3149 pro
2224 3076 2468 3127 auctore
2508 3065 2645 3124 ritus
2677 3052 2762 3151 Ῑξᾶ-

1734 3154 1880 3214 beri.
1981 3154 2295 3217 Piaculum
2371 3152 2435 3210 in
2517 3149 2762 3234 Harpy¹ff⁸

1733 3240 2112 3300 commissum
2182 3250 2355 3320 potes
2419 3257 2547 3295 cum
2595 3235 2762 3324 Serylo

1732 3326 2029 3406 sigillatim
2060 3326 2184 3386 hue
2215 3323 2469 3385 trabere.
2530 3320 2664 3378 votis
2683 3330 2759 3405 11}-

1730 3413 2036 3470 cendimus
2078 3434 2223 3472 aras
2242 3457 2259 3487 ,
2322 3412 2509 3470 forma
2554 3404 2762 3464 Hormo

1732 3518 1971 3576 quoque
2009 3499 2416 3576 frequentata:
2459 3502 2528 3552 ut
2559 3491 2598 3565 I,
2635 3486 2687 3557 4,
2715 3482 2759 3543 7·

1732 3583 1837 3643 ubi
1872 3585 2188 3644 Vulcanus
2214 3584 2430 3642 ardens
2459 3581 2568 3638 urit
2600 3568 2760 3650 offic?

1731 3691 1846 3728 nas
1887 3668 2216 3729 Mitsclierl.
2256 3677 2460 3727 noster
2506 3655 2759 3747 praechf‘

1731 3754 2014 3815 illustrat.
2065 3755 2272 3830 docte,
2331 3773 2471 3834 pro,
2533 3753 2664 3841 vota·
2710 3754 2756 3833 {¹¹

1732 3841 1849 3901 aris
1880 3842 1975 3902 vel
2015 3841 2360 3922 impositum
2391 3848 2489 3897 tus
2520 3843 2577 3893 et
2612 3833 2756 3889 ποῦ·

697 4051 744 4117 '')
777 4054 1057 4125 Apollinis
1083 4059 1299 4109 Actiaci
1320 4055 1365 4108 si
1440 4076 1525 4110 um
1555 4059 1610 4110 in
1645 4057 1826 4111 multis
1870 4059 2091 4128 Augusti
2137 4059 2308 4113 numis
2344 4067 2399 4109 et
2437 4055 2492 4106 in
2525 4047 2755 4126 notess*

565 4120 695 4174 tistii
719 4123 939 4175 denario
963 4125 1208 4179 occurrit.
1279 4129 1333 4178 Μ
1390 4145 1419 4179 ο
1443 4129 1572 4182 olim
1613 4128 1832 4182 fallente
1872 4130 2126 4182 memoria
2159 4130 2213 4181 in
2263 4129 2366 4180 fine
2405 4133 2556 4177 notae
2583 4117 2755 4189 adwoej·

560 4209 705 4254 mm,
739 4193 998 4262 Apollinis
1026 4195 1230 4262 signum
1268 4214 1385 4248 esse
1423 4198 1711 4268 aliquando
1752 4199 2247 4268 Constantinopolin
2290 4206 2532 4250 avectum.
2596 4179 2752 4240 Τηὼ-

563 4271 667 4313 tum
696 4261 827 4313 illud
856 4274 937 4314 est
973 4264 1040 4314 de
1083 4265 1231 4317 asino
1275 4285 1390 4318 cum
1430 4268 1687 4321 asinario:
1743 4269 1809 4320 dc
1852 4286 1956 4338 quo
2009 4274 2225 4322 Sueten.
2276 4272 2451 4319 Octav.
2500 4262 2578 4316 96-
2633 4253 2753 4304 3⁰⁰⁶

560 4330 749 4400 cpolin
773 4344 1007 4385 avectum
1033 4333 1089 4387 in
1126 4335 1481 4407 hippodromo
1520 4338 1752 4408 positum
1804 4356 1918 4391 esse
1961 4350 2139 4392 narrat
2180 4356 2295 4390 cnm
2335 4333 2448 4387 aliis
2490 4322 2751 4383 Theodorss

558 4401 848 4455 Metocbita
879 4401 1018 4458 nist.
1042 4406 1196 4461 Rom.
1221 4426 1276 4477 p.
1304 4409 1356 4464 2.
1383 4406 1437 4463 4.
1469 4418 1525 4461 et
1549 4416 1807 4478 Anonym.
1833 4409 1899 4462 de
1929 4409 2140 4481 Antiqq.
2164 4408 2313 4478 Cpol.
2335 4423 2389 4458 n.
2410 4402 2524 4459 ³13.
