2882 5028
593 321 1215 439 AENEmos
1260 362 1479 436 Lm.
1531 362 1676 456 vl,
1729 367 2167 440 εει-242
2341 370 2492 443 887

238 553 628 649 Scrupea‚
684 562 846 624 tuta
871 550 1044 625 lacu
1073 548 1300 646 nigro
1343 572 1937 649 nemorumque
1970 547 2375 626 tenebris:

236 657 505 746 Quam
546 676 787 752 super
830 651 1048 729 haud
1089 651 1299 727 ullae
1346 664 1725 751 poterant
1781 653 2096 752 inpune*
2135 651 2489 728 volantes

234 754 619 832 Tendere
653 757 804 830 iter
835 757 1156 856 pennis:
1209 754 1379 829 talis
1415 779 1591 831 sese
1620 754 1908 832 halitus
1940 755 2124 830 atris
2333 761 2488 835 240

227 859 626 938 Faucibus
664 856 1093 935 effundens
1118 882 1404 958 supera
1434 857 1535 934 ad
1571 883 1914 936 convexa
1938 856 2269 937 serebat.

343 988 517 1063 242.
570 982 1168 1057 *Unum-mcum
1204 984 1444 1057 Gnan
1473 1003 1864 1055 nmmum·
1907 1001 2216 1056 noum
2265 984 2488 1056 Aou-

444 1091 674 1161 Nonst
1840 1089 1847 1098 ’
2001 1081 2016 1102 “

346 1195 389 1225 Q

376 1239 760 1327 23'8wcmpea
795 1255 900 1307 duo
940 1255 1141 1308 indocti
1194 1254 1400 1309 librarii
1452 1274 1538 1326 ap.
1586 1258 1756 1309 Burm.
1825 1257 1918 1309 Est
1958 1255 2314 1308 Homericum:
2359 1272 2488 1308 παι-

230 1321 540 1379 παλόεσσα.
611 1343 813 1395 magna
865 1325 990 1376 lacu
1038 1325 1190 1398 Leia,
1328 1328 1432 1382 239
1479 1327 1735 1379 volucres
1780 1324 2002 1378 Dorvill.
2054 1335 2106 1378 et
2152 1326 2314 1377 Goth.
2363 1334 2488 1376 tert.

232 1413 303 1446 ex
328 1394 523 1462 glossa.
659 1397 760 1449 241
794 1392 1097 1465 infundens
1119 1394 1284 1448 Goth.
1309 1406 1436 1448 tert.
1507 1414 1756 1449 connexa
1775 1396 1967 1449 vitiose
1994 1395 2200 1448 Nouius
2224 1395 2280 1446 in
2303 1399 2489 1447 Aver-

230 1482 364 1518 nus.
421 1463 688 1535 serebant
713 1464 847 1515 Gud.
878 1482 909 1516 a
933 1482 1001 1515 m.
1028 1482 1107 1532 pr.
1246 1464 1355 1522 242
1391 1468 1583 1517 Totum
1622 1482 1828 1518 versum
1867 1465 1934 1518 ab
1977 1465 2079 1516 alia
2117 1482 2270 1516 manu
2313 1465 2488 1515 inser-

229 1543 350 1586 tum
375 1533 591 1585 credere
618 1533 698 1585 fas
730 1543 838 1597 est,
884 1544 1028 1585 certe
1057 1533 1125 1586 ab
1166 1536 1316 1604 epica
1367 1535 1575 1587 ratione
1616 1534 1872 1596 alienum3
1918 1533 2115 1586 eiectus
2157 1551 2365 1603 quoque
2408 1541 2489 1584 est

232 1622 266 1656 a
296 1604 409 1654 viro
437 1603 597 1654 docto
615 1640 631 1667 ,
689 1602 779 1671 qui
818 1601 1103 1655 editionem
1148 1606 1480 1657 Pax-mensem
1522 1605 1740 1658 curarit.
1808 1609 1856 1658 A
1888 1603 2076 1671 fragm.
2119 1601 2295 1657 Vatic.
2334 1601 2489 1672 plane

231 1673 422 1737 abest,
457 1671 615 1723 etiam
638 1671 705 1722 ab
737 1671 884 1736 aliis,
919 1673 994 1724 sic
1033 1691 1063 1724 a
1105 1674 1267 1725 Goth.
1304 1683 1424 1725 tert.
1494 1676 1553 1724 In
1592 1674 1831 1726 Mediceo
1872 1673 2092 1742 aliisque
2133 1671 2490 1741 praestantio-

228 1741 385 1796 ribus
406 1760 441 1793 a
464 1741 664 1794 recenti
686 1759 842 1793 manu
874 1742 1185 1812 adscriptus.
1256 1743 1455 1794 Pierius
1479 1752 1654 1794 tamen
1695 1743 1750 1794 in
1789 1742 1895 1795 suis
1936 1742 2092 1796 codd.
2134 1760 2240 1795 non
2273 1741 2491 1794 deside·-

230 1810 374 1865 ravit
400 1829 604 1864 versum
621 1849 639 1874 ,
670 1827 771 1862 nec
794 1811 851 1862 in
877 1813 1112 1864 Romano
1141 1812 1351 1864 videtur
1378 1813 1445 1864 ab
1469 1812 1572 1864 alia
1598 1810 1891 1882 adscriptus
1910 1851 1926 1875 ,
1959 1813 2055 1864 sed
2093 1830 2124 1863 a
2158 1811 2328 1881 prima
2373 1821 2488 1863 sta-

232 1880 337 1932 tim
368 1899 520 1932 manu
560 1881 842 1950 profectus.
911 1881 1047 1934 Satis
1086 1891 1235 1933 vetus
1266 1881 1446 1950 itaque
1485 1881 1597 1933 eius
1640 1882 1925 1934 auctoritas
1943 1919 1959 1946 ,
2020 1891 2081 1932 ut
2115 1882 2258 1933 forte
2296 1899 2326 1932 e
2366 1879 2489 1932 Pri-

234 1950 417 2002 sciano
472 1950 715 2018 Dionysii
762 1950 1063 2017 Periegesin
1103 1969 1153 2004 v.
1196 1949 1333 2006 1149
1373 1950 1562 2002 iisdem
1605 1951 1780 2004 verbis
1817 1945 2201 2019 interpretante
2240 1950 2489 2010 confictus

231 2019 331 2072 ille
356 2019 524 2071 videri
549 2020 733 2089 possit.
767 2037 816 2072 v,
842 2038 927 2088 ap.
951 2020 1128 2072 Heius.
1201 2021 1418 2088 (Versus
1449 2020 1538 2072 hio
1564 2020 1670 2084 ita,
1705 2030 1765 2071 ut
1800 2020 2005 2084 editur,
2040 2029 2211 2072 exstat
2237 2020 2294 2071 iu
2316 2019 2487 2072 Palat.

229 2096 280 2142 A
306 2088 545 2158 pluribus
586 2089 738 2141 etiam
781 2089 962 2155 libris,
1009 2107 1159 2159 quam
1203 2089 1292 2141 hic
1326 2088 1546 2141 iudicati
1583 2101 1705 2141 sunt
1742 2091 1808 2142 ab
1841 2089 2079 2154 Heynio,
2125 2089 2312 2141 abesse
2351 2088 2489 2140 hunc

231 2177 477 2223 versum,
514 2158 734 2222 certius,
767 2169 928 2228 puto,
961 2168 1260 2224 constaret,
1299 2159 1401 2210 nisi
1424 2158 1513 2210 hic
1550 2158 1812 2224 turbatum
1855 2158 2052 2227 aliquid
2094 2170 2233 2211 esset
2270 2160 2325 2210 in
2364 2169 2489 2212 nota

228 2229 549 2289 Heinsiana3
607 2227 748 2296 quod
807 2227 990 2279 melius
1041 2228 1369 2297 intelligetur
1421 2245 1487 2279 ex
1524 2228 1666 2297 ipsa:
1717 2230 1811 2292 „ln
1850 2228 2022 2296 Regio
2060 2229 2273 2292 codice,
2320 2227 2491 2297 inquit

230 2299 501 2360 Heinsius,
524 2295 745 2364 margini
773 2296 1065 2366 adscriptus
1095 2308 1207 2350 erat
1232 2298 1318 2350 hic
1341 2315 1521 2350 versus
1545 2316 1578 2349 a
1604 2297 1848 2350 Mediceo
1877 2309 1930 2350 et
1949 2298 2269 2352 Menteliano
2291 2297 2489 2366 priore,

229 2367 416 2438 priore
444 2366 600 2418 etiam
625 2366 968 2431 Menagiano,
1021 2367 1282 2419 Vossiano
1324 2367 1527 2432 altero,
1576 2366 1746 2436 primo
1796 2376 1851 2419 et
1890 2367 2120 2419 secundo
2161 2367 2491 2419 Rottendor-

230 2437 410 2507 phiis,
448 2436 616 2505 primo
649 2438 954 2502 Moretano,
987 2436 1041 2487 in
1083 2437 1395 2506 Sprotiano,
1449 2436 1625 2506 priore
1666 2435 2017 2505 Hamhurgico
2059 2446 2115 2487 et
2149 2437 2308 2489 tertio
2349 2439 2489 2488 Rot-

230 2506 560 2577 tendorphio
609 2524 766 2557 manu
809 2505 1008 2557 recenti
1053 2506 1345 2576 adscriptus
1397 2505 1644 2559 occurrit.
1727 2508 1787 2558 In
1841 2506 2046 2559 ceteris·
2067 2512 2346 2559 Avernum
2389 2524 2489 2576 pro

228 2583 465 2632 Acmon
506 2574 749 2644 legitur.“
799 2588 899 2626 cet.
968 2575 1165 2641 Vides,
1238 2586 1363 2646 post
1408 2592 1608 2627 versus
1658 2575 2134 2659 interpunctionem
2192 2576 2489 2638 excidisse;

228 2659 347 2699 tum
392 2646 548 2699 facile
604 2644 707 2696 tibi
768 2643 1139 2712 persuadebis,
1201 2655 1328 2713 post
1373 2647 1669 2697 Montano
1713 2644 2063 2697 adiiciendum
2114 2644 2277 2696 fuisse
2318 2644 2487 2696 abest.

226 2715 483 2780 Accedit,
519 2715 660 2784 quod
691 2713 910 2764 omissus
954 2727 1034 2764 est
1081 2714 1168 2766 hic
1205 2732 1384 2766 versus
1428 2714 1484 2765 in
1526 2715 1838 2784 apographo
1878 2714 2105 2765 Medicei
2143 2714 2488 2781 Fogginiano,

227 2787 420 2839 addito
447 2795 624 2836 tamen
651 2783 892 2834 inter-vs.
920 2784 1042 2837 241.
1072 2794 1127 2835 et
1154 2784 1273 2838 243.
1300 2783 1478 2851 aliquo
1503 2783 1655 2850 signo
1672 2821 1687 2846 ,
1719 2800 1823 2852 quo
1868 2783 2039 2835 lector
2084 2784 2284 2834 remitti
2330 2783 2488 2835 vide-

226 2868 325 2907 tur
354 2855 423 2907 ad
448 2854 731 2921 marginem
760 2852 1093 2914 inferiorem,
1132 2854 1222 2903 ubi
1253 2852 1479 2920 aliquem
1511 2870 1715 2904 versum
1746 2853 1803 2903 iu
1826 2853 1961 2913 aliis,
1980 2852 2363 2920 exemplaribus
2401 2852 2487 2904 hic

223 2924 603 2994 interpositum
626 2921 875 2987 inveniri,
911 2924 1115 2991 punctis
1146 2921 1455 2991 quibusdam
1486 2921 1710 2973 indicari
1741 2921 1945 2973 videtur
1980 2920 2119 2973 hunc
2158 2923 2211 2973 in
2244 2922 2483 2974 modum:

221 3202 396 3251 Deest
425 3197 563 3249 idem
590 3199 642 3252 2.
667 3198 718 3252 3.
746 3199 826 3259 8.;
862 3198 1012 3249 deest
1042 3198 1186 3268 apud
1213 3197 1475 3263 Nonium,
1509 3214 1574 3250 eo
1609 3198 1819 3266 quidem
1850 3196 2006 3259 loco,
2040 3214 2175 3266 quo,
2211 3196 2257 3248 si
2305 3196 2353 3249 is
2396 3197 2483 3250 le-

224 3270 401 3337 gisset
443 3267 582 3318 hunc
615 3285 849 3333 versum,
899 3268 1106 3318 minime
1149 3268 1554 3334 praetereundus
1606 3277 1752 3330 erat3
1799 3267 1907 3319 vid.
1950 3266 2163 3329 Heia-‚3
2208 3284 2306 3319 uec
2342 3268 2481 3336 apud

222 3337 467 3392 Servium
491 3345 660 3387 exstat
686 3336 844 3388 ullum
873 3338 984 3389 eius
1011 3336 1311 3404 vestigium5
1360 3336 1516 3389 facile
1541 3347 1710 3388 autem
1751 3346 1972 3404 apparet
2015 3336 2321 3387 translatum
2366 3355 2482 3389 esse

225 3426 294 3460 ex
348 3406 587 3474 Dionysii
635 3405 901 3474 Periegesi
958 3425 1034 3458 vs.
1080 3409 1258 3460 1151ae
1309 3400 1588 3472 „mevenni
1627 3423 1723 3472 μιν
1767 3402 1862 3457 καὶ
1895 3404 2080 3471 φῶτες
2117 3403 2485 3459 ἐπικλείουσιν

205 3471 523 3541 ’Δορνον.“
595 3475 859 3544 Denique,
908 3475 1008 3527 nisi
1052 3475 1264 3543 egregie
1310 3476 1500 3538 fallor,
1555 3474 1806 3542 Virgilius
1849 3475 1894 3525 si
1934 3486 2074 3526 esset
2113 3475 2264 3526 huius
2301 3494 2483 3528 versus

221 3556 444 3608 auctor,
480 3562 545 3594 ex
575 3563 719 3596 more
743 3555 887 3597 certa
916 3545 1125 3597 ratione
1149 3545 1265 3597 niso
1290 3544 1614 3614 scripsisset:
1648 3544 1842 3609 „Unde
1883 3543 2038 3596 loco
2068 3544 2218 3596 Graii.
2239 3545 2482 3598 dixerunt

219 3632 474 3667 nomen
503 3618 795 3679 Aomon,“
833 3615 941 3666 sive
974 3619 1334 3679 „Aorno;“
1371 3616 1437 3668 cf.
1486 3616 1580 3667 Ge.
1615 3616 1658 3677 1,
1686 3614 1785 3669 137
1811 3631 1888 3682 sq.
1925 3616 2017 3679 IV,
2053 3616 2176 3668 271.
2223 3620 2351 3667 Aen.
2394 3615 2481 3681 ΠΙ,

110 3721 123 3731 -
226 3687 316 3741 18.
361 3685 482 3738 693.
553 3683 668 3734 Alia
708 3695 787 3734 est
831 3701 1009 3735 eorum
1045 3684 1280 3735 locorum
1325 3685 1493 3747 ratio,
1555 3683 1644 3734 ubi
1684 3683 1738 3735 in
1777 3678 1934 3735 simili
1975 3685 2212 3735 oratione
2248 3687 2480 3749 nomine,

221 3755 325 3805 vel·
342 3754 410 3803 de
433 3753 672 3816 nomine,
708 3753 928 3820 legitur:
967 3754 1063 3805 Ge.
1092 3755 1181 3817 111,
1202 3755 1325 3807 280.
1351 3759 1480 3807 Aen.
1512 3756 1553 3817 1,
1578 3755 1700 3808 277.
1724 3754 1845 3808 533.
1873 3755 1960 3815 111,
1988 3754 2103 3808 166.
2121 3755 2243 3809 210.
2264 3757 2329 3819 V,
2355 3757 2479 3808 718.

221 3826 321 3888 VI,
349 3822 470 3877 441.
499 3823 636 3886 vm,
660 3823 748 3877 54.
773 3824 870 3888 IX,
890 3823 1039 3885 387.;
1074 3839 1327 3892 nusquam
1357 3824 1496 3876 enim
1519 3822 1653 3875 illud
1677 3825 1896 3886 nomine
1928 3822 2004 3875 sic
2049 3824 2241 3876 nudum
2278 3842 2309 3876 a
2348 3824 2479 3878 vir-

221 3971 471 4024 Averno
499 3963 814 4025 imminens
855 3963 1022 4044 (hinc
1052 3976 1181 4023 tuta
1206 3964 1310 4023 la-
1392 3978 1548 4025 tans.
1631 3963 1720 4023 De
1762 3984 1823 4024 v.
1862 3964 1988 4028 242
2027 3965 2168 4024 Ver.
2202 3965 2361 4023 Lect.
2402 3963 2478 4022 de

218 4049 327 4132 cu)
377 4058 439 4108 et
484 4049 599 4109 alia
636 4071 817 4129 quam
857 4070 1011 4129 quae
1035 4069 1218 4129 supra
1246 4069 1307 4110 v.
1392 4050 1518 4129 ipsa
1543 4070 1661 4110 rea
1682 4050 1956 4130 pluribus
1979 4060 2210 4110 actum:
2256 4070 2314 4109 v.
2338 4050 2475 4108 lau-

220 4136 309 4201 42
364 4145 697 4195 memorata
760 4145 867 4195 est.
922 4157 982 4196 v.
1025 4136 1172 4197 Exc.
1208 4136 1309 4195 111.
1394 4137 1565 4195 datos
1595 4135 1689 4203 ,ad
1740 4136 1979 4196 Vibium
2023 4139 2198 4214 Sequ.
2241 4156 2299 4214 p.
2328 4134 2473 4200 244.

222 4221 408 4304 (tuta,
438 4221 518 4280 ad
546 4242 723 4300 quam
751 4222 1007 4282 difficilia
1025 4242 1309 4281 accessus.
1391 4224 1643 4282 Sacrum
1677 4222 1904 4291 Aeneas
1927 4231 2106 4301 parat
2128 4220 2238 4279 sub
2278 4221 2474 4299 ipsum

229 4310 330 4368 W
328 4305 411 4388 r.)
497 4309 797 4383 volantes,
841 4308 1135 4370 volucres.
1211 4307 1311 4367 Sic
1391 4309 1711 4388 speluncae
1756 4309 2100 4388 ingressum.
2204 4306 2298 4364 Vs.
2326 4310 2468 4371 239.

219 4394 302 4454 111
358 4394 574 4472 Georg.
628 4392 749 4458 147
798 4395 1108 4455 Plurimus
1153 4396 1309 4455 voli—
1392 4395 1829 4456 convenitcum
1853 4391 2360 4473 Apollon.IV,601
2385 4414 2470 4470 sq.
