2882 5028
473 341 622 413 238
1079 327 2120 405 EXCURSUSX

840 576 2238 752 ·ExcURsusx

817 833 1189 903 Mercurius
1245 832 1344 901 ad
1387 833 1651 903 Poenos
1700 831 2089 923 placandos
2132 833 2392 899 missus.

651 1014 1331 1102 newsum-asc.-
1377 1025 2740 1106 etMaiagmumndemiuitabaltosqq.

481 1115 737 1178 Videtur
794 1114 961 1174 hunc
1017 1124 1234 1196 poetae
1289 1114 1491 1174 locum
1544 1112 1899 1194 expressme
1958 1114 2220 1173 caelator
2288 1131 2554 1191 gemmae
2608 1133 2745 1172 non

481 1200 755 1282 ignobilis
801 1220 835 1258 e
876 1200 1082 1260 Museo
1119 1196 1526 1261 Bous-dalevis‘
1539 1243 1557 1274 ,
1600 1208 1740 1280 post
1775 1197 2117 1263 Montefalc.
2172 1199 2238 1260 in
2278 1198 2523 1277 Virgilio
2565 1199 2741 1257 Lon-

482 1288 748 1362 dinensi,
815 1287 1135 1347 [usticiam
1191 1295 1254 1349 et
1304 1284 1705 1364 Ambrogiano
1745 1284 2071 1364 repetitae,
2116 1285 2179 1344 in
2229 1304 2351 1362 qua
2396 1284 2626 1364 Iupiter
2667 1284 2743 1343 in

483 1373 681 1434 medio
724 1373 966 1449 sedens,
1014 1373 1215 1432 Venus
1250 1372 1427 1432 iuxta
1478 1390 1629 1453 cum*
1656 1372 1876 1431 Amore
1914 1371 2046 1431 Iovi
2088 1369 2463 1449 supplicans,
2516 1389 2597 1429 ex
2639 1369 2744 1429 al·-

484 1469 617 1520 tera
663 1467 836 1538 parte
877 1458 1211 1521 Mercurius
1255 1477 1396 1518 cum
1434 1456 1736 1519 mandatis
1772 1455 1931 1517 Iovis
1970 1455 2308 1534 discedens,
2366 1454 2549 1515 modo
2589 1455 2745 1515 satis

484 1544 713 1625 liquido
764 1553 1099 1620 constaret,
1157 1563 1237 1604 an
1275 1563 1314 1601 a
1359 1563 1548 1605 manu
1590 1544 1837 1622 antiqua
1869 1562 2022 1622 opus
2056 1541 2211 1603 illud
2245 1543 2579 1621 profectum
2623 1541 2742 1616 sit3

487 1630 635 1693 mihi
686 1639 887 1690 tamen
943 1649 1149 1691 omnes
1199 1628 1337 1691 illae
1390 1648 1660 1708 gemmae
1720 1628 2108 1707 Virgilianae,
2158 1637 2234 1686 ut
2272 1627 2421 1689 aliae
2460 1628 2741 1693 ,Romani

488 1717 821 1796 argumenti
840 1760 859 1792 ,
905 1717 1167 1775 recentia
1209 1714 1445 1794 ingenia
1489 1714 1747 1794 prodere
1788 1713 2071 1775 videntur
2081 1735 2100 1791 3
2147 1733 2272 1775 non
2309 1713 2469 1773 enim
2511 1714 2576 1774 id
2615 1713 2743 1773 fuit

487 1823 738 1865 suorum
792 1810 1108 1883 poetarum
1148 1800 1422 1860 studium
1469 1801 1787 1875 Romanis,
1830 1819 1958 1859 nec*
1998 1799 2208 1860 Graeci
2254 1800 2514 1859 artifices
2561 1800 2743 1860 latini

490 1889 771 1949 carminis
823 1888 1100 1966 peritiam
1145 1894 1378 1945 tantam
1415 1884 1693 1946 habuisse
1731 1885 2054 1961 videntur;
2101 1895 2313 1945 contra
2351 1886 2586 1945 saeculo
2619 1884 2744 1944 XV

490 1984 554 2034 et
591 1974 732 2034 xvi
777 1992 915 2034 cum
958 1974 1221 2034 Graecae
1260 1971 1501 2031 fabulae
1554 1972 1736 2050 vulgo
1778 1971 2236 2050 ignorarentur,
2279 1971 2359 2031 ad
2400 1972 2745 2031 Romanam

488 2059 805 2120 historiam
845 2078 915 2117 ac
947 2060 1138 2119 ritum
1176 2057 1451 2118 revocari
1498 2057 1694 2137 prisca
1730 2065 2153 2133 monumenta,
2196 2057 2293 2115 ad·
2324 2057 2582 2117 eundem
2623 2055 2742 2115 alia

489 2145 753 2206 recentia
793 2164 975 2225 opera
1011 2141 1259 2219 confici,
1299 2143 1519 2221 passim
1564 2143 1857 2203 solebant.
1941 2144 2219 2203 Ceterum
2263 2142 2558 2205 celeritati
2582 2143 2744 2241 bene

493 2230 828 2291 consulitur
881 2250 917 2288 a
969 2238 1178 2310 poeta,
1202 2228 1384 2289 omui
1437 2227 1594 2290 Iovis
1649 2246 1926 2290 sermone
1981 2229 2196 2288 omisso
2213 2273 2231 2302 ‚
2287 2249 2409 2307 quo
2447 2229 2751 2357 mandare

492 2315 793 2377 Mercurio
851 2315 995 2376 data
1046 2323 1252 2393 erant;
1308 2333 1603 2393 quaenam
1655 2315 1760 2374 illa
1807 2313 2034 2375 suerint
2078 2314 2462 2393 intelligimus
2510 2335 2589 2373 ex
2647 2315 2729 2385 iis
2754 2368 2767 2389 ἱ

495 2421 649 2482 quae
692 2401 1025 2460 Mercurius
1064 2400 1432 2479 exsequitur.
1547 2399 1884 2461 Mercurius
1924 2408 2128 2460 autem
2171 2400 2411 2474 animis,
2467 2410 2540 2459 ut
2583 2399 2650 2459 h.
2697 2400 2742 2458 l.
2776 2420 2783 2437 =

498 2488 749 2550 Didonis
792 2496 856 2547 et
899 2487 1275 2563 Poenorum,
1321 2485 1659 2548 molliendis
1700 2495 1763 2547 et
1806 2485 2119 2556 flectendis
2166 2486 2439 2567 inprimis
2484 2487 2746 2546 idonens
2792 2506 2801 2530 <

498 2576 680 2651 deus,
722 2573 1022 2652 quifisros
1055 2575 1251 2633 cultus
1291 2571 1607 2632 hominum
1646 2585 1944 2633 recentum
1963 2616 1980 2647 ,
2028 2572 2298 2651 adeoque
2338 2582 2401 2633 et
2441 2573 2743 2633 barbaro-

499 2682 633 2721 rum
650 2704 667 2735 ,
712 2660 914 2738 quales
954 2659 1133 2718 Poeni
1179 2666 1383 2734 erant,
1420 2659 1728 2720 formavit.
1813 2658 2054 2718 Scilicet
2104 2658 2224 2718 hoc
2269 2659 2351 2717 ad
2398 2659 2746 2740 persuasio-

498 2748 592 2808 nis
628 2746 751 2807 vim
793 2744 1078 2826 pertinet,
1122 2743 1188 2804 in
1231 2743 1569 2819 monendo,
1609 2743 1869 2804 consiliis
1907 2742 2157 2821 dandis,
2194 2753 2255 2803 et
2292 2745 2377 2804 sic
2415 2766 2635 2824 porro;
2666 2753 2749 2804 ut

499 2833 715 2911 odyss.
770 2856 837 2908 α,
884 2835 967 2895 37
1023 2830 1102 2889 ad
1157 2829 1607 2894 dehortandum
1654 2850 1690 2889 a
1741 2829 1962 2889 scelere
2004 2830 2354 2910 Aegisthum
2406 2830 2751 2892 Mercurius

500 2919 783 2980 mittitur.
867 2917 1132 2977 Omnino
1168 2916 1517 2976 oeconomia
1554 2915 1794 2976 fabulae
1835 2914 2017 2976 huius
2056 2917 2237 2997 primi
2284 2916 2425 2976 libri
2463 2927 2556 2976 est
2606 2915 2750 2976 exi-

501 3006 653 3070 miae
692 3003 860 3065 artis.
944 3001 1316 3082 Carthaginis
1358 3001 1653 3063 adversus
1687 3000 1922 3063 Aeneae
1954 3003 2078 3062 sata
2111 3002 2374 3062 tuendae
2405 3003 2611 3064 studio
2654 3000 2752 3082 (v.

502 3111 633 3170 sup.
695 3093 792 3153 13.
840 3086 963 3170 19.)
1011 3089 1158 3149 [uno
1204 3088 1471 3148 Aeneam
1508 3087 1771 3148 immissa
1811 3083 2162 3168 tempestate
2219 3089 2473 3168 perdere
2527 3088 2753 3148 volne-

501 3185 618 3236 rat.
713 3173 900 3250 Atqui
938 3173 1057 3232 hac
1106 3173 1237 3252 ipsa
1278 3181 1624 3252 tempestate
1663 3174 1728 3235 in
1774 3173 2145 3253 Carthaginis
2182 3172 2394 3249 huius,
2453 3174 2549 3233 cui
2590 3174 2753 3233 luno

504 3260 746 3334 metuit,
796 3259 970 3318 littus
1018 3258 1257 3318 eiicitur
1306 3258 1550 3319 Aeneas.
1650 3257 1774 3319 Iam
1818 3259 2050 3320 mireris
2089 3251 2302 3338 utique
2350 3270 2587 3341 poetam
2628 3258 2755 3318 hoc

505 3366 647 3406 casu
690 3365 818 3405 non
854 3363 925 3404 eo
971 3344 1099 3419 uti,
1155 3354 1229 3405 ut
1262 3351 1435 3403 tanto
1476 3344 1761 3406 maiorem
1803 3345 1976 3405 nobis
2017 3366 2198 3425 super
2245 3345 2479 3406 Aeneae
2528 3345 2757 3405 discri-

504 3429 665 3493 mine
705 3450 776 3489 ac
822 3429 1118 3509 periculo,
1181 3449 1260 3490 ex
1309 3430 1552 3490 lunonis
1598 3431 1757 3491 odiis
1807 3431 1873 3490 in
1926 3431 2032 3492 illa
2073 3432 2205 3511 ipsa
2254 3442 2418 3493 terra
2471 3441 2533 3490 et
2572 3432 2756 3506 urbe,

506 3537 658 3598 quae
699 3515 845 3575 deae
887 3525 1208 3594 tantopere
1246 3534 1426 3576 curae
1464 3515 1752 3596 cordique
1789 3526 1951 3593 erat,
1990 3517 2407 3597 impendente,
2451 3517 2755 3578 sollicitu-

506 3605 709 3665 dinem
753 3601 953 3663 saciat.
1038 3601 1157 3660 Sed
1199 3609 1380 3681 poeta
1424 3601 1601 3662 aliam
1641 3602 1804 3663 viam
1846 3612 1939 3662 est
1979 3602 2297 3682 ingressus.
2384 3604 2470 3664 Ne
2523 3603 2759 3663 Aeneas

505 3691 701 3750 ullum
737 3688 801 3748 in
832 3685 927 3746 his
973 3686 1116 3747 locis
1162 3687 1498 3767 periculum
1539 3688 1748 3765 adeat,
1796 3688 2066 3748 mittitur
2105 3690 2438 3750 Mercurius
2481 3690 2560 3750 ad
2599 3690 2759 3749 Poe-

509 3794 726 3836 norum
761 3772 1125 3852 Didonisque
1155 3772 1428 3853 inprimis
1467 3775 1702 3834 animos
1737 3774 2004 3854 placidos
2043 3784 2106 3835 et
2149 3777 2441 3860 propitios
2483 3775 2759 3835 efficien-

509 3862 638 3922 dos.
733 3859 874 3934 Quo
917 3857 1113 3935 facto,
1157 3878 1297 3921 cum
1343 3868 1548 3920 tamen
1585 3858 1687 3920 vel
1725 3859 1811 3919 sic
1851 3860 2053 3920 Venus
2100 3861 2377 3936 haberet,
2435 3861 2602 3939 quod
2653 3861 2762 3922 Iu-

508 3947 685 4007 nonis
736 3944 876 4005 odia
932 3954 995 4005 et
1035 3945 1157 4005 iras
1210 3953 1533 4020 metueret,
1592 3945 1902 4025 Cupidinis
1959 3967 2103 4007 mox
2163 3949 2264 4007 ills
2321 3967 2502 4029 opera
2557 3948 2761 4007 utitur

511 4030 642 4114 (ins.
682 4034 809 4097 670
839 4034 1023 4108 sqq.),
1062 4040 1129 4091 ut
1175 4030 1423 4092 Didonis
1469 4031 1735 4102 animum
1772 4051 1975 4091 amore
2004 4033 2070 4092 in
2109 4033 2371 4094 Aeneam
2406 4033 2763 4107 inflammet,

511 4139 634 4198 quo
681 4116 880 4176 minus
913 4115 1014 4175 illa
1052 4116 1298 4177 Iunonis
1336 4114 1536 4194 aliquo
1578 4116 1816 4177 monitu
1849 4118 1916 4177 in
1955 4118 2193 4179 diversa
2229 4120 2474 4180 consilia
2503 4118 2764 4201 impulsa

510 4206 576 4266 in
616 4203 744 4264 eius
802 4201 1120 4280 perniciem
1165 4205 1486 4281 conspiret.
1570 4203 1806 4264 Interea
1861 4204 2048 4281 Iuno,
2107 4206 2255 4266 dum
2297 4204 2393 4265 his
2431 4205 2552 4265 iam
2593 4205 2769 4265 malis

513 4290 688 4349 aliter
731 4287 970 4348 occurri
1015 4309 1137 4349 non
1179 4306 1350 4367 posse
1391 4286 1564 4348 videt
1606 4284 1694 4370 (v.
1736 4288 1838 4365 IV,
1873 4294 1959 4356 90
1998 4291 2189 4375 sqq.),
2230 4291 2350 4352 hoc
2398 4291 2530 4372 ipso
2573 4291 2769 4353 Dido-

512 4377 606 4437 nis
648 4383 711 4434 et
753 4372 985 4434 Aeneae
1026 4392 1227 4434 amore
1270 4371 1349 4432 ad
1390 4373 1789 4438 avertendum
1830 4377 1907 4436 ab
1952 4377 2123 4438 Italia
2166 4377 2424 4440 Aeneam
2469 4386 2535 4438 et
2569 4378 2774 4440 inter-
