2882 5028
553 324 1173 403 AENmnos
1226 326 1439 402 Lm.
1494 325 1605 422 11,
1661 326 2103 407 575—586

204 516 556 594 Iliadum
592 511 828 589 turba
866 525 947 589 et
975 509 1326 611 Phrygiis
1359 512 1729 588 comitata
1753 512 2183 592 ministris?

2325 334 2478 409 349

2325 520 2479 599 580

206 618 627 698 Occiderit
656 614 877 692 ferro
912 616 1322 694 Priamus?
1426 616 1666 691 Troia
1701 617 1976 691 arserit
2007 617 2222 716 igni?
2291 651 2298 672 «

208 723 717 800 Dardanium
746 721 980 796 toties
1005 719 1305 796 sudarit
1344 720 1725 817 sanguine
1749 717 1984 796 litus?

203 833 393 905 Non
422 827 552 904 ita.
657 830 1061 925 Namque,
1100 824 1241 899 etsi
1268 823 1583 900 nullum
1612 822 2140 899 memorabile
2168 848 2478 904 nomen

206 931 604 1006 Feminea
639 929 720 1003 in
748 952 1013 1029 poena
1042 939 1160 1002 est
1187 951 1338 1003 nec
1372 926 1619 1002 habet
1649 926 1973 1003 victoria
2010 928 2356 1027 laudem,

198 1034 645 1110 Extinxisse
680 1027 905 1106 nefas
935 1044 1201 1106 tamen
1222 1090 1243 1127 ‚
1301 1043 1381 1106 et
1406 1029 1775 1107 sumsisse
1808 1033 2191 1108 merentis

2321 1039 2477 1117 585

200 1136 648 1214 Laudabor
676 1158 1019 1235 poenas;
1073 1136 1594 1235 animumque
1628 1133 1981 1235 explesse
2014 1136 2310 1213 iuvabit

225 1325 233 1332 “
336 1329 458 1383 580
492 1339 550 1378 es
579 1326 733 1378 deest
766 1325 1047 1378 nonnullis.

1185 1326 1286 1380 581
1314 1323 1480 1396 ferro
1504 1328 1761 1378 Priamus
1786 1327 1946 1380 Goth.
1976 1344 2080 1380 sec.
2123 1326 2288 1400 serto
2319 1341 2381 1380 ut
2410 1331 2475 1380 P.

197 1400 441 1478 Men-g..
483 1395 654 1467 serto
679 1398 901 1447 Priamo
928 1409 991 1447 ut
1034 1405 1144 1446 tres
1187 1396 1391 1458 Burm.‚
1444 1395 1574 1447 alius
1645 1434 1659 1448 .
1694 1398 1954 1449 Priamus
1991 1410 2073 1449 ut.
2142 1400 2274 1465 Beg.
2310 1397 2477 1469 ferro

194 1487 296 1539 pto
322 1472 568 1519 Pnamo
600 1478 663 1517 ae
699 1466 911 1516 Troico.
983 1464 1184 1516 Iuntina
1211 1483 1266 1516 a.
1288 1466 1455 1547 ign-is.

1664 1468 1701 1521 2
1735 1467 1967 1520 sudaret
1988 1467 2072 1518 vel
2113 1468 2312 1519 sudati
2344 1470 2475 1536 Reg.

197 1538 439 1590 sudavit
468 1536 539 1587 al.
571 1535 627 1586 in
653 1539 799 1586 Serv.
828 1536 959 1585 Dan.
1027 1536 1194 1585 Porro
1215 1535 1461 1585 Heinsius
1486 1545 1611 1604 post
1635 1535 1813 1588 Vales.
1851 1534 1990 1588 coni.
2025 1538 2282 1601 audatie,
2331 1538 2475 1606 quod

195 1608 349 1659 valde
394 1605 629 1658 arridet.
678 1604 776 1654 sed
821 1622 871 1654 v.
922 1612 1033 1654 not.
1080 1613 1136 1654 et
1175 1603 1439 1656 Drakenb.
1480 1604 1548 1656 ad
1589 1604 1683 1658 Sil.
1731 1606 1794 1666 11,
1825 1603 1946 1660 455.
2019 1607 2306 1658 Dardanio
2343 1624 2475 1658 unus

197 1676 440 1744 Guelph.
486 1674 542 1725 in
583 1675 706 1725 Exe.
757 1676 876 1724 Sax.
959 1672 1344 1725 Dardanidum
1399 1673 1549 1725 alius.

1702 1671 1808 1729 584
1853 1671 2018 1726 habet
2065 1675 2202 1726 haec
2252 1686 2476 1744 quatuor

200 1747 375 1798 θυι-ιη.
434 1754 493 1795 et
534 1748 684 1795 Serv.
726 1741 858 1794 Dan.
911 1759 1024 1793 cum
1067 1743 1233 1794 Goth.
1273 1760 1410 1808 sec.,
1464 1743 1648 1811 (etiam
1691 1747 1836 1795 Serv.
1880 1742 2067 1795 Dresd.
2124 1744 2269 1813 Wr.)
2321 1745 2474 1798 male.

193 1816 295 1870 585
330 1815 499 1867 tami
523 1824 581 1864 et
611 1831 656 1863 s.
686 1811 771 1864 ed.
794 1813 926 1864 Ven.
996 1824 1267 1863 merentes
1293 1812 1432 1864 alter
1458 1814 1665 1881 Menag.
1716 1830 1831 1864 cum
1857 1814 1965 1864 Ms.
1993 1812 2048 1863 in
2087 1817 2233 1865 Serv.
2262 1813 2390 1867 Dan.
2420 1824 2476 1866 et

196 1886 270 1966 sic
297 1883 543 1955 explieat
572 1883 835 1934 metentis
868 1878 1131 1932 Heinsius.
1200 1881 1481 1933 Enimvero
1515 1882 1636 1933 vide
1667 1899 1840 1933 annon
1875 1881 2025 1933 malis
2065 1900 2282 1953 poenas
2321 1902 2474 1936 sum-

198 1973 332 2006 sisse
389 1954 670 2004 merentis
713 1949 971 2019 exquisite

199 2025 333 2092 apud
368 2022 640 2088 Ambrog.
671 2030 726 2071 et
757 2019 812 2070 in
845 2024 988 2072 Serv.

1011 1966 1112 2069 Bm
1152 1970 1188 2002 a
1228 1964 1485 2003 metente.
1557 1951 1769 2019 (retinui
1804 1953 2092 2015 merentis,
2139 1952 2278 2021 quod
2315 1954 2476 2006 etiam

1060 2038 1104 2071 r.
1134 2029 1332 2079 exstat3
1370 2020 1447 2072 ita
1472 2030 1678 2086 tamen,
1715 2031 1774 2072 ut
1809 2021 2156 2074 accusativum
2198 2040 2314 2074 esse
2357 2035 2474 2077 sta-

203 2103 368 2155 tuam3
408 2093 634 2143 diversa
664 2088 800 2140 enim
824 2089 958 2140 haec
984 2098 1135 2140 sunt:
1174 2108 1388 2141 sumere
1411 2089 1480 2140 ab
1506 2092 1588 2142 ali
1622 2109 1691 2143 uo
1709 2130 1723 2156 ,
1754 2100 1808 2142 et
1831 2110 2043 2142 sumere
2074 2109 2185 2142 rem
2219 2093 2472 2147 alicuius.

204 2163 268 2213 Et
289 2179 552 2224 merens,
590 2158 797 2229 passive
867 2157 1056 2209 ositum
1076 2198 1092 2222 ,
1126 2159 1339 2278 antipeue
1381 2159 1489 2210 dici
1519 2160 1570 2210 vi
1610 2170 1753 2222 etur;
1798 2160 2039 2212 similiter
2064 2161 2309 2214 Laevium
2335 2164 2472 2216 Gell.

209 2231 358 2296 xlx,
384 2234 443 2286 7.
479 2229 722 2281 locutum
750 2246 777 2278 r
832 2238 916 2279 ert
939 2231 1089 2279 curis
1111 2231 1231 2279 into

1289 2227 1543 2280 rantibus
1563 2247 1668 2313 prq
1685 2230 2079 2291 incolet-andin
2117 2243 2169 2283 et
2195 2231 2270 2283 ita
2299 2233 2471 2286 Tacit.

212 2302 387 2353 Annal.
415 2301 506 2364 m,
536 2296 631 2352 45.
654 2315 667 2348 t
703 2335 736 2362 ‚,
756 2297 823 2349 in
840 2295 992 2349 tole
1008 2297 1238 2349 rautio
1258 2316 1285 2348 r
1310 2297 1534 2349 servitus
1560 2309 1745 2350 iterum
1776 2299 1976 2351 victis.“
2013 2297 2117 2351 vid.
2140 2300 2298 2352 etiam
2320 2304 2472 2355 Gro-

217 2386 329 2421 nov.
351 2372 476 2422 obs.
505 2371 550 2431 1,
584 2363 670 2422 14.
740 2368 816 2417 Ex
844 2366 951 2419 alio
981 2383 1175 2434 genere
1204 2376 1324 2419 sunt
1351 2380 1600 2433 vertens,
1635 2369 1896 2435 volvens,
1927 2371 2332 2440 praecipitans,
2368 2381 2471 2425 cet.

219 2441 484 2492 Met-entis
527 2436 818 2489 secuudum
852 2454 969 2487 esse
1005 2454 1176 2488 casum
1220 2434 1402 2488 volunt
1445 2436 1603 2489 etiam
1637 2439 1889 2490 Garaton.
1931 2438 1999 2490 ad
2035 2437 2138 2490 Cic.
2185 2444 2329 2493 Orat.
2369 2457 2470 2510 pro

215 2509 319 2562 Mil.
372 2530 440 2592 1³·-
484 2506 620 2564 248.
680 2506 766 2558 ed.
802 2505 965 2559 Orell.
1009 2517 1062 2557 et
1101 2505 1276 2559 Iacob.
1300 2505 1354 2558 in
1377 2509 1664 2580 Disqeu‘sit.
1708 2510 1862 2580 Vir-g.
1900 2509 1957 2561 Ρ.
1999 2510 2039 2562 l.
2081 2527 2135 2578 p.
2179 2510 2263 2565 14.
2315 2513 2465 2581 Wr.)

211 2581 306 2636 586
339 2597 594 2633 ammam
623 2579 960 2648 expressisse
986 2576 1070 2628 ed.
1099 2578 1233 2630 Ven.

223 2742 445 2817 ingiam
477 2782 498 2814 ,
583 2735 895 2813 coniugem
955 2734 1298 2814 pristinum.

228 2838 413 2900 paves
430 2867 448 2898 ,
519 2830 827 2903 parentes.
902 2820 1013 2896 (ut
1073 2842 1300 2880 soceros

235 2928 403 2988 supra
438 2929 521 2968 vs.
562 2906 744 2983 457.;
803 2906 929 2967 vid.
968 2906 1172 2966 Burm.
1220 2906 1297 2965 ad

234 2993 400 3054 Ovid.
440 2994 582 3053 Met.
629 2992 731 3069 IV,
771 2996 873 3056 61.
926 2992 1011 3052 sic
1052 2989 1302 3076 πατέρες

232 3078 270 3142 ἱ.
298 3101 352 3158 q.
390 3087 700 3159 parentes5
760 3076 886 3138 vid.
931 3078 1183 3139 Meinek.
1223 3078 1303 3138 ad

222 3165 585 3248 Euphorion.
622 3166 895 3243 Fragmm.
926 3184 1056 3244 pag.
1094 3169 1191 3230 10.
1221 3196 1303 3210 —-

213 3267 500 3332 natosqye
520 3274 545 3323 ;
566 3270 753 3309 unam
777 3250 1142 3310 Hermionen
1170 3250 1305 3309 Me-

209 3339 378 3399 nelao
404 3358 487 3396 ex
514 3337 744 3397 Helena
771 3344 978 3395 natam
1005 3355 1161 3411 esse,
1206 3336 1304 3395 as-

211 3425 412 3486 firmat
466 3423 651 3483 Hom.
699 3421 816 3481 Od.
858 3422 957 3495 lv,
1003 3426 1100 3510 12.
1137 3442 1302 3501 sqq.;

210 3511 313 3570 sed
352 3511 541 3569 etiam
589 3507 817 3581 filium,
874 3507 1301 3599 Nicostratum,

208 3596 478 3656 Menelao
511 3594 718 3666 fuisse,
764 3611 841 3651 ex
862 3592 1067 3652 eadem
1097 3613 1303 3654 susce-

204 3693 404 3765 ptum,
432 3681 737 3741 Hesiodus
763 3688 975 3738 auctor
1001 3690 1109 3755 est,
1139 3679 1301 3739 laud.

198 3792 233 3828 a
266 3769 614 3831 Scholiasta
664 3763 850 3845 Soph.
897 3764 1113 3825 Electr.
1155 3769 1301 3832 532.

195 3857 292 3920 ed.
323 3857 459 3918 Erf.
512 3848 695 3933 Wr.)
787 3850 1084 3932 Phrygiis
1114 3854 1302 3910 mim'-

192 3949 370 4020 stris,
445 3939 728 4002 Troianis
787 3937 1043 4017 captivis
1092 3937 1178 3997 illi
1237 3938 1301 3997 in

189 4031 519 4093 &vitium
557 4024 838 4085 addictis.
880 4022 1037 4103 (vid.
1076 4022 1152 4083 de
1184 4020 1311 4091 hoc,

184 4138 381 4180 versu
412 4116 485 4178 V.
518 4114 585 4174 L.
636 4113 747 4172 W
734 4106 822 4190 r.)
881 4109 1115 4168 sudarit
1151 4130 1299 4168 san·

179 4209 415 4284 gaiae,
476 4198 891 4261 madefactum
908 4238 926 4272 ,
977 4193 1303 4254 humecta-

180 4300 345 4351 tum.
431 4289 529 4349 Ex
557 4285 873 4347 Enniano:
913 4283 1094 4341 Terra
1120 4280 1302 4341 sudat

178 4379 496 4457 sanguine
519 4369 692 4455 apud
722 4366 991 4429 Nonium
1034 4366 1097 4427 in
1122 4386 1298 4428 sone-

1382 2758 1462 2797 re.
1553 2734 1961 2816 (Indignantes
2018 2756 2148 2796 rem
2198 2738 2471 2799 futuram

1381 2821 1594 2880 fut-uro
1623 2830 1887 2881 utuntur
1915 2831 1977 2881 et
2000 2823 2210 2882 futuro
2237 2834 2471 2901 exacto,

1383 2906 1469 2964 ita
1513 2916 1586 2965 ut
1625 2906 2072 2986 indignationis,
2134 2909 2344 2969 futuro
2388 2911 2473 2969 si·-

1381 2991 1725 3071 gnificatae,
1784 3014 2021 3054 causam
2054 2993 2264 3053 afferat
2298 2997 2471 3056 sutu-
2511 3038 2514 3047 ·

1384 3098 1526 3137 rum
1580 3088 1893 3156 exactum3
1955 3079 2078 3139 vid.
2135 3081 2235 3157 IV,
2295 3081 2474 3148 59o.:

1388 3168 1518 3223 Pro
1543 3166 1858 3244 Iuppiter!
1903 3165 2014 3225 ibit
2049 3168 2203 3243 Hic,
2251 3170 2366 3241 ait,
2416 3181 2473 3226 et

1385 3258 1599 3310 nosln‘s
1641 3253 1910 3310 halus-mit
1950 3252 2189 3311 advena
2220 3257 2422 3333 regnis
2438 3255 2476 3314 Ρ

1393 3338 1500 3397 W
1489 3333 1610 3418 ch.)
1673 3337 1809 3397 Alia
1831 3347 1976 3398 sunt
2002 3349 2281 3418 congesta
2307 3340 2470 3420 apud

1387 3422 1659 3483 Cerdam.

1475 3510 1598 3572 583
1617 3510 1858 3573 -587.
1891 3511 2039 3568 Non
2056 3513 2163 3586 ila,
2193 3502 2274 3574 ου’
2301 3511 2471 3591 δῆτα.

1386 3592 1579 3672 Vulgo
1603 3592 1763 3653 absit
1782 3593 1937 3652 hoc!
2026 3597 2467 3676 Nequaquam.

1382 3680 1622 3753 nullum
1659 3701 1737 3739 m.
1766 3700 2013 3755 nomen,
2064 3681 2228 3740 nulla
2265 3682 2472 3761 gloria.

1385 3777 1624 3843 tamen&
1640 3764 1967 3842 laudabor,
2041 3767 2207 3845 quod
2265 3768 2475 3827 extin-

1381 3850 1579 3909 xerim
1602 3850 1779 3929 nefas
1810 3849 1880 3911 h.
1899 3868 1950 3912 e.
1981 3853 2266 3913 nefariam
2299 3854 2474 3913 femi-

1385 3956 1529 3994 nam
1566 3934 1873 3997 Helenam.
1958 3939 2104 4003 586.
2162 3942 2475 3999 animum-

1386 4042 1505 4103 que
1577 4024 1840 4101 explesse
1918 4024 2152 4083 iuvabit
2229 4026 2475 4084 Ula-icis

1371 4109 1701 4187 flammae.
1809 4108 2056 4170 Duriter
2100 4110 2331 4170 dictum
2371 4110 2475 4171 vi-

1385 4192 1570 4254 detur
1600 4195 1676 4256 de
1703 4195 2028 4256 ulciscendi
2055 4196 2305 4272 ardore,
2348 4195 2477 4256 sive
2536 4208 2540 4213 ’

1381 4280 1591 4361 iungas
1618 4283 1897 4341 animum
1918 4283 2148 4341 ultricis
2162 4283 2475 4359 ffimnae

1380 4386 1529 4448 pro,
1571 4367 1874 4429 flammam
1900 4365 2112 4445 animi,
2148 4364 2475 4427 ulciscendi
