2882 5028
357 318 511 392 600

529 439 564 480 ὁ

836 311 918 385 Ρ.
971 308 1398 385 VIRGIL
1418 309 1510 383 11
1562 307 2111 386 MARONIS

358 504 905 595 Ductoresque
945 475 1107 591 alii,
1161 518 1365 594 quos
1398 490 1659 571 Africa
1684 504 1899 569 terra
1920 492 2343 594 triumphis

358 602 593 681 Dives
625 596 787 674 alit:
839 596 1236 697 placitone
1277 598 1512 673 etiam
1541 596 1928 696 pugnabis
1961 599 2268 675 amori?

358 708 527 782 Nec
551 702 767 777 venit
794 702 875 777 in
902 712 1264 776 mentem
1283 760 1303 796 ,

1358 724 1709 802 quorum
1739 699 2193 776 consederis
2223 699 2473 777 arvis?

360 809 564 883 Hinc
591 803 963 881 Gaetulae
984 803 1249 900 urbeS‚
1302 826 1554 901 genus
1586 803 2121 905 insuperabile
2146 802 2392 898 belle,

2497 813 2615 883 40

361 913 464 988 Et
484 906 878 985 Numidae
906 905 1198 982 infreni
1235 908 1599 1007 cingunt,
1666 920 1747 982 et
1780 906 2179 1007 inhospita
2212 906 2497 1005 Syrtis3

362 1012 567 1088 Hinc
597 1009 906 1087 deserta
934 1011 1056 1085 siti
1089 1011 1309 1109 regio
1330 1070 1351 1108 ‚
1400 1010 1718 1111 lateque
1753 1008 2117 1106 furentes

500 1237 572 1292 37
606 1236 747 1288 alios
773 1236 1028 1289 nette-ad.
1057 1253 1162 1289 sec.
1212 1233 1424 1304 Afftica
1449 1232 1626 1296 multi3
1662 1231 1785 1286 hine
1809 1235 2000 1286 Attica
2024 1235 2216 1286 Moret.
2248 1251 2353 1285 see.
2401 1234 2625 1284 trium-

335 1329 338 1332 ·
365 1305 510 1377 phos
535 1307 703 1369 Rom„
736 1306 889 1358 male.
957 1306 1223 1378 triumphi
1248 1307 1403 1356 dines
1440 1303 1671 1355 malebat
1699 1312 1753 1354 et
1796 1303 1883 1355 hic
1912 1304 2172 1355 Heinsius.

2307 1304 2376 1355 38
2415 1303 2630 1353 Plan·-

366 1375 510 1427 done
537 1385 755 1444 quatuor
780 1376 920 1442 apud
947 1377 1132 1426 Burm-
1158 1392 1273 1426 cum
1297 1373 1413 1424 aliis
1458 1391 1488 1424 a
1529 1373 1598 1424 ud
1624 1371 1846 1424 Pieriam
1865 1412 1879 1436 ‚
1934 1383 1989 1424 et
2019 1372 2272 1425 Rufiniau.
2310 1371 2377 1422 de
2405 1372 2629 1423 schem.

364 1441 468 1495 lex.
490 1463 545 1513 p.
575 1446 697 1507 251,
731 1445 825 1495 sed
853 1455 907 1495 ct
934 1445 979 1497 is
1007 1455 1150 1496 recte
1182 1443 1417 1514 praefert

367 1512 527 1596 dicet.
596 1532 740 1585 oppa
818 1512 936 1565 abis
957 1532 1060 1564 sec.
1083 1515 1277 1564 Mox-et.
1344 1514 1403 1562 In

366 1592 607 1635 retectus.

368 1650 516 1704 alias.

1478 1453 1749 1562 οῗῗιῖιῖἑη.
1790 1510 1877 1562 hic
1914 1529 2092 1563 versus
2136 1519 2262 1581 post
2294 1528 2343 1560 v.
2382 1509 2454 1563 41
2498 1521 2632 1562 erat

779 1584 813 1636 9
846 1589 958 1635 hon
994 1584 1148 1634 venit
1178 1580 1418 1633 Pan-has.
1439 1591 1494 1632 et
1526 1580 1689 1632 Goth.
1718 1597 1798 1648 pr.
1867 1582 2168 1633 considetis
2197 1579 2371 1642 multi,
2408 1590 2472 1628 ut
2497 1580 2637 1630 fere

653 1651 723 1705 40
754 1652 986 1703 Getulae
1026 1652 1079 1702 in
1136 1650 1400 1720 plerisque
1439 1649 1701 1700 scribitur.
1753 1667 1803 1701 v.
1846 1650 2002 1715 Pier„
2049 1650 2143 1700 sed
2171 1652 2260 1702 Gr.
2285 1648 2632 1702 Γαιτοῦλοι.

1728 1442 1870 1510 quod
1900 1453 1954 1494 et
1996 1445 2167 1494 Burm.
2213 1460 2276 1492 ex
2301 1458 2350 1492 v.
2387 1443 2464 1494 22
2490 1440 2630 1491 vin·-

365 1737 544 1792 genus
563 1718 910 1772 intractabile
932 1719 1072 1772 bello
1099 1721 1378 1783 Romanus,
1412 1719 1552 1769 forte
1583 1736 1647 1769 ex
1670 1719 1766 1769 lib.
1793 1720 1834 1784 I,
1867 1720 1990 1773 339.
2061 1717 2430 1788 insuperabile
2442 1716 2636 1787 serto

367 1805 498 1842 unns
525 1789 768 1840 Leidens.

871 1791 934 1842 41
973 1794 1058 1841 En
1085 1788 1158 1840 Ν.
1186 1789 1321 1840 alter
1351 1789 1535 1840 Hamb.
1584 1790 1729 1840 Hinc
1754 1788 1824 1839 N.
1858 1792 2003 1840 Serv.
2035 1788 2101 1839 ad
2138 1789 2211 1850 X,
2245 1789 2362 1842 750.
2414 1787 2643 1855 effreni

368 1859 554 1909 Hsmb.
580 1876 659 1925 pr.
695 1874 793 1925 pro
826 1875 931 1909 var.
960 1858 1083 1908 lect.
1154 1856 1365 1928 inferni
1391 1857 1612 1909 Vratisl.
1682 1858 1920 1925 Respicit
1945 1873 2147 1909 versum
2172 1855 2429 1908 Ausonius
2462 1857 2635 1907 Grat-

369 1936 471 1981 εστ.
499 1927 569 1980 ed
593 1927 827 1979 Gratiam.
851 1927 946 1985 sub
973 1927 1013 1979 f.
1035 1926 1368 1979 mirabamur
1388 1939 1623 2007 poetam!
1664 1929 1765 1996 qui
1787 1924 2038 2008 inlr-enos
2072 1928 2290 1978 dixerat
2320 1926 2639 1977 Numida-s.

370 1996 528 2061 Quod
563 1997 692 2048 Silio
731 1999 789 2061 1,
822 1998 927 2050 215
970 1997 1265 2060 Nomades,
1304 2014 1443 2066 gens
1482 2013 1659 2047 mecca
1691 1994 1866 2066 stem.
1924 1998 2014 2047 ubi
2053 2015 2101 2047 v.
2149 1998 2320 2076 intpp.
2390 1997 2643 2062 (Syrtes

367 2064 558 2117 Medic.
591 2068 674 2119 W
666 2064 732 2131 r.)

834 2067 904 2120 42
935 2067 1045 2116 situ
1075 2065 1242 2119 Wall.
1272 2077 1325 2116 et
1359 2066 1543 2117 Hamb.
1573 2083 1653 2134 pr.
1679 2083 1709 2115 a
1732 2083 1799 2117 m.
1827 2082 1933 2117 sec.

2031 2077 2241 2116 arentes
2270 2075 2374 2113 tres
2410 2064 2643 2126 Heius..

369 2143 432 2186 ut
454 2133 720 2202 iungatur,
766 2134 983 2204 lateque
999 2133 1250 2204 furentis
1278 2136 1513 2186 Barcaei
1537 2134 1668 2204 qaid
1695 2131 1868 2198 bella,
1916 2151 1973 2185 se
2044 2133 2209 2185 minus
2235 2133 2388 2183 bene.
2464 2133 2641 2185 late-

371 2220 475 2274 que
504 2215 772 2286 vagantes
802 2213 1026 2274 quatuor
1063 2205 1335 2256 Burmann.
1380 2212 1437 2255 ct
1480 2201 1557 2255 sic
1594 2202 1772 2260 laudat
1810 2203 2186 2272 ffieronymm:
2232 2219 2303 2253 sc.
2337 2219 2405 2252 ex
2444 2199 2646 2255 intes·-

369 2281 685 2340 pretatione.

370 2445 589 2505 ribus
632 2446 936 2507 Claususs‘
978 2447 1102 2507 vid.
1134 2448 1337 2507 Burm.
1364 2446 1447 2506 sd
1528 2447 1876 2528 simpliciter
1927 2446 2129 2506 sedem
2186 2455 2246 2505 et
2277 2445 2649 2509 habitatio-

372 2532 472 2607 ῙΠ,
495 2534 642 2597 503.
681 2535 911 2613 plenius
937 2534 1009 2609 V,
1054 2539 1181 2599 61.:
1227 2534 1447 2610 „Troia

369 2628 788 2697 generatus
835 2620 1150 2695 Acestes;“
1193 2619 1446 2694 addeX,

380 2702 546 2768 141.:
576 2704 882 2778 „Maeonia
911 2724 1286 2793 generose
1329 2705 1448 2765 do-

374 2792 541 2851 mo.“
605 2788 782 2872 Wr.)
827 2800 913 2837 -’-
976 2792 1057 2849 De
1099 2810 1169 2849 re
1214 2792 1289 2852 cs.
1340 2790 1446 2849 ins.

373 2878 518 2939 321.
577 2874 802 2958 Wch.)
901 2880 1002 2940 37.
1041 2875 1233 2935 Multa
1269 2876 1451 2955 igitur

373 2960 527 3019 bella
553 2960 627 3019 ab
654 2960 809 3020 Afris
846 2961 1096 3020 feliciter
1122 2971 1284 3041 gesta
1314 2962 1450 3021 fue-

372 3065 459 3105 re.
543 3047 821 3107 Declarat
843 3046 1192 3125 simpliciter
1216 3056 1452 3126 gentem

374 3131 728 3192 bellicosam.
832 3129 1113 3212 (videtur
1161 3152 1228 3190 ea
1286 3142 1453 3190 terra

376 3217 633 3295 antiquis
670 3217 1069 3295 temporibus,
1126 3227 1198 3276 ut
1236 3215 1454 3276 hodie-

376 3320 524 3381 que,
564 3302 732 3362 bellis
758 3301 919 3359 inter
948 3301 1174 3360 incolas
1219 3303 1455 3362 assidue

377 3388 612 3465 agitatis
677 3386 959 3446 infestata
1020 3396 1457 3468 proptereaque

380 3473 545 3532 dives
566 3471 887 3551 triumphis
917 3470 1076 3531 dicta
1103 3492 1243 3531 esse.
1276 3473 1455 3553 Wr.)

379 3569 532 3617 terra
574 3557 792 3637 Africa
832 3557 1103 3635 antique,
1157 3568 1231 3618 ut
1286 3574 1458 3639 saepe

379 3643 636 3718 Ennius,
693 3642 870 3719 Cato,
926 3644 1043 3704 alii.
1117 3641 1264 3726 (vid.
1297 3646 1452 3704 Enn.

379 3748 510 3809 pag.
544 3729 685 3794 188.
729 3727 822 3789 ed.
853 3728 1074 3788 Hessel.
1103 3730 1305 3810 ibique
1333 3732 1457 3790 Co·-

379 3815 570 3875 lumn.
622 3816 729 3876 W
717 3813 799 3896 r.)
877 3814 1179 3882 40—44.
1221 3818 1457 3877 Gaetu-

380 3902 480 3960 lae
506 3899 692 3974 urbes,
721 3900 798 3958 ad
825 3910 1119 3960 terrorem
1147 3901 1313 3961 urbes
1339 3922 1456 3982 po-

380 3986 534 4062 suit,
577 4006 716 4046 nam
747 3987 810 4045 in
846 3986 1176 4067 mapalibus
1216 3987 1458 4046 habits-

379 4071 548 4132 bant.
632 4073 724 4132 Ita
776 4073 945 4132 Serv.
1001 4074 1155 4131 cons.
1214 4073 1456 4132 Sallust.

381 4159 448 4218 B.
491 4158 536 4218 Ι.
578 4162 680 4225 21.
757 4156 967 4217 Melius
1019 4157 1177 4218 dices
1216 4168 1459 4238 poetam

383 4262 704 4315 commune
739 4242 920 4318 illud,
978 4251 1042 4301 et
1075 4242 1192 4301 iam
1230 4244 1459 4303 Home-

382 4330 605 4405 ricum,
641 4322 850 4402 πόλεις
879 4330 1250 4407 expressisse,
1292 4330 1460 4409 quod

1532 2554 1668 2594 nem
1719 2535 2008 2613 designat.
2090 2534 2482 2593 Homericum
2543 2546 2653 2595 est

1532 2640 1771 2699 quoque
1845 2620 1999 2679 illud
2072 2620 2241 2678 urbes
2273 2653 2341 2664 -
2368 2641 2646 2698 genu-sq

1532 2727 1672 2766 nam
1726 2707 1806 2780 is,
1854 2714 1916 2763 et
1972 2706 2097 2764 eius
2161 2705 2437 2784 exemplo
2505 2708 2647 2781 alii,

1534 2810 1707 2869 saepe
1733 2787 1938 2864 πόλεις
1983 2811 2094 2871 pro
2122 2790 2330 2849 ineolis
2360 2792 2469 2849 vel
2510 2813 2654 2872 po-

1506 2877 1724 2958 pulis,
1768 2886 1828 2936 et
1860 2876 1988 2935 vice
2017 2874 2189 2935 versa
2220 2876 2480 2955 populos
2514 2899 2653 2958 pro

1838 2962 1937 3021 vel
1988 2971 2151 3021 terra
2206 2971 2267 3020 et
2307 2962 2481 3020 urbe.
2570 2967 2654 3024 cf.

1535 3068 1667 3127 sup.
1694 3048 1797 3107 lib.
1832 3048 1877 3122 I,
1906 3051 2030 3113 389
2036 3049 2201 3120 fiaes
2223 3046 2465 3125 Libyci,
2512 3071 2657 3128 gt-

1534 3154 1647 3192 nus
1678 3142 1786 3192 ete.
1830 3135 2148 3192 Numidae
2173 3132 2410 3211 chyi-eni,
2448 3137 2657 3213 equis

1537 3218 1663 3277 sine
1693 3219 1911 3295 frenis3
1953 3238 2049 3278 res
2080 3227 2258 3278 nota:
2302 3217 2376 3276 de
2404 3239 2543 3296 qun
2568 3224 2657 3287 cf,

1539 3304 1748 3363 Corda.
1794 3306 1982 3382 Syrti-s
2010 3305 2119 3363 int.
2150 3303 2322 3362 Afros
2340 3305 2660 3383 Syrtium

1541 3390 1787 3449 accolas.
1842 3409 1974 3469 sup.
2017 3391 2063 3467 1,
2108 3390 2252 3454 539.
2296 3390 2425 3454 540
2451 3392 2661 3463 fines

1539 3475 1775 3554 Libyei,
1814 3494 2008 3553 genus
2036 3473 2413 3533 intractabile
2440 3475 2655 3539 bello.

1541 3558 1820 3640 (cingunt
1892 3581 1975 3619 sc.
2043 3560 2361 3639 imperium
2424 3569 2659 3627 tuum.

1540 3646 1668 3705 Liv.
1697 3645 1863 3720 XXI,
1906 3645 2037 3709 48.:
2094 3647 2661 3721 „Dea-onlnem-

1540 3752 1656 3811 que
1683 3732 1801 3789 duo
1832 3734 2031 3790 maria
2056 3731 2366 3793 claudunt.
2390 3734 2511 3793 W
2494 3736 2657 3818 ek.)

1540 3817 1769 3875 desena
1806 3818 1938 3893 sici,
2003 3815 2409 3876 inhabitabilis
2460 3823 2660 3881 rari·

1539 3910 1669 3960 tete
1698 3920 1904 3979 aquae.
1942 3905 2109 3963 Serv.
2174 3901 2486 3982 Significat
2519 3927 2661 3966 nu-

1540 3997 1660 4046 tem
1705 3991 1895 4063 Anna,
1953 4008 1987 4046 a
2032 3988 2195 4047 nulla
2234 3997 2410 4067 parte
2447 3993 2657 4067 quio—

1539 4093 1723 4152 quam
1752 4073 1960 4133 auxilii
2000 4095 2071 4134 sc
2099 4073 2385 4155 praesidii
2413 4075 2659 4138 Poeni.-

1541 4178 1714 4241 posse
1748 4159 1993 4238 sperari.
2054 4160 2176 4242 (vel
2209 4160 2442 4239 potius:
2505 4184 2655 4224 un-

1541 4245 1725 4323 dique
1749 4245 1905 4304 bella
1922 4247 2140 4306 minari
2158 4245 2436 4307 nationes
2451 4247 2655 4309 beili-

1540 4332 1871 4392 cosissimss
1899 4339 1962 4392 et
1987 4330 2398 4393 ferocissimas.
2435 4335 2650 4395 Woh.

1533 2963 1728 3021 insule
1745 3006 1762 3036 ,
