2882 5028
445 478 603 554 912
946 472 1026 548 P.
1083 469 1617 548 VIRGILII
1670 468 2221 548 MARONIS

449 655 1060 759 Conciliumque
1092 668 1318 733 vocat
1341 717 1362 753 ,
1417 658 1772 757 vitasque
1810 668 1892 731 et
1917 655 2242 731 crimina
2276 655 2531 733 discit.

445 762 811 837 Proxima
853 759 1146 836 deinde
1177 773 1462 838 tenent
1493 761 1770 835 maesti
1814 758 2027 856 loca,
2081 760 2214 860 qui
2256 759 2408 835 sihi
2457 758 2720 834 letum

445 868 812 968 Insontes
837 887 1230 966 peperere
1258 890 1540 962 manu,
1592 862 2024 964 lucemque
2048 863 2316 965 perosi
2569 867 2721 941 435

585 1036 693 1093 438
730 1037 1024 1090 Consilium
1059 1038 1198 1091 Gud.
1233 1057 1262 1090 a
1298 1056 1366 1089 m.
1399 1055 1484 1120 pr.
1523 1046 1579 1087 et
1612 989 1706 1089 siz.
1739 1053 1821 1118 pr.
1869 1045 1926 1086 et
1969 1045 2095 1087 tert.
2135 1034 2300 1088 Goth.
2367 1035 2539 1087 Levis
2591 1035 2723 1088 haee

447 1118 587 1159 esset
621 1108 929 1168 auctoritem
976 1108 1073 1159 sed
1108 1108 1362 1159 Asconius
1399 1124 1456 1158 m
1489 1112 1699 1174 Argum.
1748 1124 1802 1156 m
1847 1107 2003 1157 verr.
2051 1107 2118 1157 de
2168 1107 2342 1158 Praet.
2400 1105 2524 1157 urb.
2600 1106 2723 1170 „Aa

447 1180 593 1229 hanc
631 1176 1070 1240 similitudinem,
1105 1177 1306 1246 inquit,
1335 1189 1507 1247 poeta
1547 1175 1817 1242 Virgilius
1851 1177 2090 1227 Minoem
2110 1214 2124 1239 ,
2162 1175 2408 1227 iudicem-
2431 1177 2600 1245 apud
2633 1178 2720 1226 in-

434 1245 627 1319 feros,
664 1258 934 1314 tamquam
970 1248 1022 1297 ei
1046 1259 1277 1317 praecor
1311 1249 1384 1298 sit
1418 1264 1604 1297 rerum
1638 1244 1982 1315 capitalium,
2035 1244 2400 1307 Quaesitorem
2438 1246 2715 1315 appellat:

448 1317 547 1368 dat
581 1314 658 1367 ibi
692 1317 1060 1380 soru'tionem,
1112 1315 1205 1367 ubi
1236 1333 1415 1366 urnam
1448 1318 1722 1367 nominat:
1773 1313 1872 1364 dat
1919 1316 2232 1367 eleccionem
2277 1315 2568 1378 iudicum,
2606 1334 2720 1366 ca-

447 1385 606 1437 dicie:
644 1384 1029 1452 Consiliumque
1064 1394 1244 1444 vocatg
1280 1386 1380 1436 dae
1413 1386 1777 1455 cognitionem
1803 1381 2151 1453 facinorum,
2187 1401 2307 1434 cum
2340 1384 2513 1434 dicit:
2550 1383 2716 1435 vitas—

447 1471 550 1523 que
584 1463 638 1503 et
673 1453 885 1505 crimina
920 1454 1131 1506 discit.“
1204 1455 1389 1505 Cetera
1424 1455 1591 1514 bene3
1631 1469 1806 1502 verum
1843 1452 1898 1502 in
1935 1454 2227 1504 Consilium
2278 1465 2450 1504 vocae
2500 1465 2720 1521 arg-uta-

445 1533 535 1575 tur
566 1523 856 1585 Pedianus,
889 1540 1009 1574 nam
1045 1523 1245 1575 etiamsi
1280 1524 1346 1575 ud
1384 1522 1625 1574 editicios
1660 1521 1889 1584 iudices,
1936 1539 2068 1590 quos
2114 1532 2291 1572 certae
2337 1540 2569 1573 causae
2623 1524 2717 1573 ad-

445 1593 723 1644 mittebant
759 1593 846 1655 (cf.
881 1593 1057 1660 Sigon.
1098 1594 1164 1643 de
1201 1593 1361 1647 ludio.
1399 1595 1462 1655 11,
1501 1594 1607 1657 12),
1641 1592 1845 1642 referre
1879 1591 2042 1655 velis,
2097 1601 2272 1642 tamen
2320 1609 2426 1643 nee
2462 1602 2635 1660 poeta
2666 1593 2715 1642 ia

448 1662 637 1713 eodem
673 1661 869 1713 iudicio
905 1662 1236 1714 sortitionem
1276 1672 1330 1713 et
1364 1660 1670 1713 electionem
1704 1677 1992 1711 memorare
2027 1660 2228 1729 putuit,
2269 1671 2356 1725 et,
2394 1679 2519 1712 eum
2546 1663 2716 1712 siles·-

447 1745 561 1784 ειιηι
594 1732 880 1783 consilium
913 1730 1044 1782 illud
1081 1731 1185 1795 sit,
1220 1731 1417 1783 indices
1451 1729 1779 1798 intelligendi
1816 1739 1992 1780 essent
2026 1747 2088 1780 ex
2127 1730 2322 1780 umbris
2357 1730 2528 1790 lecti3
2580 1731 2716 1799 quod

446 1801 531 1852 vix
566 1811 762 1867 poetae
798 1801 851 1850 in
888 1801 1112 1852 animum
1149 1803 1325 1853 venire
1361 1803 1556 1869 potuit.
1630 1799 1767 1864 Quin
1815 1798 1991 1868 potius
2029 1800 2287 1850 silentum
2319 1801 2571 1852 concilia
2602 1812 2716 1852 suat

443 1870 603 1922 turba
639 1871 897 1935 forensia,
947 1871 1288 1940 inprimisque
1325 1888 1531 1934 eorum,
1583 1869 1650 1920 de
1686 1868 1875 1937 quibus
1922 1868 2158 1935 cognitio
2208 1868 2529 1928 habebitur;
2584 1870 2715 1921 unde

447 1940 738 1991 adiectum:
776 1941 1028 2009 vitasque
1061 1953 1115 1991 et
1149 1943 1376 1992 crimina
1411 1941 1589 1991 discit.
1624 1941 1752 1990 stat.
1789 1939 1925 2003 vm,
1961 1941 2028 1991 22
2064 1938 2130 1988 de
2163 1937 2429 1989 Plutone:
2474 1940 2714 2020 populu

442 2008 705 2082 poscebat
737 2012 965 2061 crimina
998 2013 1174 2072 v1‘eae3
1224 2020 1280 2061 et
1318 2011 1370 2061 iu
1408 2009 1585 2061 Colice
1620 2007 1725 2066 274
1773 2025 1875 2058 nec
1911 2005 2119 2078 faciles
2165 2009 2315 2059 Ditis
2359 2010 2489 2059 sine
2539 2009 2714 2060 tudine

445 2081 634 2140 sedes,
669 2079 889 2142 Iudice,
924 2082 1020 2147 qui
1052 2082 1202 2130 vitae
1229 2092 1361 2152 post
1396 2091 1619 2131 mortem
1653 2076 1899 2128 vindicat
1933 2088 2075 2128 acta.
2145 2078 2314 2143 (Haec
2361 2076 2441 2129 ita
2475 2078 2627 2130 intes·
2659 2095 2713 2129 se

442 2148 623 2199 iuncta
657 2163 765 2198 non
800 2159 1020 2216 possunt
1052 2165 1157 2199 non
1193 2148 1266 2200 ita
1303 2160 1356 2200 et
1388 2149 1499 2215 legi
1551 2158 1606 2198 et
1652 2145 1936 2213 explicari,
1984 2147 2423 2214 quemadmodum
2476 2147 2617 2214 leg-it
2659 2157 2713 2199 et

445 2216 673 2285 explicat
709 2217 958 2284 Heynius.
1028 2218 1306 2270 Asconium
1341 2219 1388 2270 si
1422 2216 1573 2287 sequi
1616 2216 1780 2280 velis,
1832 2214 2085 2283 scriptum
2119 2227 2434 2297 oporteret:
2483 2219 2591 2268 ille
2635 2220 2712 2268 si-

443 2286 653 2337 lentum
689 2287 984 2337 Consilium
1019 2301 1260 2350 vocae,
1298 2301 1365 2339 ee
1398 2289 1597 2339 vitas
1630 2306 1677 2337 e.
1722 2302 1767 2335 c.
1805 2285 1860 2335 d.
1930 2294 2029 2336 At:
2062 2289 2212 2336 Satin
2267 2303 2431 2337 nnus
2471 2297 2592 2351 est,
2625 2287 2712 2336 di-

441 2353 582 2406 xerit
615 2353 835 2421 aliquis,
874 2354 962 2418 qui
998 2355 1094 2406 tibi
1129 2355 1315 2406 melius
1349 2357 1579 2418 callere,
1625 2354 1751 2425 quid
1785 2354 1858 2405 sit
1903 2354 2178 2419 Latinum,
2226 2354 2504 2420 videaris,
2557 2374 2714 2425 quam

440 2421 734 2476 Asconius?
805 2424 1011 2492 Nempe
1045 2424 1132 2476 hic
1178 2425 1428 2478 facillime
1475 2425 1591 2478 falli
1637 2423 1841 2494 potuit,
1890 2433 2007 2475 toto
2054 2423 2156 2476 hoc
2207 2423 2330 2477 loco
2388 2425 2447 2476 in
2503 2425 2711 2494 singula

437 2493 672 2546 membra
708 2492 983 2562 discerpto
1005 2533 1020 2559 ,
1067 2494 1311 2565 neglecta
1338 2495 1713 2549 sententiarum
1748 2511 2018 2563 compage.
2055 2491 2199 2559 Wr.)
2268 2513 2376 2564 que
2408 2505 2542 2563 post
2569 2501 2714 2547 νέω

441 2564 595 2616 abest
628 2583 660 2615 a
709 2564 843 2615 binis
891 2566 1065 2617 Burm.
1204 2566 1307 2620 435
1357 2585 1609 2636 reperere
1659 2582 1737 2634 pr.
1787 2565 1978 2615 Mon-et.
2033 2573 2089 2615 et
2138 2563 2342 2616 zulich.
2394 2584 2429 2617 a
2479 2584 2555 2617 m.
2603 2584 2707 2617 see.

342 2640 359 2663 ⁸
439 2637 577 2686 Sane
614 2635 689 2685 sic
726 2644 778 2684 et
813 2633 956 2684 alibi.
993 2636 1133 2687 conf.
1170 2637 1340 2686 Burm.
1412 2636 1498 2687 Sic
1535 2651 1650 2701 sup.
1686 2635 1751 2696 11,
1790 2635 1891 2688 645
1927 2636 2046 2705 ipse
2077 2651 2242 2684 manu
2277 2648 2512 2687 mot-tem
2546 2638 2708 2687 mve-

440 2703 605 2755 niam.
676 2706 901 2767 Verum,
931 2702 976 2753 si
1012 2706 1087 2756 Io.
1128 2703 1410 2757 Schraderi
1453 2703 1754 2756 observatio
1789 2703 2086 2754 Emendatt.
2132 2720 2190 2772 p.
2238 2700 2311 2756 42
2355 2705 2537 2773 praef.
2587 2722 2704 2755 ven

442 2781 557 2836 est,
595 2773 673 2840 (et
703 2790 874 2824 veram
912 2790 1028 2824 esse
1062 2774 1190 2825 alibi
1231 2773 1599 2826 declarabitur.
1645 2773 1785 2839 Wr.)
1821 2785 2038 2824 metrum
2073 2782 2353 2841 repugnat,
2388 2792 2510 2826 cum
2543 2775 2702 2844 pri—

439 2841 495 2893 in
532 2860 784 2913 reperere
816 2841 976 2910 longa
1009 2843 1095 2894 sit.
1167 2844 1309 2895 Idem
1343 2843 1400 2894 in
1435 2842 1647 2896 schedis
1680 2843 1959 2909 epitheton
2005 2844 2257 2893 insontes
2287 2842 2528 2895 alienum
2562 2844 2694 2896 arb&

440 2922 604 2964 tmtus
635 2912 947 2964 emendabat
982 2911 1230 2982 Infando
1260 2913 1345 2965 vel
1378 2916 1626 2966 Inte-uta.
1696 2912 1789 2963 Cui
1825 2930 1932 2962 nou
1966 2911 2225 2963 accedam.

442 3050 724 3112 datorum
766 3053 1090 3114 sententiis.
1179 3053 1226 3112 Ε
1269 3073 1526 3132 sequen-

438 3138 599 3198 tibus
627 3139 784 3197 enim
827 3148 1107 3218 apparet,
1152 3152 1362 3198 sortem
1399 3161 1526 3200 non

439 3222 516 3282 de
555 3222 683 3302 ipsa
732 3226 1027 3284 sententia
1071 3225 1259 3304 accipi
1318 3245 1524 3306 posse5

447 3310 799 3387 Quaesitor,
851 3329 956 3370 seu
1002 3310 1187 3370 iudex
1221 3312 1524 3389 quaestio-

435 3394 562 3470 nis,
606 3403 679 3453 ut
707 3397 931 3455 Romae
955 3396 1019 3456 in
1050 3417 1257 3455 caussa
1284 3397 1523 3477 capitali

434 3489 715 3561 praetor,
760 3482 856 3540 cui
888 3500 954 3539 ea
993 3484 1256 3560 quaestio
1290 3484 1521 3561 obtigit,

434 3565 534 3625 vel
572 3567 656 3640 is,
718 3567 815 3626 cui
860 3567 960 3625 ille
998 3567 1292 3646 delegavit
1335 3589 1521 3647 quae-

434 3650 725 3728 stionem;
768 3653 1045 3713 adsident
1080 3654 1134 3712 ei
1168 3655 1395 3713 iudices
1420 3677 1520 3713 se-

433 3739 574 3798 lecti
587 3781 604 3810 ,
653 3738 756 3813 qui
799 3743 1095 3798 sortitione
1139 3743 1449 3799 nominum
1487 3759 1521 3799 e

435 3821 692 3884 decuriis
717 3844 752 3881 a
783 3823 979 3883 iudice
1019 3825 1381 3904 quaestionis
1424 3828 1520 3884 fa·-

434 3919 531 3968 cta
577 3929 816 3967 caussae
859 3911 1074 3988 cuique
1117 3911 1518 3991 contigerunt.

432 3993 592 4055 Hinc
621 3993 738 4054 hoc
781 3995 913 4055 loco
964 3996 1284 4075 Quaesitor
1323 4008 1521 4056 movet

430 4102 685 4155 uenam,
758 4082 1012 4141 sortitur
1074 4080 1328 4158 iudices3
1387 4092 1519 4142 tum

428 4166 576 4226 citat
602 4186 736 4227 reos
769 4167 849 4227 ad
872 4167 1161 4227 iudicium
1178 4212 1196 4243 ,
1239 4170 1520 4227 silentum

427 4255 750 4313 concilium
771 4266 947 4312 vocat
966 4298 985 4329 ‚
1032 4252 1358 4333 improprie
1401 4274 1517 4334 pro

425 4337 534 4412 iis,
580 4341 683 4415 qui
716 4338 812 4401 die
837 4338 1002 4399 dicto
1031 4339 1093 4399 in
1134 4338 1360 4398 iudicio
1402 4340 1518 4399 ad-

425 4439 549 4480 esse
579 4422 831 4501 debent,
876 4435 949 4485 ut
992 4425 1067 4484 de
1096 4425 1166 4483 iis
1193 4445 1516 4504 cognosca—

423 4514 564 4583 tur,
607 4511 879 4590 vitasque
911 4522 970 4570 et
1008 4513 1263 4571 crimimt
1307 4511 1509 4589 discit,

1611 3051 1817 3112 audita
1857 3054 2172 3132 utriusque
2193 3052 2392 3132 partis
2429 3055 2702 3114 oratione

1610 3139 1948 3217 ettestibus
1988 3139 2386 3218 interrogatis.
2479 3140 2570 3198 De
2603 3159 2699 3199 ce-

1608 3224 1753 3284 teris
1800 3225 1926 3284 vid.
1966 3227 2214 3284 Excurs.
2271 3224 2358 3283 x1
2402 3225 2489 3284 ud
2531 3224 2601 3286 h.
2645 3246 2702 3286 v.

1606 3310 1799 3370 Locus
1830 3309 1994 3370 haud
2022 3310 2205 3370 dubie
2227 3311 2394 3370 inter
2440 3330 2546 3372 eos
2586 3333 2702 3372 nu-

1604 3396 1959 3473 merandus,
2001 3397 2217 3475 quibus
2245 3406 2434 3475 poeta
2469 3397 2702 3457 Home·

1602 3502 1741 3541 rum
1775 3480 1862 3562 (v.
1891 3482 2106 3562 Odyss.
2143 3486 2198 3556 λ,
2228 3481 2385 3562 567)
2417 3502 2491 3543 eo
2533 3484 2704 3559 sicit,

1569 3614 1572 3619 .
1603 3567 1767 3647 quod
1796 3589 2047 3627 suorum
2092 3577 2439 3647 temporum
2467 3590 2700 3629 morem

1603 3653 1854 3713 carmini
1877 3654 2105 3714 intulit.
2190 3652 2536 3732 Claudiani,
2563 3658 2702 3715 Sta-

1603 3740 1673 3799 tii
1702 3748 1764 3798 et
1790 3742 2046 3799 Senecae
2088 3739 2266 3799 Herc.
2308 3740 2436 3799 fur.
2482 3741 2702 3802 obviae

1601 3835 1746 3884 sunt
1774 3826 2134 3886 imitationes
2169 3835 2229 3885 et
2262 3846 2299 3882 a
2323 3826 2528 3886 Ces-da
2585 3850 2699 3888 no-

1599 3920 1781 3972 tatae.

1686 3994 2076 4061 434—439.
2133 3995 2408 4078 Magnam
2452 3999 2536 4059 nd
2580 4001 2697 4060 mi·

1602 4082 1960 4142 serationem
1992 4082 2214 4142 extulit
2238 4094 2471 4144 sortem
2513 4088 2696 4145 mite-

1601 4188 1813 4228 rorum
1840 4213 1860 4248 ‚
1916 4169 2017 4248 qui
2072 4168 2184 4227 sibi
2237 4168 2350 4249 ipsi
2390 4171 2696 4233 violenta

1601 4274 1816 4314 manus
1877 4253 2177 4326 intulere,
2261 4254 2370 4315 sed
2432 4260 2694 4317 hasnum

1601 4340 1769 4400 nullo
1802 4341 2047 4400 crimine
2088 4339 2337 4419 polluti,
2380 4342 2490 4401 sed
2526 4345 2692 4404 vitae

1599 4425 1843 4504 taedi05
1941 4435 2190 4506 propter
2259 4446 2692 4488 aerumnarum

1598 4511 1848 4593 molem,
1892 4532 2010 4593 qua
2044 4530 2364 4594 oppressos
2409 4534 2476 4575 se
2513 4514 2694 4576 vide-
