2882 5028
430 319 576 393 196

420 504 542 577 Ne
596 521 753 599 qua

908 313 993 388 P.
1032 310 1568 388 Vl-RGlLll
1619 310 2176 387 MARONIS

782 499 981 574 scire
1013 495 1269 592 dolos,
1315 496 1729 572 mediusve
1762 521 2182 573 occurrere
2218 498 2504 597 possit;

425 607 553 678 Tu
580 599 868 677 faciem
903 601 1111 678 illius
1140 613 1468 676 noctem
1493 624 1664 675 non
1698 598 2039 701 amplius
2065 625 2311 676 unam

419 703 643 781 Falle
687 703 908 800 dole,
965 718 1044 781 et
1075 718 1311 780 notos
1344 705 1574 805 pueri
1612 728 1816 804 puer
1845 704 2089 780 indue
2123 704 2422 780 vultus:

422 812 552 904 Ut,
607 833 859 908 quum
896 821 975 884 te
1009 808 1317 907 gremio
1348 806 1690 907 adcipiet
1726 806 2143 882 laetissima
2186 806 2398 884 Dido
2444 834 2449 841 ·
2502 814 2692 886 *⁷685

421 911 736 1008 Regalis
768 912 978 988 inter
1007 935 1321 986 mensas
1355 910 1837 1011 laticemque
1867 914 2240 1008 Lyaeum,

424 1018 695 1109 Quum
727 1014 947 1091 dabit
980 1013 1386 1115 amplexus
1416 1027 1654 1114 atque
1688 1012 1955 1090 oscula
1989 1013 2246 1090 dulcia
2279 1012 2496 1113 figet,

424 1117 856 1196 Occultum
888 1118 1225 1219 inspires
1254 1118 1548 1216 ignem,
1603 1114 1987 1217 fallasque
2022 1142 2361 1194 veneno.

422 1225 656 1297 Paret
686 1226 936 1298 Amor
964 1222 1189 1298 dictis
1221 1244 1444 1297 carae
1474 1220 1931 1318 genetrici5‚
1988 1235 2069 1296 et
2099 1220 2256 1297 alas

418 1325 692 1422 Exuit,
748 1338 827 1401 et
855 1348 1128 1424 gressu
1153 1323 1509 1423 gaudens
1546 1323 1844 1398 incedit
1874 1324 2048 1404 Iuli.

2525 1329 2688 1404 690

421 1434 522 1504 At
552 1432 826 1507 Venus
855 1429 1189 1506 Ascanio
1223 1427 1613 1529 placidam
1636 1452 1792 1531 per
1821 1428 2190 1503 membra
2221 1427 2580 1529 quietem

556 1619 662 1673 682
695 1634 767 1668 ne
792 1619 917 1686 quis
938 1616 1089 1670 multi
1114 1636 1203 1686 ap.
1232 1620 1403 1670 Burm.
1455 1617 1635 1685 (etiam
1664 1617 1779 1669 Alb.
1825 1617 1966 1685 Wr.)

2047 1617 2362 1685 mediusque
2388 1615 2628 1668 Hambur
2669 1653 2684 1667 .

417 1686 569 1739 alter.
669 1687 775 1742 683
808 1689 985 1759 ipsius
1009 1706 1090 1757 pr.
1119 1689 1309 1755 Mox-et.
1413 1688 1520 1743 685
1542 1692 1618 1738 Ec
1645 1686 1809 1739 Goth.
1840 1696 1964 1739 tert.
2030 1699 2091 1737 ut
2120 1698 2177 1736 te
2197 1703 2319 1737 cum
2342 1703 2472 1736 uuna
2505 1686 2626 1737 Gne

417 1756 604 1824 pherb.
632 1755 686 1807 in
715 1759 840 1809 Sax.
863 1755 1072 1809 collect.
1142 1759 1378 1827 accipiat
1403 1774 1510 1808 sec.
1544 1758 1734 1808 moret.
1768 1756 1922 1808 male.

415 1827 564 1876 inter
588 1825 844 1878 Montalb.
947 1828 1053 1880 688
1094 1824 1159 1879 ob
1161 1846 1327 1878 sssss
1330 1845 1382 1877 m
1420 1826 1557 1877 alter
1593 1826 1879 1893 Hamburg.

2058 1757 2162 1810 686
2197 1756 2441 1825 Regale-5
2480 1754 2688 1825 epulas

1939 1822 2132 1895 sallus

2275 1843 2542 1875 venenum
2589 1824 2682 1876 ed.

414 1895 622 1957 venet„
655 1911 760 1947 non
779 1894 980 1946 infelici
1005 1912 1204 1947 errore.
1276 1897 1382 1951 690
1415 1909 1472 1947 ec
1492 1896 1655 1946 vultu
1680 1893 1858 1947 Schol.
1884 1898 2016 1946 Stat.
2043 1896 2088 1944 11
2114 1843 2292 1945 {lilith
2316 1896 2404 1949 96.
2469 1911 2678 1974 gressu

413 1963 680 2045 gradiens
699 1968 876 2046 Sprpt.
901 1982 932 2016 a
961 1983 1029 2016 m.
1067 1983 1149 2035 pr.
1218 1967 1443 2017 incessit
1481 1965 1703 2017 Dorviu.

415 2032 618 2102 aliquot
640 2050 726 2101 ap.
753 2034 891 2086 Pier.

1840 1966 1941 2021 691.
1977 1964 2245 2035 placitam
2280 1963 2507 2015 sollenm
2538 1962 2680 2014 vitio

415 2189 695 2271 Cytheris
731 2201 829 2263 (ut
860 2191 904 2268 1,
935 2192 1062 2263 295
1090 2192 1298 2250 sedem
1323 2212 1505 2269 super
1583 2193 1678 2251 rio
1708 2188 1801 2273 (11.
1831 2193 1890 2272 β,
1912 2189 2066 2272 549)
2110 2200 2219 2249 aut
2254 2187 2568 2250 Phaethon
2613 2190 2681 2249 in

414 2276 622 2355 arma)
638 2321 657 2351 ,
705 2286 796 2336 est
823 2297 938 2357 pro
976 2280 1079 2337 in.-
1122 2287 1196 2337 ut
1222 2274 1377 2360 ὑπὲρ
1412 2277 1500 2335 si-

413 2362 540 2421 mili
573 2362 754 2422 modo
787 2362 1016 2422 dictum
1046 2364 1331 2425 ocem-rit.
1386 2362 1501 2422 Ni-

413 2447 675 2513 sinclis
711 2447 791 2508 ad
831 2459 1066 2509 motum
1108 2450 1333 2509 referre
1350 2493 1367 2525 ,
1425 2458 1500 2508 ut

411 2534 599 2594 lateat
627 2535 796 2596 notio
828 2540 942 2599 τοῦ
972 2535 1297 2596 abductum
1318 2555 1499 2615 super

412 2618 677 2699 Cythera
711 2631 774 2681 et
810 2621 1088 2682 Idalium.
1145 2618 1351 2702 (cuper
1382 2641 1498 2701 pro

411 2709 478 2765 in
518 2714 579 2765 et
609 2707 702 2766 ad
727 2706 803 2767 de
826 2707 974 2767 locis
1003 2706 1335 2782 altioribus,
1361 2707 1499 2766 edi-

412 2792 699 2868 tioribus,
763 2792 932 2853 haud
974 2793 1354 2872 infrequens3
1413 2791 1499 2851 sic

409 2877 592 2938 Ovid.
619 2878 760 2939 Met.
789 2879 924 2955 XV,
953 2878 1122 2943 875.:
1153 2900 1374 2957 „super
1401 2878 1497 2937 al·-

409 2973 476 3022 ta
514 2965 792 3043 perennis
831 2965 1007 3024 Astra
1047 2964 1227 3025 ferar.
1242 2967 1279 2999 “
1345 2962 1494 3025 Aen.

409 3048 524 3123 vl,
570 3053 717 3115 203.
771 3050 916 3115 515.
960 3049 1089 3110 Liv.
1148 3049 1338 3125 xxI,
1401 3050 1495 3115 5.:

409 3135 660 3209 „castris
709 3153 941 3215 nuper
993 3135 1186 3215 ripam
1228 3133 1494 3214 positis.“

409 3218 633 3278 Contra
678 3218 755 3278 de
808 3219 1023 3279 humili
1073 3220 1238 3295 loco,
1296 3228 1369 3279 ut
1417 3219 1515 3280 de'

408 3303 708 3380 vallestub
740 3303 995 3366 dicitur:
1042 3305 1303 3380 Aemus„
1320 3304 1494 3371 244.:

410 3389 725 3466 „Vidimus
766 3390 1034 3451 obscuris
1063 3391 1319 3471 primam
1349 3412 1377 3449 a
1392 3410 1436 3450 ιι
1451 3391 1492 3451 b

407 3476 665 3536 vallibus
737 3477 968 3537 urbem.
986 3479 1024 3512 “
1110 3476 1240 3540 vid.
1313 3477 1493 3536 etiam

405 3561 549 3624 Not.
589 3562 672 3621 ad
708 3563 814 3623 Ge.
852 3563 941 3639 11,
990 3561 1133 3628 15⁷.
1185 3560 1369 3624 Bach.
1411 3562 1495 3623 ad

407 3647 625 3708 Tibun.
660 3648 734 3725 11,
770 3652 833 3724 8,
861 3653 965 3712 21.
1008 3647 1221 3729 Reisig.
1260 3647 1343 3708 ad
1368 3649 1494 3709 Oe-

407 3733 530 3813 dip.
557 3734 688 3798 Col.
721 3755 808 3794 ve.
837 3738 985 3799 666.
1039 3734 1139 3794 Sic
1170 3734 1347 3794 etiam
1375 3757 1495 3813 per

405 3839 519 3899 pro
550 3823 637 3895 in,
687 3819 763 3878 de
795 3819 930 3880 loco
973 3820 1191 3900 amplo,
1231 3830 1303 3881 ut
1340 3821 1490 3882 Aen.

405 3904 504 3978 vl,
534 3904 706 3970 743.=
751 3905 1010 3980 „exinde
1047 3925 1184 3987 per
1226 3908 1491 3987 emplum

402 3989 704 4050 Mittimur
743 3992 1069 4072 Elysium.“
1099 4025 1190 4040 —
1228 3996 1492 4071 sopitum

403 4097 609 4135 somno
653 4077 919 4137 illustrat
964 4077 1199 4138 Wakef.
1247 4078 1326 4137 nd
1362 4080 1490 4140 Lu-

405 4171 552 4223 eret.
585 4162 684 4238 IV,
716 4162 863 4229 455.
902 4166 1008 4224 W
996 4160 1070 4245 r.)
1114 4176 1357 4223 sacrata
1387 4186 1487 4224 se-

402 4250 477 4307 de
496 4293 514 4323 ,
563 4247 629 4313 ἐν
672 4248 922 4329 τεμένει.
992 4259 1062 4308 ut
1117 4247 1489 4311 Erechtheus

403 4334 644 4395 abditus
668 4344 802 4396 erat
836 4335 901 4395 iu
936 4333 1244 4397 Minervae
1281 4356 1486 4396 sacra-

1587 2277 1833 2336 Veneris
1927 2276 2152 2357 templo
2248 2297 2338 2356 ap.
2427 2275 2680 2335 Hesiod.

1586 2362 1806 2443 Tbeog.
1837 2366 1983 2428 990.
2071 2366 2215 2428 682.
2256 2384 2330 2421 ne
2370 2384 2519 2441 qua,
2561 2382 2680 2421 rn-

1584 2449 1747 2509 tione
1794 2468 1866 2507 ac
1908 2449 2037 2525 νίας
2089 2450 2238 2507 scire
2281 2468 2393 2528 pro
2446 2447 2680 2507 rescire

1587 2535 1834 2595 dictum.
1918 2535 2153 2593 medius
2210 2555 2538 2607 ocean-ere,
2608 2535 2679 2595 in

1582 2620 1782 2680 medio
1820 2622 2093 2699 negotio,
2139 2639 2270 2700 sup.
2305 2619 2430 2684 348
2499 2621 2677 2696 Quos

1581 2709 1735 2764 inter
1772 2707 2005 2766 medius
2044 2709 2206 2765 venit
2229 2705 2435 2784 sumt.
2513 2703 2578 2764 h.
2632 2706 2675 2766 l.

1583 2791 1658 2850 de
1697 2811 1788 2868 eo,
1831 2792 1936 2877 qui
1962 2790 2452 2871 impedimentum
2476 2790 2676 2851 effert.

1581 2880 1726 2942 683.
1751 2878 1995 2957 faciem
2016 2877 2211 2956 salle,
2261 2876 2533 2951 mentire,
2582 2878 2673 2936 si-

1580 2963 1775 3040 mula,
1824 2963 2034 3023 falsam
2074 2961 2309 3022 exhibe.

1578 3068 1740 3113 man.
1772 3049 1980 3127 facies
2010 3069 2123 3130 pro
2153 3057 2287 3107 toto
2318 3068 2573 3128 corpore
2610 3058 2675 3108 et

1544 3187 1550 3192 .
1578 3132 1810 3195 habitu.
1854 3154 1913 3194 v.
1943 3132 2005 3196 h.
2037 3134 2076 3194 l.
2103 3135 2309 3203 Burm.
2339 3136 2411 3194 cs.
2436 3137 2672 3202 v.658.

1576 3232 1746 3279 notos
1798 3221 2036 3294 valum,
2098 3239 2175 3279 ex
2221 3240 2389 3281 more
2448 3232 2670 3300 poeta-

1576 3324 1747 3381 rum,
1794 3305 1869 3365 de
1902 3306 2078 3366 vultu
2115 3306 2403 3385 cuiusque
2432 3328 2565 3382 suo,
2596 3327 2668 3366 ac

1574 3391 1841 3471 proprio.
1932 3394 2076 3456 686.
2115 3394 2358 3451 laticem
2383 3395 2669 3472 Lyaeum

1574 3496 1690 3556 pro
1734 3476 1998 3557 vulgari:
2055 3477 2221 3537 latex
2260 3478 2457 3558 Lyaei.
2544 3477 2669 3538 Sed

1574 3572 1895 3642 poetarum
1965 3583 2133 3622 more
2208 3584 2320 3644 pro
2381 3564 2669 3624 derivato

1576 3647 1907 3725 adjectivo,
1951 3650 2117 3708 latex
2150 3651 2443 3729 Iffaeim,
2495 3651 2666 3729 quod

1574 3734 1772 3813 ipsum
1799 3734 1907 3795 vix
1950 3754 2097 3794 usus
2140 3735 2345 3812 ferret,
2387 3737 2668 3815 ponitur.

1578 3822 1722 3884 688.
1794 3822 2045 3898 inspires
2118 3824 2358 3899 ignem,
2459 3843 2670 3882 nonne

1572 3905 1777 3985 paullo
1821 3905 2035 3966 durius
2086 3905 2249 3966 hoc?
2292 3916 2354 3966 et
2390 3907 2669 3987 iungitur

1576 3991 1758 4050 etiam
1804 4012 1963 4053 nova
2011 3992 2103 4051 rei
2144 3992 2369 4072 imago:
2408 3994 2668 4072 sallas-

1574 4098 1690 4158 que
1724 4099 1974 4154 venenO,
2028 4077 2090 4138 h.
2131 4098 2180 4137 e.
2210 4099 2344 4159 per
2386 4078 2667 4140 fraudem

1572 4182 1873 4223 venenum
1900 4163 1953 4222 ei
1978 4163 2245 4225 instilles.
2331 4165 2518 4240 Quod
2546 4186 2667 4225 au-

1572 4257 1694 4310 tem
1729 4248 1849 4310 hoc
1893 4249 1978 4309 ita
2022 4249 2287 4310 adstruit
2330 4262 2544 4332 poeta,
2586 4261 2670 4312 nt

1570 4334 1863 4397 Didonem
1900 4338 2056 4397 inter
2086 4336 2347 4399 convivii
2386 4336 2670 4398 hilarita-
