2882 5028
612 355 1217 432 AENEIDOS
1269 355 1482 429 LIB.
1532 355 1666 450 IV,
1720 361 2161 434 688--699

2371 363 2515 435 711

268 538 801 642 Difficilisque
838 541 1132 637 obitus,
1176 541 1368 616 Iri-m
1404 539 1723 616 demisit
1761 540 2136 643 Olympo,

273 649 524 741 Quae·
559 643 996 721 luctantem
1054 645 1399 720 animam
1456 666 1862 746 nexosque
1912 645 2347 724 resolveret
2395 672 2517 724 ar-

1435 760 1583 824 tus.
2364 754 2517 831 695

267 854 517 944 Nam,
575 851 758 969 quia
797 875 948 927 nec
981 849 1189 946 fato,
1240 851 1523 926 merita
1546 872 1701 926 nec
1733 865 1999 929 morte
2028 851 2360 953 peribat,

273 951 442 1028 Sed
486 953 771 1030 misera
818 967 1002 1031 ante
1043 954 1299 1045 diem,
1351 954 1782 1055 subitoque
1833 955 2166 1033 adcensa
2215 954 2555 1051 furores

265 1055 663 1135 Nondum
702 1055 812 1135 illi
859 1055 1154 1134 flavum
1185 1058 1662 1158 Proserpina
1686 1060 1981 1138 vertice
2032 1060 2336 1137 crinem

267 1157 758 1260 Abstulerat,
815 1161 1244 1263 Stygioque
1292 1173 1525 1264 caput
1566 1159 2074 1239 damnaverat
2121 1164 2357 1242 Orco.

410 1331 516 1388 694
566 1330 964 1415 Difficilemque
1012 1330 1099 1386 obi
1098 1346 1213 1386 tum
1251 1331 1394 1385 Zulir
1382 1331 1453 1386 b.
1521 1332 1655 1386 d1m1'
1653 1335 1725 1386 sie
1771 1333 1927 1404 vulgo
1955 1333 2222 1405 scriptum.
2290 1334 2515 1388 diadem

260 1402 457 1454 franc.
523 1405 750 1455 remissae
776 1405 876 1455 Par
876 1404 1017 1455 r.has
1088 1403 1157 1455 ab
1181 1404 1297 1456 aleo
1321 1403 1447 1473 quin
1485 1419 1549 1453 ne
1583 1422 1650 1472 ap
1655 1405 1984 1456 ..Burmann

2122 1404 2228 1460 695
2276 1407 2512 1457 animum

258 1480 393 1523 tert.
420 1472 671 1524 Rottend.
739 1474 955 1525 resolve
958 1485 1048 1524 rat
1077 1477 1110 1525 S
1152 1482 1253 1526 rot.
1286 1482 1341 1523 et
1365 1474 1470 1523 W‘a
1493 1473 1530 1527 l.
1602 1422 1822 1525 absolve
1825 1485 1911 1525 ret
1930 1472 2083 1526 Leid.
2120 1484 2174 1525 et
2213 1473 2321 1525 Erf.
2389 1474 2451 1525 di
2428 1493 2510 1525 15-

261 1540 427 1593 eolve
428 1553 513 1592 ret
564 1541 746 1595 Franc-
899 1544 1003 1598 698

260 1609 441 1663 Goth.
474 1628 579 1663 sec.

259 1731 419 1791 lium
460 1731 588 1805 alii,
634 1753 665 1789 a
713 1733 904 1792 Cerda
944 1735 1062 1794 iam
1101 1733 1350 1809 laudati,

260 1816 499 1876 Statius
533 1816 586 1876 11
627 1818 774 1880 Silv.
816 1819 861 1893 1,
913 1819 1052 1884 147.
1093 1819 1351 1878 Martial.

259 1901 349 1962 111
396 1902 576 1982 epigr.
617 1904 718 1966 48.
818 1904 990 1964 Adde
1049 1903 1263 1967 Horat.
1320 1904 1350 1964 1

258 1988 464 2047 carm.
491 1991 593 2061 28,
628 1992 721 2052 19.
748 1993 848 2053 20.
920 1991 1080 2049 Orco
1120 1987 1346 2069 (Θάνα-

258 2097 374 2135 τον
397 2073 682 2155 appellat)
712 2074 830 2133 iam
862 2086 1001 2135 ante
1040 2076 1197 2134 idem
1232 2077 1344 2135 tri-

257 2159 483 2218 buerat
508 2158 822 2239 Euripides
874 2161 936 2219 in
974 2162 1109 2221 loco
1148 2162 1265 2220 iam
1310 2181 1345 2219 a

259 2245 570 2303 Macrobio
595 2245 667 2319 V,
710 2250 788 2310 19
832 2257 1075 2322 notato,
1130 2247 1346 2308 Alcest.

258 2329 447 2395 74-
475 2334 575 2394 77.
627 2328 727 2410 (ex
773 2351 889 2410 qua
932 2333 1133 2392 sabula
1171 2333 1348 2413 plura

205 2453 214 2457 —
260 2416 342 2475 ad
368 2414 578 2474 Mortis
598 2416 909 2495 imaginem
929 2419 1348 2478 illustrandam

257 2501 390 2582 peti
417 2510 686 2581 possunt.
775 2502 921 2562 Vide
947 2526 1005 2564 v.
1031 2508 1175 2568 261.
1204 2503 1349 2569 488.

261 2587 410 2652 844.
431 2586 615 2653 1140.
637 2587 995 2669 1141.)add.
1015 2589 1348 2651 Hemsterh.

259 2675 340 2732 ad
368 2674 606 2732 Lucian.
634 2673 701 2732 Τ.
743 2674 788 2749 1,
827 2696 887 2754 p.
929 2677 1072 2740 512.
1158 2676 1348 2736 Iuno-

257 2779 402 2818 nem
447 2757 561 2816 hac
596 2758 671 2816 de
711 2779 777 2818 re
828 2760 1139 2820 sollicitam
1202 2781 1344 2837 esse,

257 2844 349 2903 nil
380 2844 628 2920 mirum,
687 2864 822 2903 cum
872 2865 941 2904 ea
988 2846 1232 2906 Didonis
1282 2856 1344 2905 et

256 2931 602 2990 Poenorum
658 2950 925 2990 caussam
977 2932 1343 3012 suscepisset.

255 3016 438 3076 Unde
463 3035 607 3075 vero
636 3014 753 3074 boc
778 3017 1039 3075 dicemus
1065 3018 1344 3096 petitum,

256 3101 431 3181 quod
488 3105 666 3160 crinis
725 3101 1152 3161 abschvdilur?
1221 3123 1345 3162 non

258 3188 423 3246 enim
453 3186 595 3244 satis
621 3196 711 3244 est
736 3207 869 3245 cum
897 3187 1199 3247 Macrobio
1235 3190 1276 3251 l.
1304 3188 1343 3247 l.

258 3272 496 3347 dicere,
542 3292 617 3330 ex
664 3272 949 3351 Euripide
988 3272 1114 3333 Alc.
1154 3274 1236 3338 75
1282 3273 1346 3332 id

258 3358 513 3418 ductum
556 3377 695 3416 esse.
753 3359 830 3426 &E
883 3378 948 3417 re
987 3379 1153 3418 sacra
1193 3369 1344 3438 puto

258 3445 549 3520 ductum3
592 3463 729 3502 nam
759 3443 1000 3502 victima
1027 3463 1344 3504 consecra-

260 3540 373 3590 tur
402 3529 554 3605 deo,
596 3528 728 3607 pilis
771 3531 835 3587 in
876 3529 1076 3589 fronte
1126 3528 1345 3590 evulsis

256 3626 322 3675 et
351 3615 411 3674 in
442 3615 634 3695 ignem
658 3613 887 3673 iniectis
933 3611 1030 3695 (cs.
1061 3636 1118 3676 v.
1153 3636 1203 3675 c.
1236 3616 1342 3675 inf.

257 3700 547 3778 V1,245;
602 3709 694 3758 est
736 3699 799 3759 id
841 3700 1083 3780 proprie
1121 3725 1342 3780 καταρ-

253 3746 541 3870 χεᾶθαιῂ
577 3785 650 3843 ab
678 3784 795 3844 hoc
821 3796 1125 3845 momento
1163 3786 1342 3846 victi-

253 3894 358 3934 ma
390 3872 501 3932 deo
541 3871 704 3931 dicta
753 3880 814 3928 et
856 3892 1039 3931 sacra.
1139 3871 1343 3950 ltaque

254 3969 324 4019 et.
372 3958 461 4035 is,
521 3956 626 4036 qui
665 3957 956 4032 moritur,
1017 3956 1182 4016 crine
1232 3958 1343 4017 ab-

252 4044 474 4118 scisso,
550 4042 663 4101 diis
725 4042 963 4122 inseris,
1039 4052 1341 4122 tamquam

253 4131 505 4191 victima
530 4172 547 4203 ,
602 4137 986 4187 consecratur
1011 4171 1027 4202 ‚
1095 4128 1340 4208 Iovique

253 4218 451 4276 insero
507 4233 672 4272 sacer
726 4222 832 4273 est.
938 4213 1197 4273 Ornavit
1256 4214 1339 4273 sie

247 4310 430 4384 poeta
462 4300 707 4377 vulgare
750 4298 928 4358 illud:
972 4297 1112 4376 quia
1155 4300 1337 4359 morti

249 4387 423 4450 haud
455 4395 697 4445 matura
727 4392 887 4460 erat,
931 4402 1102 4464 aegre
1139 4385 1335 4445 anima

1121 1543 1310 1595 eodum
1359 1542 1495 1594 Gud.
1546 1560 1661 1595 cum
1729 1553 1952 1614 quatuor
2016 1541 2133 1596 eliis
2201 1542 2380 1595 noim.
2457 1553 2512 1595 et

1434 1754 1470 1792 a
1496 1754 1747 1815 corpore
1780 1736 2048 1795 seiuncta
2070 1742 2177 1793 est.
2243 1734 2358 1792 Res
2389 1733 2510 1792 ita-

1434 1839 1549 1898 que
1591 1816 1855 1881 numinis
1897 1821 2249 1881 interventu
2287 1818 2508 1898 egebat.

1432 1906 1767 1966 Imitatione
1778 1907 2065 1987 expressit
2081 1905 2309 1963 Statius
2322 1902 2508 1963 Theb.

1433 1990 1583 2068 vm,
1612 1996 1651 2056 9
1697 1995 1977 2053 Necdum
2002 1993 2176 2050 illum
2207 2002 2316 2048 aut
2340 2002 2511 2047 inm-

1429 2098 1506 2135 ca
1563 2079 1921 2137 lustraverat
1971 2077 2149 2136 obvia
2192 2088 2334 2134 taxo
2373 2076 2509 2133 Eu-

1428 2167 1618 2221 menis
1652 2207 1670 2238 ,
1750 2176 1857 2223 aut
1904 2164 2097 2243 jur-vo
2150 2163 2509 2241 Proserpina

1418 2261 1595 2326 poste
1640 2261 1881 2309 notarat
1941 2246 2212 2308 Coetibus
2262 2246 2509 2305 adsum-

1431 2346 1559 2392 tum
1577 2333 1807 2411 sta-vis.
1898 2333 2230 2394 Revocavit
2256 2332 2355 2390 ille
2382 2351 2509 2390 rem

1430 2414 1510 2477 dd
1551 2419 1965 2479 lustrationem
2009 2429 2070 2478 et
2109 2418 2508 2497 expiationem

1432 2504 1692 2564 Umbrae
1720 2550 1740 2580 ,
1794 2514 1929 2566 tum
1995 2504 2074 2565 ad
2128 2502 2393 2565 tabulam
2442 2501 2507 2561 in

1433 2591 1586 2651 atrio
1625 2592 1894 2651 Plutonis
1935 2591 2334 2670 propositam,
2390 2608 2508 2666 qua

1428 2677 1901 2737 inscriberentur
1927 2676 2210 2736 defuncti.

1516 2766 1640 2827 698
1667 2796 1755 2809 —
1781 2763 1923 2827 695.
1979 2762 2239 2820 dolorem
2267 2804 2285 2835 ,
2352 2752 2502 2839 ἆγω-
2526 2842 2529 2845 Δ

1428 2847 1586 2909 νίαν.
1684 2860 1850 2906 artus·
1915 2867 2093 2905 nexos
2129 2890 2148 2920 ,
2189 2922 2195 2930 .
2240 2843 2505 2922 corporis

1427 2952 1567 2992 cum
1594 2932 1792 2991 anima
1836 2951 2092 3007 nexum,
2135 2931 2283 2989 bene
2316 2927 2506 2988 Cerda

1426 3016 1614 3093 vidit,
1657 3038 1692 3076 a
1730 3017 2022 3097 palaestra
2063 3026 2127 3075 et
2165 3016 2330 3075 lucta
2381 3033 2505 3072 esse

1428 3104 1702 3182 petitum.
1790 3104 2020 3182 Corpus
2049 3101 2215 3180 quasi
2240 3099 2506 3180 implicat

1428 3198 1491 3247 et
1533 3188 1995 3266 circumstringit
2052 3187 2309 3246 animam
2341 3230 2358 3261 ‚
2427 3204 2504 3244 ne

1430 3274 1583 3333 elabi
1644 3275 1745 3333 illa
1793 3273 1997 3354 possit.
2107 3271 2505 3353 (Obversatur

1428 3369 1642 3440 poetae
1694 3359 2001 3419 Lucretius
2060 3357 2140 3433 ll,
2205 3356 2329 3421 948
2385 3375 2503 3434 sq.:

1427 3445 1669 3522 „Donec
1710 3444 1984 3504 materies
2006 3487 2023 3518 ,
2080 3443 2305 3501 omneis
2353 3462 2503 3501 con-

1430 3551 1600 3590 cussa
1629 3549 1737 3611 per
1766 3539 1952 3605 artus,
1995 3528 2239 3588 Vitaleis
2273 3528 2505 3586 animae

1429 3615 1672 3675 nodos
1734 3635 1766 3674 e
1812 3633 2063 3696 corpore
2104 3613 2342 3699 solvitff
2401 3613 2505 3671 ubi

1426 3700 1550 3760 vid.
1596 3701 1826 3761 Wakes.
1874 3699 2031 3761 adde
2072 3698 2376 3778 Spalding.
2423 3697 2504 3757 ad

1427 3785 1683 3862 Quintil.
1711 3787 1782 3862 11,
1814 3791 1873 3860 9,
1910 3789 2006 3851 18.
2056 3781 2233 3866 Wr.)

1514 3876 1898 3937 696—699.
1955 3867 2090 3931 vid.
2139 3869 2217 3928 ad
2258 3888 2317 3929 v.
2357 3873 2500 3933 698.

1425 3960 1637 4016 metita
1664 3979 1771 4016 nee
1797 3968 1978 4016 morte
1996 4000 2014 4033 ‚
2063 3954 2228 4014 nullo
2257 3954 2502 4012 immani

1425 4043 1671 4103 crimine
1740 4042 2068 4104 commisso.
2138 4043 2305 4099 Serv.
2363 4058 2498 4117 opp.

1423 4128 1617 4188 subito
1657 4149 1911 4188 aceensa
1932 4128 2187 4206 surore;
2244 4124 2336 4182 uti
2380 4144 2500 4180 non

1413 4215 1555 4292 fato
1614 4222 1673 4271 et
1732 4226 1870 4273 ante
1927 4215 2124 4285 diem,
2158 4206 2500 4313 η,ὑπέρμορα

1421 4299 1587 4360 [liad-
1611 4301 1671 4379 β,
1703 4299 1843 4364 155.
1887 4294 2033 4377 ὑπὲρ
2075 4299 2294 4375 μοῖραν
2328 4291 2494 4356 Iliad

1422 4388 1471 4461 ζ,
1496 4383 1640 4450 488.
1667 4408 1726 4462 v,
1754 4387 1897 4450 886.
1932 4381 2088 4441 conf.
2116 4377 2306 4437 Guell.
2367 4379 2496 4437 Ac-
