2882 5028
610 307 746 381 DE
802 305 1277 381 CARMINE
1327 303 1642 380 EPICO
1700 305 2072 382 VIRGIL.
2423 316 2470 385 9

236 498 606 587 adver-tan
658 492 743 568 id
775 489 1005 593 quod
1054 490 1223 565 sine
1268 489 1807 590 indignatione
1857 504 1937 565 et
1982 494 2475 591 poenitentia

228 593 467 695 aliqua
502 597 716 689 eiuS,
772 596 912 695 qui
946 593 1048 670 ad
1079 619 1162 669 se
1197 595 1465 687 rediit,
1520 591 1695 668 fieri
1727 619 1896 670 non
1928 609 2211 695 potest.
2270 597 2473 674 Hinc

225 723 264 772 a
302 699 481 772 viris
543 698 802 774 doctis
851 698 1106 774 multa
1150 696 1537 798 disputata
1575 711 1762 772 sunt
1813 705 1908 774 de
1940 704 2477 798 probabilitate

190 866 198 873 .
211 808 503 901 poetica
557 832 651 878 ac
698 809 1034 900 mythica
1063 817 1135 877 et
1170 808 1266 876 de
1289 807 1947 889 verisimilitudine,
2005 799 2244 903 quain
2276 829 2476 905 poe-

220 917 291 979 ta
314 906 600 981 sectari
652 905 936 998 debet,
1005 905 1141 1005 qui
1177 929 1345 979 non
1382 906 1549 1004 ipse
1583 904 1750 979 vult
1787 929 1924 981 sua
1978 918 2142 981 acta
2180 909 2477 984 rescin-

221 1007 427 1087 dere.
548 1009 910 1103 Omnino
962 1007 1063 1084 ad
1105 1008 1314 1083 hal’lc
1358 1014 1696 1111 γοητείαν
1726 1015 2165 1098 illusionem,
2233 1036 2475 1111 quam

217 1114 712 1188 recentiores
758 1112 1190 1187 commode
1246 1122 1568 1205 vocant,
1622 1111 2043 1213 pleraque,
2115 1138 2318 1215 quae
2374 1114 2476 1190 de

219 1217 578 1291 carmine
611 1217 841 1316 epico
872 1240 1054 1290 cum
1096 1213 1424 1291 utilitate
1455 1215 1714 1314 aliqua
1742 1217 2087 1316 praecipi
2118 1231 2477 1316 possunt,

217 1344 601 1394 revocare
647 1319 729 1393 in
786 1332 1114 1419 promtu
1172 1331 1325 1410 est;
1395 1330 1475 1392 et
1528 1316 1627 1392 ad
1671 1318 1875 1393 hanc
1931 1344 2301 1395 normam
2351 1320 2478 1397 vel

216 1424 564 1498 maxime
588 1446 966 1497 revocare
998 1421 1224 1496 soleo
1269 1446 1397 1518 ea,
1475 1445 1678 1522 quae
1726 1422 1828 1498 de
1868 1421 2139 1498 multis
2176 1424 2476 1522 Virgilii

218 1525 408 1601 locis
439 1552 485 1600 a
524 1527 708 1599 viris
741 1525 993 1600 doctis
1030 1524 1416 1625 disputata
1447 1537 1652 1603 sunt.
2311 1584 2314 1585 ν

421 1632 560 1707 VI.
637 1634 1037 1728 J‘irgiliani
1089 1629 1321 1726 igitur
1369 1635 1758 1725 carminis,
1814 1652 2000 1703 nam
2033 1629 2131 1704 ad
2167 1628 2325 1704 hoc
2362 1655 2476 1726 ea,

223 1757 426 1833 quae
463 1730 806 1809 dicenda
847 1731 1149 1828 habeo,
1221 1730 1910 1823 revocandamihi
1960 1747 2178 1829 sunt,
2250 1732 2478 1808 dotes

218 1850 305 1911 ut
337 1848 568 1911 recte
608 1835 1062 1911 discernant
1104 1861 1190 1911 ac
1231 1836 1744 1936 perspiciant,
1798 1834 1898 1911 ad
1933 1835 2017 1911 id
2061 1835 2481 1912 intendant

220 1940 539 2014 animos
573 1938 1155 2034 adolescenteS,
1210 1952 1486 2017 auctor
1508 1964 1726 2036 sum,
1775 1955 1880 2034 ut,
1935 1957 2282 2038 quantum
2314 1969 2481 2016 eum

217 2050 289 2118 in
336 2058 496 2118 toto
556 2057 1002 2143 argumento
1049 2058 1199 2119 tum
1255 2051 1328 2119 in
1388 2049 1712 2142 singulis.
1753 2049 2105 2142 partibus
2159 2051 2330 2121 insit
2372 2051 2481 2120 ad

219 2163 505 2222 mentes
540 2154 1043 2223 admiratione
1078 2176 1227 2223 non
1271 2153 1425 2224 sine
1461 2154 1837 2247 voluptate
1871 2155 2262 2242 tenendas,
2305 2176 2481 2224 con-

221 2257 578 2327 siderent.
679 2251 1141 2351 Exponitur-
1173 2276 1214 2328 a
1248 2263 1489 2349 poeta
1519 2257 1813 2327 Aeneae
1842 2281 1935 2327 ex
1989 2258 2213 2327 Troia
2251 2267 2483 2352 capta

214 2360 575 2454 profugi,
618 2369 792 2453 past
833 2361 1104 2452 longos
1141 2382 1475 2446 erroreS,
1529 2361 1601 2429 in
1634 2362 1931 2430 Latium
1976 2363 2356 2448 adventus,
2410 2371 2481 2431 et

226 2464 536 2535 condita
567 2463 664 2533 ab
705 2486 790 2533 eo
816 2464 891 2534 in
929 2464 1047 2532 his
1074 2464 1257 2534 locis
1300 2463 1786 2534 Troianorum
1819 2465 2104 2535 colonia
2147 2462 2480 2559 novaque

215 2578 515 2662 parata
569 2569 805 2638 sedes.
909 2561 1333 2637 Debebant
1381 2560 1581 2636 haec
1639 2576 1857 2637 certo
1918 2563 2251 2638 consilio
2310 2588 2480 2640 esse

226 2679 630 2766 suscepta3
714 2689 896 2741 cum
947 2677 1227 2740 autem.
1263 2666 1614 2742 Troiano
1657 2663 1973 2740 homini
2023 2667 2143 2739 vix
2186 2669 2266 2740 in
2316 2669 2484 2742 ani-

224 2794 459 2843 mum
482 2770 758 2844 venire
790 2782 1104 2869 posset,
1157 2782 1245 2845 ut
1279 2770 1358 2843 in
1400 2768 1628 2843 terris
1661 2767 2116 2870 longinquis·
2149 2783 2228 2844 et
2257 2770 2483 2867 igno-

228 2874 322 2948 tis
351 2885 664 2947 certum
708 2872 980 2947 animo
1014 2870 1512 2970 designatum
1539 2869 1807 2947 locum
1839 2886 2279 2973 quaereret,
2336 2898 2484 2974 op-

226 2989 582 3076 portune
626 2974 979 3051 adhibita
1018 2989 1203 3050 sunt
1220 2980 1415 3075 sala
1458 3004 1509 3049 a
1550 2982 1696 3051 diis
1738 2991 2181 3055 monsttata.
2290 2978 2483 3071 Quis

230 3093 707 3156 autem‘non
740 3076 975 3154 facile
1021 3077 1398 3176 intelligat
1437 3079 1594 3153 iam
1640 3079 1736 3154 ab
1775 3080 2035 3176 initio,
2089 3105 2266 3155 rem
2313 3104 2485 3157 esse

229 3206 641 3281 magnam,
701 3180 1070 3276 arduam,
1126 3195 1205 3257 et
1233 3182 1771 3258 admirationis
1814 3183 2303 3283 aliquantum
2343 3184 2471 3259 ha·

230 3286 603 3379 bentem,
660 3284 888 3386 quod
915 3282 1303 3386 profugus
1335 3285 1609 3386 aliquis
1659 3311 1748 3361 ex
1790 3286 1991 3362 urbe
2039 3287 2355 3362 incensa
2408 3301 2488 3362 et

234 3386 621 3484 exultatis
653 3388 1128 3464 ducentibus
1158 3391 1240 3464 in
1273 3404 1436 3465 tam
1475 3388 1910 3490 longinqua
1939 3403 2170 3485 terra,
2229 3390 2305 3464 in
2338 3394 2484 3466 La-

233 3495 382 3587 tio,
437 3517 687 3568 novas
735 3493 970 3568 sedes
1021 3494 1305 3593 ponit?
1412 3493 1606 3587 Quis
1644 3517 1809 3567 non
1868 3494 1947 3568 in
1977 3495 2309 3568 summis
2342 3519 2486 3594 pe-

235 3596 496 3671 riculis
545 3621 635 3671 ac
694 3596 1318 3691 discriminibus,
1383 3597 1466 3671 in
1512 3597 2007 3694 navigatione
2064 3611 2141 3674 et
2173 3622 2359 3673 mox
2404 3599 2484 3672 in

234 3699 448 3776 Italia
513 3699 883 3795 obiectiS,
966 3701 1212 3800 inque
1279 3698 1506 3775 malis
1571 3714 1703 3775 aut
1757 3699 2073 3776 fortiter
2140 3700 2488 3778 toleratis

236 3817 366 3879 aut
391 3806 754 3879 animose
791 3801 1175 3904 depulsis,
1227 3829 1519 3879 novam
1547 3803 2083 3880 admirationis
2130 3802 2491 3881 efficien-

242 3907 382 3984 dae
436 3907 710 3982 videat
751 3931 924 3981 esse
976 3909 1444 3998 materiam?
1523 3932 1674 3982 nec
1729 3910 1993 3983 minus
2040 3909 2120 3983 in
2169 3910 2490 4007 singulis

241 4012 597 4087 carminis
642 4010 1038 4111 partibuS,
1090 4013 1167 4085 in
1223 4011 1574 4087 motibus
1628 4025 1706 4086 et
1750 4009 2167 4088 affectibus
2220 4015 2484 4110 animi,

240 4115 312 4189 in
350 4115 752 4202 moribuS,
808 4115 1268 4191 sententiis?
1344 4114 1733 4220 eteidem
1798 4116 2126 4193 consilio
2176 4143 2489 4193 accom-

237 4220 649 4296 modatum
703 4243 879 4293 esse
932 4219 1305 4294 orationis
1345 4242 1596 4316 genus
1644 4233 1722 4294 et
1755 4219 2110 4296 colorem
2146 4236 2225 4296 et
2256 4246 2490 4297 orna-

239 4335 549 4404 menta?
616 4327 714 4401 ln
746 4322 871 4397 his
917 4346 1004 4396 ac
1040 4322 1423 4400 similibus
1459 4322 1795 4399 disertus
1835 4350 2003 4401 esse
2051 4338 2316 4425 potest
2371 4323 2486 4403 fa·

960 4655 1003 4709 N
