2882 5028
481 335 1095 412 AENEIDos
1151 336 1353 412 LIB.
1412 336 1541 432 vl,
1597 342 2027 417 774—781
2226 347 2375 418 977

126 527 348 599 Haec
399 535 570 598 tum
612 524 938 598 nomina
990 537 1259 618 erunt,
1341 546 1554 597 nunc
1600 538 1784 598 sunt
1829 527 1997 602 sine
2044 533 2371 609 nomine

1004 697 1037 733 ⁶
1297 638 1574 718 terrae.

131 729 350 823 Quin
386 741 466 803 et
494 754 639 804 avo
674 732 1052 805 comitem
1083 753 1254 804 sese
1290 730 1720 804 Mavortius
1756 730 1996 807 a'ddet

129 831 568 927 Romulus3
614 835 955 909 Assaraci
993 859 1235 934 quem
1267 832 1662 929 sanguinis
1690 831 1825 908 Ilia
1852 830 2109 911 mater

130 934 465 1013 Educet.
583 935 882 1034 Viden,
969 950 1060 1012 ut
1138 938 1501 1035 geminae
1586 947 1794 1010 stant
1860 940 2154 1017 vertice
2227 944 2372 1018 cri-

1296 1052 1485 1133 stae,
2217 1052 2374 1128 780

130 1146 233 1219 Et
265 1155 492 1243 pater
524 1143 690 1242 ipse
731 1166 878 1219 suo
923 1166 1302 1243 superum
1334 1143 1489 1218 iam
1519 1143 1767 1238 signat
1794 1138 2160 1223 honore?

238 1289 413 1360 780.
467 1283 758 1355 VmEN'
814 1304 919 1355 ΠΤ
2118 1295 2176 1356 s

45 1533 47 1538 .
274 1488 380 1543 777
414 1503 514 1538 nec
548 1496 681 1538 sunt
714 1484 851 1539 alter
886 1489 1110 1557 Menag.,
1142 1488 1294 1540 male.
1366 1505 1408 1539 s.
1448 1506 1504 1539 n.
1578 1500 1734 1539 entes
1765 1487 1952 1540 Medic.
2003 1507 2034 1540 a
2066 1508 2135 1541 m.
2174 1508 2275 1558 pr„
2325 1504 2375 1544 et

45 1587 48 1591 >
137 1557 212 1608 sie
240 1555 432 1618 Colot„
467 1555 607 1625 quod
642 1557 838 1624 probat
874 1558 1074 1621 Heius„
1110 1556 1553 1629 equidem-impro
1592 1558 1783 1608 andum
1816 1574 2005 1610 censeo
2032 1559 2115 1609 vel
2139 1560 2375 1613 maxime.

45 1673 46 1678 ,
135 1627 292 1691 Nam,
327 1625 549 1694 primum
584 1636 767 1676 terrae
816 1625 973 1678 docte
1018 1628 1191 1696 poetis
1240 1637 1534 1693 ponuntur,
1587 1626 1675 1678 ubi
1726 1626 1952 1694 vulgaris
1990 1628 2158 1680 oratio
2193 1642 2375 1698 gentes

136 1694 405 1766 postulat3
438 1706 544 1745 tum
579 1711 647 1744 ue
679 1707 876 1764 gentes
909 1695 1116 1766 quidem
1150 1707 1291 1749 recte
1327 1696 1380 1749 h.
1419 1696 1458 1747 1.
1496 1695 1826 1757 dicerentur;
1878 1713 1985 1748 non
2020 1698 2155 1749 enim
2190 1699 2376 1769 populi

45 1807 50 1820 .
137 1765 232 1816 sed
267 1764 422 1815 urbes
459 1772 729 1815 enarratae
762 1764 994 1828 fueruut;
1030 1776 1085 1816 et
1119 1766 1201 1817 his
1236 1764 1370 1816 bene
1404 1765 1726 1835 respondent
1760 1778 1980 1830 terrae,
2035 1767 2221 1837 quibus
2272 1769 2378 1820 ali-

139 1833 347 1903 quando
382 1833 727 1901 imponentur.
800 1833 1040 1915 (gentes,
1101 1851 1238 1905 quae
1282 1843 1362 1885 est
1396 1835 1544 1904 prior
1574 1834 1795 1886 Medieei
1838 1833 1998 1886 lectio
2018 1873 2035 1898 ,
2080 1836 2125 1887 si
2173 1853 2375 1888 sensum

113 1911 462 1972 'spectamus,
495 1912 637 1954 recte
672 1911 872 1971 poterit
907 1904 1152 1966 defendi3
1211 1903 1306 1954 sed
1340 1921 1495 1972 quum
1544 1902 1596 1954 in
1634 1904 1819 1955 eodem
1854 1903 1921 1954 ab
1977 1903 2188 1973 antiqua
2222 1907 2375 1958 ma'uu

138 1972 551 2094 sffieneriptum
586 1970 913 2092 sgtletirrae,
971 1972 1282 2094 vigiam&
1331 1990 1392 2023 ex
1426 1974 1579 2092 uniat
1624 1972 1775 2094 lazius
1811 1971 2007 2095 23³⁰ss
2040 1973 2239 2026 incerta
2274 1977 2376 2058 {ide

137 2062 165 2094 r
288 2059 406 2093 ere·
441 2058 563 2092 nam
637 2057 669 2092 o
694 2058 724 2093 ο
769 2059 920 2093 anum
956 2059 984 2093 e
1100 2062 1129 2094 e
1166 2058 1333 2094 :ceum
1369 2058 1520 2093 umus
1580 2059 1635 2093 es
1739 2059 1821 2094 ms
1941 2058 2058 2093 esse
2091 2062 2148 2095 sa
2221 2061 2251 2095 e
2275 2062 2377 2095 iam

136 2059 410 2164 vidigmsf
457 2112 532 2160 Ex
578 2126 680 2161 uno
730 2120 1005 2180 praeterea
1054 2112 1170 2164 cod.
1219 2113 1270 2165 8.
1315 2111 1456 2161 Edit.
1507 2110 1684 2165 Vinar.
1734 2114 1890 2166 1826.
1924 2061 2380 2182 numineefgences

134 2180 318 2235 afferri
353 2179 527 2231 video.
569 2178 713 2245 Wr.)
825 2182 928 2234 778
965 2182 1278 2232 Mavertius
1309 2180 1470 2233 Witt.
1540 2198 1658 2231 sese
1690 2181 1875 2246 addet,
1910 2190 1971 2231 ut
2001 2197 2137 2232 nuuc
2166 2181 2378 2249 legitur,

134 2252 274 2303 erit:
312 2266 413 2301 una
448 2266 562 2301 cum
594 2248 714 2316 ipso
749 2246 804 2298 in
837 2249 994 2301 vitam
1028 2249 1282 2320 prodibit,
1340 2266 1433 2300 suo
1468 2248 1674 2301 scilieet
1718 2258 1973 2320 tempore.
2041 2250 2145 2302 Sed
2194 2252 2379 2303 melius

134 2330 271 2389 puto
307 2318 440 2386 legi:
493 2318 677 2380 addim
725 2332 827 2368 una
872 2336 986 2370 cum
1035 2329 1186 2387 patre
1219 2318 1498 2371 incedebat
1531 2317 1700 2370 auium
1733 2319 1957 2372 Romuli.
2007 2319 2074 2371 ef.
2116 2320 2234 2376 754.
2277 2323 2379 2376 755

137 2400 197 2441 et
241 2388 335 2439 inf.
374 2387 495 2442 864.
565 2389 630 2438 Et
672 2396 753 2438 est
793 2386 877 2438 ed.
925 2390 1078 2453 Ven.,
1121 2406 1255 2459 quae
1292 2387 1395 2440 hoe
1432 2387 1698 2440 exhibeat.
1761 2390 1940 2453 (addis
1977 2388 2133 2440 etiam
2169 2390 2288 2441 cod.
2327 2393 2379 2445 7.

134 2458 282 2511 Edit.
312 2456 495 2509 Vinar.
522 2458 705 2518 1826.;
738 2456 833 2507 sed
870 2458 1095 2527 probum
1128 2459 1324 2521 adden
1371 2456 1477 2509 vid.
1515 2474 1649 2527 quae
1695 2456 1882 2527 scripsi
1916 2458 1972 2508 iu
2001 2459 2066 2510 V.
2106 2459 2168 2509 L.
2207 2458 2274 2509 ad
2304 2478 2379 2511 vs.

136 2531 282 2591 772,
316 2528 454 2579 unde
484 2526 643 2577 etiam
667 2525 964 2594 intelliges,
1011 2545 1119 2578 non
1147 2546 1292 2591 esse,
1340 2527 1507 2596 quod,
1559 2526 1813 2578 Merulam
1843 2528 1912 2579 ad
1934 2527 2157 2579 Ennium
2179 2547 2231 2597 p.
2257 2531 2380 2583 251.

137 2598 339 2661 secuti,
374 2599 497 2648 avis·
535 2612 631 2663 pro
677 2614 783 2648 avo
823 2597 1151 2648 scribendum
1196 2595 1563 2648 existimemus.
1627 2594 1769 2661 Wr.)
1840 2596 2173 2665 Transpositi
2217 2614 2379 2666 porro

138 2684 326 2721 versus
351 2667 455 2721 778
486 2674 542 2716 et
568 2666 669 2720 777
687 2665 741 2715 in
757 2666 918 2718 Goth.
950 2684 1032 2736 pr.
1062 2675 1116 2716 et
1139 2675 1261 2718 tert.
1345 2666 1467 2722 780.
1490 2667 1589 2720 781
1620 2676 1769 2716 stent
1794 2665 1945 2715 multi
1971 2664 2127 2716 codd.
2158 2674 2213 2716 et
2241 2665 2380 2727 edd..

137 2737 286 2810 quod
332 2746 474 2787 recte
504 2734 735 2787 deseruit
778 2735 914 2787 Pier.
952 2746 1008 2787 et
1039 2751 1160 2787 mox
1196 2739 1394 2807 signet.
1440 2734 1567 2802 (hoc
1605 2733 1762 2786 etiam
1801 2733 1856 2785 in
1881 2736 1934 2789 5.
1974 2736 2058 2791 10.
2106 2736 2191 2790 11.
2237 2737 2380 2803 Wr.)

1473 2913 1851 2975 778—781.
1919 2928 2038 2967 avo
2105 2911 2381 2967 comitem

1304 3017 1426 3054 sese
1455 2996 1679 3067 addet,·
1718 2993 2049 3054 secundum
2078 2994 2379 3054 Servium:

1305 3084 1470 3141 avito
1501 3101 1624 3139 sese
1672 3084 1881 3159 izmget
1907 3081 2157 3157 imperio
2170 3124 2188 3156 ,
2232 3078 2294 3139 h.
2330 3100 2378 3139 e.

1304 3188 1428 3226 una
1485 3185 1624 3225 cum
1661 3185 1775 3225 avo
1819 3165 2122 3243 regnabit,
2191 3164 2383 3224 donee

1304 3253 1558 3311 Romam
1607 3250 1846 3311 condet.
1947 3249 2067 3309 Sed
2104 3251 2211 3309 vix
2265 3250 2383 3312 hoc

1304 3337 1590 3416 loquendi
1614 3355 1759 3396 usus
1796 3336 1941 3394 sert:
1983 3337 2226 3395 socium
2260 3338 2382 3395 sal-

1305 3433 1427 3482 tem
1490 3421 1752 3482 dixisset.
1845 3419 1969 3481 vid.
2022 3421 2161 3481 Var.
2222 3422 2381 3482 Lect.

136 2925 241 2975 ter
303 2910 543 2969 nomina
583 2911 944 2990 populorum
994 2910 1222 2971 foederi

135 2997 588 3075 adscriptorum
645 2996 807 3076 apud
856 2997 1097 3076 Dionys.
1149 2997 1225 3073 V,

136 3090 221 3150 61
255 3074 729 3163 Βουβεντᾶνων·
785 3093 932 3143 sunt
967 3087 1222 3161 Πωμεν-

135 3177 335 3243 rivos,
409 3162 665 3248 Κόρνων
724 3188 836 3247 pro
899 3163 1221 3250 Κοράνων.

142 3258 430 3315 Casuum
460 3255 637 3327 Inui,
685 3254 788 3331 qui
816 3252 1074 3330 antiquis
1095 3255 1221 3312 Ita-

133 3343 216 3402 lis
260 3340 421 3397 inter
466 3338 705 3397 Faunos
747 3347 810 3397 et
840 3339 1026 3398 Panes
1072 3348 1220 3415 erat,

137 3425 258 3486 etsi
307 3423 374 3481 in
429 3423 673 3484 Rutulis
730 3424 910 3483 situm
932 3468 949 3499 ,
1017 3433 1222 3483 tamen

134 3509 497 3572 Latinorum
537 3509 655 3569 suit
699 3510 928 3568 colonia
953 3509 1050 3568 vel
1081 3510 1221 3569 vir-

134 3597 285 3679 gilio
311 3602 462 3653 teste
478 3616 496 3671 3
539 3605 610 3655 ut
638 3594 814 3653 etiam
846 3596 1067 3661 Bolae.
1100 3593 1219 3654 Ae-

136 3700 409 3763 quorum
440 3681 744 3759 oppidum.
830 3682 985 3739 Sunt
1017 3679 1226 3739 Bolani

137 3768 335 3829 etiam
383 3766 609 3825 foederi
650 3765 1001 3827 Latinorum
1045 3765 1225 3825 modo

136 3860 477 3915 memorato
515 3851 796 3933 adscripti
841 3873 933 3931 ap.
984 3851 1225 3931 Dionys.

137 3942 181 4001 l.
226 3958 279 3998 c.
338 3936 511 3996 Adde
533 3938 736 3998 locum
764 3938 1016 3997 Victoris
1044 3957 1227 4016 supra

137 4023 487 4086 laudatum.
571 4022 728 4083 Male
774 4024 1048 4084 Castrum
1083 4025 1229 4081 Inui

136 4110 228 4171 ad
269 4109 547 4167 Castrum
593 4128 854 4185 novum,
896 4128 1020 4168 non
1059 4107 1231 4185 longe

136 4218 175 4256 a
207 4195 468 4254 Centum
507 4193 666 4253 cellis
696 4193 775 4253 ad
812 4213 1002 4269 mare,
1044 4212 1231 4254 revo-

133 4280 309 4342 eavit
375 4279 618 4339 Servius
667 4288 727 4338 et
773 4280 891 4340 viri
934 4278 1100 4340 docti
1149 4277 1230 4339 ad

133 4364 335 4427 Rutil.
362 4364 409 4440 l,
453 4368 581 4429 227
607 4383 695 4443 sq.

248 4468 564 4546 Vmeu..
617 4465 829 4539 Tou.
865 4463 957 4540 II.
1023 4547 1127 4617 β

1305 3507 1573 3588 (Rectius
1589 3553 1607 3584 ‚
1660 3517 1807 3588 puto
1825 3551 1843 3581 ,
1902 3504 2050 3564 haec
2077 3506 2384 3586 interpre-

1302 3602 1470 3653 tatus
1510 3613 1641 3653 sum
1689 3595 1751 3653 in
1798 3591 1867 3650 V.
1905 3591 1968 3653 L.
2010 3591 2089 3651 ad
2118 3612 2206 3652 vs.
2239 3597 2382 3658 772.

1317 3677 1495 3757 Wr.)
1582 3684 1725 3744 779.
1781 3694 1958 3754 quem
1999 3674 2165 3736 Rhea
2203 3678 2384 3739 Silvia

1311 3765 1570 3824 Troiana
1633 3766 1814 3843 stirpe
1885 3762 2143 3822 oriunda
2200 3773 2387 3842 partu.

1312 3850 1468 3909 edet.
1554 3850 1849 3910 Assaraci
1879 3867 1940 3909 v.
1982 3869 2113 3929 sup.
2149 3848 2192 3922 1,
2238 3848 2382 3912 284.

1318 3932 1685 4016 (Assaracus
1712 3937 2000 4011 sanguis,
2039 3952 2179 3992 nam
2215 3931 2384 3991 adie-

1315 4021 1472 4080 ctive
1503 4020 1734 4081 dictum
1780 4019 2032 4099 accipio,
2094 4026 2166 4077 ut
2193 4020 2385 4075 Pom-

1310 4107 1504 4185 pitius
1541 4109 1796 4186 sanguis
1855 4102 2020 4184 apud
2058 4102 2269 4162 Horat.
2315 4101 2384 4163 A.

1314 4191 1378 4251 P.
1410 4195 1554 4256 292.
1591 4189 1765 4273 Wr.)
1836 4190 2070 4263 educet,
2114 4195 2182 4246 ut
2204 4187 2386 4248 modo

1312 4297 1373 4337 v.
1409 4276 1552 4353 765,
1597 4298 1735 4337 cum
1780 4274 2024 4334 deberet
2063 4290 2218 4331 esse:
2274 4294 2388 4352 pa-

1311 4363 1446 4422 riet.
1547 4366 1692 4427 780.
1749 4360 1839 4421 En
1878 4356 2222 4420 bellicosum
2273 4360 2390 4420 viri
