2882 5028
495 355 650 429 410
1097 323 2168 430 Exco-Rsnsv

491 542 778 625 expedita
834 543 969 604 fon
1018 540 1290 604 videtur
1321 542 1670 625 responsio,
1727 546 1777 604 si
1821 544 2185 622 viderimus,
2238 546 2342 626 qui
2390 543 2488 605 alii
2546 557 2757 628 poetae

491 638 731 692 veteres
771 628 1035 689 rabulam
1081 629 1159 690 de
1200 631 1541 691 Laocoonte
1582 631 1936 707 tractu-int,
1981 641 2046 690 et
2086 632 2377 693 ornarint.

664 716 744 775 Et
784 714 1049 795 primum
1090 715 1334 794 quidem
1377 715 1548 778 varie
1589 717 1836 777 omnino
1878 717 2022 779 olim
2045 737 2077 774 a
2123 718 2307 780 variis
2349 717 2754 778 narrationem

491 800 657 860 hanc
697 819 823 860 esse
855 809 1213 878 tractatam,
1268 802 1366 862 vel
1423 820 1502 860 ex
1542 803 1866 863 serioribus
1918 803 2314 883 scriptoribu-
2351 804 2756 884 intelligimus,

489 887 597 964 qui
639 884 794 946 nihil
833 885 999 947 aliud
1039 887 1248 948 secisse
1294 887 1589 967 putandi,
1634 909 1815 967 quam
1856 899 1931 949 ut
1971 890 2309 969 superiores
2334 899 2618 950 auctores
2651 900 2757 949 aut

490 972 791 1032 serviliter
853 973 1244 1034 imitarentur
1302 983 1411 1034 eut
1485 974 1911 1035 exscriberent.
2016 975 2352 1054 Exponunt
2405 985 2612 1037 autem
2672 977 2753 1036 illi

489 1060 899 1119 narrationem
942 1058 1020 1119 de
1060 1060 1399 1121 Laocoonte
1444 1060 1682 1140 copiose
1720 1071 1784 1121 et
1825 1062 1889 1121 in
1930 1061 2139 1121 multis
2181 1061 2437 1122 diverse.

662 1144 753 1205 lta
782 1144 948 1224 opud
980 1145 1276 1220 Quintum
1303 1143 1626 1206 Calabrum
1654 1147 1788 1224 ΧΠ,
1832 1148 2204 1214 sss—409
2247 1148 2366 1207 iam
2407 1156 2566 1222 tum,
2617 1166 2754 1206 cum

488 1228 664 1289 hasta
712 1242 1092 1311 percusserat
1144 1233 1380 1310 Equum
1420 1233 1735 1309 Laocoon,
1791 1232 2050 1292 Palladis
2111 1234 2359 1293 numine
2414 1244 2586 1293 terra
2643 1233 2754 1292 sub

489 1316 640 1376 eius.
675 1315 931 1397 pedibus
984 1329 1304 1394 movetur,
1365 1318 1529 1378 unde
1578 1337 1717 1379 eum
1772 1319 2093 1399 repentino
2146 1327 2383 1379 terrore
2425 1317 2754 1378 attonitum

489 1412 710 1482 stupor
752 1410 816 1462 et
859 1397 1238 1484 ἀναισθησία
1279 1413 1557 1485 occupat.
1641 1404 1788 1465 Mox
1831 1414 2072 1478 tamen,
2117 1424 2255 1465 cum
2281 1405 2492 1484 Equus
2524 1422 2585 1463 ν.
2626 1403 2755 1470 436

491 1496 603 1548 etc.
646 1488 715 1548 in
760 1489 974 1549 urbem
1026 1489 1351 1550 duceretur
1366 1534 1383 1566 ‚
1454 1491 1554 1550 ille
1597 1507 1724 1551 non
1767 1490 2001 1551 desistit
2040 1489 2277 1551 hortari
2335 1500 2399 1551 et
2460 1489 2754 1550 obtestari

489 1574 817 1651 Troianos,
859 1584 934 1636 ut
974 1594 1114 1636 eum
1155 1575 1610 1653 comburerent3
1664 1585 1801 1637 tum
1844 1596 1923 1636 ex
1967 1577 2165 1636 insula
2206 1576 2477 1656 Calydna
2520 1574 2753 1636 Miner-

488 1679 567 1720 va
605 1660 899 1721 dracones
928 1661 1207 1739 advocat,
1248 1663 1373 1742 qui,
1416 1661 1664 1742 dilapsa,
1707 1681 1862 1741 quae
1898 1661 2128 1738 aderat,
2169 1663 2387 1741 turba,
2430 1681 2494 1723 v.
2527 1662 2755 1727 466—

488 1748 618 1811 490
667 1746 792 1807 duo
840 1747 1197 1808 Laocoontis
1254 1748 1411 1808 filios
1469 1757 1780 1830 correptos
1822 1748 1990 1808 malis
2031 1747 2350 1828 frangunt,
2402 1750 2632 1808 [ruah-a
2674 1745 2751 1806 ad

486 1841 726 1939 pata-'em'
763 1852 981 1941 manus
1022 1835 1376 1909 tendentes,
1440 1835 1636 1913 Πατρὶ
1679 1837 1842 1917 φίλῳ
1884 1828 2166 1918 ὄρὲγοντε
2202 1829 2309 1908 fols·
2343 1832 2543 1914 χέρας.
2605 1827 2752 1932 «ᾖδ’

486 1919 1592 2086 ἔηηῖῗῖῗίῗιξὲῗνῗὲἵωῖξιῖζᾶῗέ
1620 1919 2178 2084 ,ἶῗὲἓὲῗιίεειῖζῗξ
2220 1929 2324 2064 ἲέα
2337 1919 2506 2066 ⁸5:²3¹
2524 1917 2753 2064 mv*

488 2099 885 2166 evanescunt,
929 2091 1089 2150 circa
1131 2093 1423 2172 templum
1469 2090 1763 2172 Apollinis
1795 2092 1861 2151 in
1904 2111 2042 2150 arce
2084 2092 2399 2169 Pergamo,
2454 2090 2565 2152 uhi
2603 2090 2750 2149 adeo

487 2175 916 2255 cenotaphium
956 2177 1029 2237 iis
1070 2179 1293 2237 sactum
1335 2186 1564 2237 narrat.
1609 2175 1704 2259 (ln
1748 2178 1877 2257 ipso
1921 2177 2148 2256 templo
2191 2176 2484 2257 Apollinis
2516 2173 2750 2256 Thym-

487 2261 656 2320 braei
698 2261 852 2322 filios
894 2263 1191 2323 interiisse
1248 2264 1466 2323 Tzetza
1510 2273 1803 2324 memorat
1856 2263 1935 2322 ad
1980 2262 2277 2342 Lycophr.
2326 2283 2387 2322 v.
2432 2262 2596 2338 347,
2644 2282 2748 2321 ne-

485 2347 613 2406 scio
666 2368 745 2406 an
799 2348 916 2408 alio
958 2349 1047 2409 rei
1099 2347 1397 2430 auctore.)
1484 2348 1563 2408 At
1620 2359 1793 2429 pater
1855 2349 2045 2409 oculis
2101 2349 2355 2427 capitur.
2438 2347 2751 2407 Hactenus

490 2431 796 2508 Quintus,
838 2434 974 2513 qui,
1037 2455 1221 2514 quam
1265 2435 1540 2512 diversus
1581 2436 1646 2494 in
1687 2436 1895 2495 multis
1935 2435 2044 2511 sit,
2104 2435 2349 2495 obvium
2390 2442 2498 2493 est
2591 2435 2753 2514 Try·

483 2518 821 2600 phiodorus
844 2521 1200 2583 Laocoontis
1230 2523 1409 2603 plane
1433 2523 1661 2583 nullam
1688 2522 2052 2582 mentionem
2078 2522 2237 2597 facit,
2281 2521 2376 2581 uti
2400 2540 2515 2580 nec
2540 2521 2754 2600 Dictys

485 2615 550 2667 et
579 2607 777 2666 Dares.
834 2606 916 2667 At
938 2608 1211 2688 Hyginus
1242 2610 1281 2672 s,
1335 2608 1477 2684 135,
1521 2609 1796 2687 proxime
1841 2608 1920 2667 ad
1953 2606 2285 2686 Virgilium,
2327 2616 2565 2686 patrem
2612 2628 2754 2667 cum

487 2692 623 2752 filiis
665 2702 943 2755 necatum
987 2704 1215 2755 narrat.
1303 2695 1474 2753 Facit
1514 2694 1597 2769 is,
1685 2695 1797 2754 nisi
1849 2694 1924 2752 ab
1972 2694 2340 2772 exscriptore
2389 2694 2489 2753 vel
2530 2712 2752 2753 excer-

484 2788 661 2859 ptore
703 2791 1026 2861 corruptus
1084 2790 1208 2855 est,
1264 2782 1664 2841 Laocoontem
1723 2780 1962 2839 Acoetis
2006 2778 2232 2853 filium,
2278 2778 2578 2838 Anchisae
2623 2781 2756 2839 fra-

484 2873 672 2942 trem3
714 2875 777 2925 at
820 2867 1142 2927 Antenoris
1189 2867 1382 2934 filium
1421 2867 1617 2927 tradit
1646 2866 1865 2925 Tzetza
1905 2866 1987 2926 ad
2013 2864 2310 2945 Lycophr.
2343 2864 2492 2931 347.
2566 2865 2758 2945 Apud

482 2951 741 3012 eundem
792 2952 1093 3032 Hyginum
1145 2954 1421 3013 Laocoon
1477 2963 1570 3013 est
1612 2951 1931 3032 Apollinis,
2009 2972 2136 3011 non
2177 2951 2476 3030 Neptuni,
2543 2972 2756 3011 sacen·-

484 3036 626 3112 dos,
684 3047 748 3098 et
799 3049 1015 3099 contra
1058 3038 1183 3098 eius
1226 3041 1600 3100 voluntatem
1647 3057 1903 3099 uxorem
1947 3038 2159 3112 duxit,
2218 3038 2389 3114 eique
2431 3036 2511 3095 ah
2556 3037 2751 3116 Apol-

482 3123 604 3182 line
650 3123 941 3183 dracones
999 3124 1441 3201 immittuntur3
1501 3144 1653 3202 quae
1710 3146 1832 3184 non
1891 3123 2220 3182 admodum
2265 3123 2339 3180 ab
2395 3123 2468 3180 iis
2514 3121 2746 3182 discre-

482 3217 666 3287 pant,
730 3228 884 3287 quae
929 3208 1173 3268 Servius
1212 3208 1291 3268 ad
1333 3230 1393 3268 v.
1436 3214 1556 3274 201
1605 3230 1683 3268 ex
1720 3208 2105 3289 Euphorione
2145 3208 2360 3268 adfert.
2448 3208 2746 3268 Filiorum

483 3313 722 3372 quoque
762 3294 1022 3355 duorum
1070 3295 1310 3357 nomina
1352 3295 1517 3373 apud
1555 3295 1860 3374 Hyginum
1888 3294 2195 3374 adscripta
2225 3303 2394 3353 sunt:
2440 3298 2552 3373 qui
2566 3295 2745 3368 filim

481 3382 611 3437 cites·
653 3380 1092 3457 Antiphantem
1135 3392 1191 3437 ec
1259 3380 1700 3459 Thymbraeum
1753 3394 2049 3439 necarent.
2129 3389 2190 3438 at
2242 3379 2405 3460 apud
2451 3382 2626 3440 Serv.
2667 3380 2746 3438 ad

480 3486 542 3524 v.
585 3469 708 3530 211
756 3465 1173 3526 Thessandrus
1226 3465 1551 3525 Ethronem
1595 3476 1660 3524 et
1702 3466 2095 3526 Melanthum
2150 3466 2487 3525 nominatos
2530 3466 2745 3525 edidit.

481 3550 697 3624 Quid?
771 3553 933 3630 quod
994 3561 1056 3610 et
1110 3552 1444 3611 draconum
1500 3553 1746 3611 nomina
1801 3561 2162 3628 occurrunt3
2217 3555 2442 3611 Pon-es
2495 3552 2745 3629 quidem

480 3638 642 3717 apud
686 3639 983 3719 Lycophr.
1024 3659 1085 3699 v.
1130 3637 1277 3713 347,
1330 3637 1437 3697 ubi
1482 3638 1726 3697 Tzetzes
1769 3639 2026 3697 alterum
2079 3636 2474 3697 Chariboeam
2516 3639 2746 3697 excitat

483 3718 548 3803 (o‘
600 3720 1005 3805 Πόρκης-ἦ
1033 3719 1401 3806 Χαρίβοια),
1457 3733 1786 3801 utrumque
1829 3724 2010 3783 etiam
2054 3744 2132 3782 ex
2173 3720 2528 3801 Lysimacho
2574 3745 2746 3782 com-

479 3822 774 3870 memorat
814 3812 1059 3870 Servius
1100 3811 1140 3870 l.
1185 3831 1237 3868 c.
1280 3818 1376 3884 et,
1432 3809 1481 3867 si
1537 3810 1707 3868 alteri
1754 3809 1947 3869 Servii
1989 3810 2124 3868 loco
2182 3808 2261 3866 ad
2312 3829 2374 3868 v.
2420 3809 2554 3874 204
2601 3810 2745 3868 fides

478 3892 790 3971 habenda,
869 3896 1109 3955 nomina
1166 3914 1237 3954 ea
1289 3895 1406 3954 iam
1463 3894 1790 3973 Sophocles
1861 3896 1924 3954 in
1985 3896 2321 3954 Laocoonte
2376 3895 2742 3973 protulerat.

479 3981 778 4043 Dracones
821 3982 1119 4059 ingeniose
1172 3982 1315 4039 satis
1381 3981 1692 4058 Typhonis
1746 3981 1972 4039 soboles
2029 3980 2379 4060 produntur
2422 4001 2458 4037 a
2504 3981 2744 4054 Quinto

477 4088 536 4129 v.
580 4066 726 4133 443.
815 4066 907 4126 Ab
951 4067 1159 4127 eodem
1204 4066 1496 4125 dracones
1539 4087 1580 4137 a„
1610 4067 1874 4145 Calydna
1923 4076 2345 4140 arcessuntur‚
2388 4084 2497 4125 seu
2543 4068 2748 4149 potins

476 4174 510 4212 a
554 4153 857 4233 Calydnis,
903 4147 1006 4235 (de
1053 4151 1271 4230 quibus
1311 4172 1373 4211 v.
1434 4152 1514 4211 ad
1569 4143 1848 4233 Apolloel.
1905 4173 1964 4231 p.
2029 4153 2212 4218 1125.
2259 4152 2426 4211 lliad.
2470 4155 2530 4233 β,
2591 4152 2748 4230 677)

476 4258 613 4299 cum
658 4238 1056 4321 Lycophrona
1097 4237 1137 4298 l.
1184 4257 1235 4296 c.
1281 4234 1385 4319 (ad
1431 4255 1608 4315 quem
1657 4240 1766 4297 loc.
1814 4260 1875 4299 v.
1919 4236 2170 4319 Schol.),
2214 4256 2370 4316 quae
2415 4238 2576 4299 duae
2599 4248 2746 4298 sunt

472 4327 705 4387 insulae
746 4328 923 4389 iuxta
971 4323 1299 4385 Tenedum.
1385 4321 1571 4403 Apud
1615 4324 1925 4404 Virgilium
1971 4324 2047 4383 ab
2088 4323 2218 4404 ipsa
2260 4325 2508 4385 Tenedo
2556 4323 2745 4406 prod·

473 4424 650 4492 eunt,
702 4414 764 4475 iu
807 4429 931 4495 quo
972 4409 1280 4493 Hyginum
1318 4406 1507 4470 habet
1550 4411 2039 4471 consentientem.
