<?xml version="1.0" encoding="UTF-8"?>
<!DOCTYPE html PUBLIC "-//W3C//DTD XHTML 1.0 Transitional//EN"
    "http://www.w3.org/TR/xhtml1/DTD/xhtml1-transitional.dtd">
<html xmlns="http://www.w3.org/1999/xhtml" xml:lang="en" lang="en">
 <head>
  <title>
</title>
<meta http-equiv="Content-Type" content="text/html;charset=utf-8" />
  <meta name='ocr-system' content='tesseract 3.04.00' />
  <meta name='ocr-capabilities' content='ocr_page ocr_carea ocr_par ocr_line ocrx_word'/>
</head>
<body>
  <div class='ocr_page' id='page_1' title='image "./pvblivsvirgiliv00sillgoog/pvblivsvirgiliv00sillgoog_0048.png"; bbox 0 0 2882 5028; ppageno 0'>
   <div class='ocr_carea' id='block_1_1' title="bbox 436 1528 2268 1728">
    <p class='ocr_par' dir='ltr' id='par_1_1' title="bbox 436 1528 2268 1728">
     <span class='ocr_line' id='line_1_1' title="bbox 436 1528 2268 1728; baseline 0.002 -26"><span class='ocrx_word' id='word_1_1' title='bbox 436 1528 2017 1728; x_wconf 54' lang='lat' dir='ltr'>D1SQU181T1&#39;0</span> <span class='ocrx_word' id='word_1_2' title='bbox 2161 1602 2268 1706; x_wconf 91' lang='lat'>11</span> 
     </span>
    </p>
   </div>
   <div class='ocr_carea' id='block_1_2' title="bbox 206 1850 2501 2083">
    <p class='ocr_par' dir='ltr' id='par_1_2' title="bbox 206 1850 2501 2083">
     <span class='ocr_line' id='line_1_2' title="bbox 206 1850 2501 1931; baseline 0.004 -10"><span class='ocrx_word' id='word_1_3' title='bbox 206 1850 340 1922; x_wconf 84' lang='lat' dir='ltr'>DE</span> <span class='ocrx_word' id='word_1_4' title='bbox 423 1853 895 1927; x_wconf 85' lang='lat' dir='ltr'>RERUM</span> <span class='ocrx_word' id='word_1_5' title='bbox 986 1852 1112 1925; x_wconf 90' lang='lat' dir='ltr'>IN</span> <span class='ocrx_word' id='word_1_6' title='bbox 1192 1851 1720 1927; x_wconf 90' lang='lat' dir='ltr'><strong>AENEIDE</strong></span> <span class='ocrx_word' id='word_1_7' title='bbox 1808 1853 2501 1931; x_wconf 84' lang='lat' dir='ltr'><strong>TRACTATA-</strong></span> 
     </span>
     <span class='ocr_line' id='line_1_3' title="bbox 795 2005 1923 2083; baseline 0.002 -2"><span class='ocrx_word' id='word_1_8' title='bbox 795 2007 1079 2082; x_wconf 80' lang='lat' dir='ltr'>RUM</span> <span class='ocrx_word' id='word_1_9' title='bbox 1155 2005 1923 2083; x_wconf 87' lang='lat' dir='ltr'><strong>INVENTIONE</strong></span> 
     </span>
    </p>
   </div>
   <div class='ocr_carea' id='block_1_3' title="bbox 1164 2258 1576 2271">
    <p class='ocr_par' dir='ltr' id='par_1_3' title="bbox 1164 2258 1576 2271">
     <span class='ocr_line' id='line_1_4' title="bbox 1164 2258 1576 2271; baseline 0 2757"><span class='ocrx_word' id='word_1_10' title='bbox 1164 2258 1576 2271; x_wconf 95' lang='lat' dir='ltr'> </span> 
     </span>
    </p>
   </div>
   <div class='ocr_carea' id='block_1_4' title="bbox 218 2407 2574 4210">
    <p class='ocr_par' dir='ltr' id='par_1_4' title="bbox 218 2407 2574 4210">
     <span class='ocr_line' id='line_1_5' title="bbox 218 2407 2499 2574; baseline 0.001 -27"><span class='ocrx_word' id='word_1_11' title='bbox 218 2407 529 2574; x_wconf 76' lang='lat' dir='ltr'>Quale</span> <span class='ocrx_word' id='word_1_12' title='bbox 580 2472 670 2546; x_wconf 90' lang='lat' dir='ltr'>in</span> <span class='ocrx_word' id='word_1_13' title='bbox 713 2469 1230 2548; x_wconf 83' lang='lat' dir='ltr'>inveniendis</span> <span class='ocrx_word' id='word_1_14' title='bbox 1275 2472 1520 2551; x_wconf 88' lang='lat' dir='ltr'>rebus</span> <span class='ocrx_word' id='word_1_15' title='bbox 1563 2472 1899 2548; x_wconf 90' lang='lat' dir='ltr'>omnino</span> <span class='ocrx_word' id='word_1_16' title='bbox 1943 2471 2241 2573; x_wconf 87' lang='lat' dir='ltr'>Virgilii</span> <span class='ocrx_word' id='word_1_17' title='bbox 2277 2472 2499 2571; x_wconf 85' lang='lat' dir='ltr'>inge-</span> 
     </span>
     <span class='ocr_line' id='line_1_6' title="bbox 230 2578 2498 2679; baseline 0.001 -27"><span class='ocrx_word' id='word_1_18' title='bbox 230 2581 436 2653; x_wconf 84' lang='lat' dir='ltr'>nium</span> <span class='ocrx_word' id='word_1_19' title='bbox 484 2579 784 2670; x_wconf 65' lang='lat' dir='ltr'>stum-it,</span> <span class='ocrx_word' id='word_1_20' title='bbox 864 2604 1036 2654; x_wconf 89' lang='lat' dir='ltr'>non</span> <span class='ocrx_word' id='word_1_21' title='bbox 1082 2593 1246 2656; x_wconf 82' lang='lat' dir='ltr'>tam</span> <span class='ocrx_word' id='word_1_22' title='bbox 1299 2581 1745 2658; x_wconf 88' lang='lat' dir='ltr'>fecundum</span> <span class='ocrx_word' id='word_1_23' title='bbox 1797 2578 1991 2655; x_wconf 90' lang='lat' dir='ltr'>illud</span> <span class='ocrx_word' id='word_1_24' title='bbox 2051 2584 2132 2657; x_wconf 90' lang='lat' dir='ltr'>in</span> <span class='ocrx_word' id='word_1_25' title='bbox 2188 2580 2498 2679; x_wconf 85' lang='lat' dir='ltr'>excogi-</span> 
     </span>
     <span class='ocr_line' id='line_1_7' title="bbox 236 2683 2574 2784; baseline 0.001 -28"><span class='ocrx_word' id='word_1_26' title='bbox 236 2684 476 2758; x_wconf 83' lang='lat' dir='ltr'>tandis</span> <span class='ocrx_word' id='word_1_27' title='bbox 524 2685 767 2759; x_wconf 86' lang='lat' dir='ltr'>novis</span> <span class='ocrx_word' id='word_1_28' title='bbox 808 2708 1086 2758; x_wconf 88' lang='lat' dir='ltr'>rerum</span> <span class='ocrx_word' id='word_1_29' title='bbox 1120 2686 1586 2784; x_wconf 79' lang='lat' dir='ltr'>generibuS,</span> <span class='ocrx_word' id='word_1_30' title='bbox 1641 2708 1794 2758; x_wconf 90' lang='lat' dir='ltr'>nec</span> <span class='ocrx_word' id='word_1_31' title='bbox 1828 2683 2075 2759; x_wconf 83' lang='lat' dir='ltr'>audax</span> <span class='ocrx_word' id='word_1_32' title='bbox 2112 2683 2214 2760; x_wconf 88' lang='lat' dir='ltr'>ad</span> <span class='ocrx_word' id='word_1_33' title='bbox 2254 2686 2498 2761; x_wconf 89' lang='lat' dir='ltr'>susci-</span> <span class='ocrx_word' id='word_1_34' title='bbox 2563 2737 2574 2747; x_wconf 87' lang='lat'>-</span> 
     </span>
     <span class='ocr_line' id='line_1_8' title="bbox 242 2785 2497 2885; baseline 0.001 -25"><span class='ocrx_word' id='word_1_35' title='bbox 242 2786 515 2885; x_wconf 85' lang='lat' dir='ltr'>pienda</span> <span class='ocrx_word' id='word_1_36' title='bbox 573 2786 712 2863; x_wconf 80' lang='lat' dir='ltr'>vel</span> <span class='ocrx_word' id='word_1_37' title='bbox 773 2786 1157 2862; x_wconf 86' lang='lat' dir='ltr'>tentanda</span> <span class='ocrx_word' id='word_1_38' title='bbox 1209 2790 1594 2865; x_wconf 83' lang='lat' dir='ltr'>intentata</span> <span class='ocrx_word' id='word_1_39' title='bbox 1661 2785 1759 2863; x_wconf 87' lang='lat' dir='ltr'>ab</span> <span class='ocrx_word' id='word_1_40' title='bbox 1812 2785 1973 2860; x_wconf 89' lang='lat' dir='ltr'>aliis</span> <span class='ocrx_word' id='word_1_41' title='bbox 2052 2801 2133 2863; x_wconf 91' lang='lat' dir='ltr'>et</span> <span class='ocrx_word' id='word_1_42' title='bbox 2187 2787 2497 2883; x_wconf 86' lang='lat' dir='ltr'>intacta,</span> 
     </span>
     <span class='ocr_line' id='line_1_9' title="bbox 250 2887 2495 2992; baseline 0.002 -31"><span class='ocrx_word' id='word_1_43' title='bbox 250 2903 362 2963; x_wconf 82' lang='lat' dir='ltr'>aut</span> <span class='ocrx_word' id='word_1_44' title='bbox 391 2916 519 2986; x_wconf 82' lang='lat' dir='ltr'>ea,</span> <span class='ocrx_word' id='word_1_45' title='bbox 581 2915 947 2992; x_wconf 88' lang='lat' dir='ltr'>quorum</span> <span class='ocrx_word' id='word_1_46' title='bbox 976 2914 1378 2982; x_wconf 83' lang='lat' dir='ltr'>successus</span> <span class='ocrx_word' id='word_1_47' title='bbox 1413 2903 1619 2969; x_wconf 85' lang='lat' dir='ltr'>esset</span> <span class='ocrx_word' id='word_1_48' title='bbox 1652 2887 1939 2966; x_wconf 90' lang='lat' dir='ltr'>dubius</span> <span class='ocrx_word' id='word_1_49' title='bbox 1990 2904 2069 2967; x_wconf 91' lang='lat' dir='ltr'>et</span> <span class='ocrx_word' id='word_1_50' title='bbox 2112 2892 2495 2983; x_wconf 84' lang='lat' dir='ltr'>incertus;</span> 
     </span>
     <span class='ocr_line' id='line_1_10' title="bbox 252 2991 2497 3095; baseline 0.001 -28"><span class='ocrx_word' id='word_1_51' title='bbox 252 2993 408 3090; x_wconf 81' lang='lat' dir='ltr'>sed,</span> <span class='ocrx_word' id='word_1_52' title='bbox 462 3019 674 3095; x_wconf 89' lang='lat' dir='ltr'>quae</span> <span class='ocrx_word' id='word_1_53' title='bbox 712 3018 865 3069; x_wconf 88' lang='lat' dir='ltr'>nec</span> <span class='ocrx_word' id='word_1_54' title='bbox 914 2995 1185 3068; x_wconf 90' lang='lat' dir='ltr'>minor</span> <span class='ocrx_word' id='word_1_55' title='bbox 1210 2995 1377 3071; x_wconf 88' lang='lat' dir='ltr'>laus</span> <span class='ocrx_word' id='word_1_56' title='bbox 1420 3008 1576 3088; x_wconf 86' lang='lat' dir='ltr'>est,</span> <span class='ocrx_word' id='word_1_57' title='bbox 1629 3006 1905 3069; x_wconf 83' lang='lat' dir='ltr'>natum</span> <span class='ocrx_word' id='word_1_58' title='bbox 1941 3007 2019 3069; x_wconf 88' lang='lat' dir='ltr'>et</span> <span class='ocrx_word' id='word_1_59' title='bbox 2060 2991 2362 3070; x_wconf 86' lang='lat' dir='ltr'>factum</span> <span class='ocrx_word' id='word_1_60' title='bbox 2396 2994 2497 3070; x_wconf 88' lang='lat' dir='ltr'>ad</span> 
     </span>
     <span class='ocr_line' id='line_1_11' title="bbox 247 3094 2498 3197; baseline 0.002 -28"><span class='ocrx_word' id='word_1_61' title='bbox 247 3094 551 3172; x_wconf 82' lang='lat' dir='ltr'>inventa</span> <span class='ocrx_word' id='word_1_62' title='bbox 598 3098 968 3197; x_wconf 85' lang='lat' dir='ltr'>priorum</span> <span class='ocrx_word' id='word_1_63' title='bbox 1018 3097 1245 3175; x_wconf 87' lang='lat' dir='ltr'>rudia</span> <span class='ocrx_word' id='word_1_64' title='bbox 1309 3113 1389 3175; x_wconf 79' lang='lat' dir='ltr'>et</span> <span class='ocrx_word' id='word_1_65' title='bbox 1445 3096 1810 3174; x_wconf 88' lang='lat' dir='ltr'>inchoata</span> <span class='ocrx_word' id='word_1_66' title='bbox 1854 3095 2348 3196; x_wconf 88' lang='lat' dir='ltr'>perficienda</span> <span class='ocrx_word' id='word_1_67' title='bbox 2417 3112 2498 3174; x_wconf 79' lang='lat' dir='ltr'>et</span> 
     </span>
     <span class='ocr_line' id='line_1_12' title="bbox 244 3199 2496 3304; baseline 0.001 -31"><span class='ocrx_word' id='word_1_68' title='bbox 244 3199 612 3297; x_wconf 88' lang='lat' dir='ltr'>polienda</span> <span class='ocrx_word' id='word_1_69' title='bbox 664 3201 1229 3301; x_wconf 82' lang='lat' dir='ltr'>ornandaque;</span> <span class='ocrx_word' id='word_1_70' title='bbox 1302 3227 1544 3304; x_wconf 88' lang='lat' dir='ltr'>quam</span> <span class='ocrx_word' id='word_1_71' title='bbox 1591 3201 2082 3276; x_wconf 88' lang='lat' dir='ltr'>admirabilis·</span> <span class='ocrx_word' id='word_1_72' title='bbox 2111 3225 2360 3302; x_wconf 88' lang='lat' dir='ltr'>porro</span> <span class='ocrx_word' id='word_1_73' title='bbox 2409 3227 2496 3276; x_wconf 90' lang='lat' dir='ltr'>ac</span> 
     </span>
     <span class='ocr_line' id='line_1_13' title="bbox 244 3300 2496 3407; baseline 0.003 -33"><span class='ocrx_word' id='word_1_74' title='bbox 244 3300 418 3376; x_wconf 85' lang='lat' dir='ltr'>felix</span> <span class='ocrx_word' id='word_1_75' title='bbox 466 3302 825 3399; x_wconf 82' lang='lat' dir='ltr'>fabulae,</span> <span class='ocrx_word' id='word_1_76' title='bbox 882 3330 1127 3407; x_wconf 87' lang='lat' dir='ltr'>quarn</span> <span class='ocrx_word' id='word_1_77' title='bbox 1168 3305 1316 3382; x_wconf 91' lang='lat' dir='ltr'>sibi</span> <span class='ocrx_word' id='word_1_78' title='bbox 1360 3305 1725 3381; x_wconf 86' lang='lat' dir='ltr'>carminis</span> <span class='ocrx_word' id='word_1_79' title='bbox 1772 3317 2334 3402; x_wconf 80' lang='lat' dir='ltr'>argumentum</span> <span class='ocrx_word' id='word_1_80' title='bbox 2370 3301 2496 3380; x_wconf 90' lang='lat' dir='ltr'>fe-</span> 
     </span>
     <span class='ocr_line' id='line_1_14' title="bbox 249 3407 2493 3510; baseline 0.002 -32"><span class='ocrx_word' id='word_1_81' title='bbox 249 3407 377 3501; x_wconf 82' lang='lat' dir='ltr'>cit,</span> <span class='ocrx_word' id='word_1_82' title='bbox 426 3421 707 3484; x_wconf 85' lang='lat' dir='ltr'>natura</span> <span class='ocrx_word' id='word_1_83' title='bbox 748 3408 848 3483; x_wconf 93' lang='lat' dir='ltr'>sit</span> <span class='ocrx_word' id='word_1_84' title='bbox 893 3421 978 3483; x_wconf 87' lang='lat' dir='ltr'>et</span> <span class='ocrx_word' id='word_1_85' title='bbox 1025 3422 1414 3510; x_wconf 81' lang='lat' dir='ltr'>quantum</span> <span class='ocrx_word' id='word_1_86' title='bbox 1460 3410 1541 3484; x_wconf 92' lang='lat' dir='ltr'>in</span> <span class='ocrx_word' id='word_1_87' title='bbox 1580 3409 1739 3484; x_wconf 90' lang='lat' dir='ltr'>hoc</span> <span class='ocrx_word' id='word_1_88' title='bbox 1775 3407 2072 3496; x_wconf 85' lang='lat' dir='ltr'>dilectu</span> <span class='ocrx_word' id='word_1_89' title='bbox 2107 3407 2493 3483; x_wconf 89' lang='lat' dir='ltr'>iudicium</span> 
     </span>
     <span class='ocr_line' id='line_1_15' title="bbox 251 3511 2492 3614; baseline 0.002 -33"><span class='ocrx_word' id='word_1_90' title='bbox 251 3511 609 3589; x_wconf 86' lang='lat' dir='ltr'>emineat:</span> <span class='ocrx_word' id='word_1_91' title='bbox 642 3511 1060 3610; x_wconf 88' lang='lat' dir='ltr'>superiore</span> <span class='ocrx_word' id='word_1_92' title='bbox 1079 3514 1645 3614; x_wconf 86' lang='lat' dir='ltr'>Disquisitione</span> <span class='ocrx_word' id='word_1_93' title='bbox 1673 3512 2117 3612; x_wconf 83' lang='lat' dir='ltr'>expositum</span> <span class='ocrx_word' id='word_1_94' title='bbox 2153 3524 2291 3591; x_wconf 87' lang='lat' dir='ltr'>est.</span> <span class='ocrx_word' id='word_1_95' title='bbox 2331 3514 2492 3589; x_wconf 87' lang='lat' dir='ltr'>Re-</span> 
     </span>
     <span class='ocr_line' id='line_1_16' title="bbox 252 3613 2491 3716; baseline 0.002 -33"><span class='ocrx_word' id='word_1_96' title='bbox 252 3623 418 3706; x_wconf 80' lang='lat' dir='ltr'>stat,</span> <span class='ocrx_word' id='word_1_97' title='bbox 490 3614 713 3714; x_wconf 89' lang='lat' dir='ltr'>quod</span> <span class='ocrx_word' id='word_1_98' title='bbox 755 3613 890 3690; x_wconf 88' lang='lat' dir='ltr'>illo</span> <span class='ocrx_word' id='word_1_99' title='bbox 947 3615 1131 3690; x_wconf 88' lang='lat' dir='ltr'>loco</span> <span class='ocrx_word' id='word_1_100' title='bbox 1170 3615 1502 3716; x_wconf 80' lang='lat' dir='ltr'>polliciti</span> <span class='ocrx_word' id='word_1_101' title='bbox 1542 3640 1853 3710; x_wconf 67' lang='lat' dir='ltr'>summ,</span> <span class='ocrx_word' id='word_1_102' title='bbox 1905 3628 1996 3690; x_wconf 91' lang='lat' dir='ltr'>ut</span> <span class='ocrx_word' id='word_1_103' title='bbox 2041 3614 2307 3716; x_wconf 90' lang='lat' dir='ltr'>paucis</span> <span class='ocrx_word' id='word_1_104' title='bbox 2349 3614 2491 3690; x_wconf 92' lang='lat' dir='ltr'>de-</span> 
     </span>
     <span class='ocr_line' id='line_1_17' title="bbox 256 3713 2492 3819; baseline 0.002 -31"><span class='ocrx_word' id='word_1_105' title='bbox 256 3713 654 3813; x_wconf 68' lang='lat' dir='ltr'>daremm,</span> <span class='ocrx_word' id='word_1_106' title='bbox 740 3726 939 3793; x_wconf 80' lang='lat' dir='ltr'>unde</span> <span class='ocrx_word' id='word_1_107' title='bbox 996 3735 1227 3818; x_wconf 80' lang='lat' dir='ltr'>poeta</span> <span class='ocrx_word' id='word_1_108' title='bbox 1282 3724 1643 3819; x_wconf 75' lang='lat' dir='ltr'>subulam</span> <span class='ocrx_word' id='word_1_109' title='bbox 1699 3748 1915 3794; x_wconf 75' lang='lat' dir='ltr'>suam</span> <span class='ocrx_word' id='word_1_110' title='bbox 1974 3725 2269 3818; x_wconf 75' lang='lat' dir='ltr'>eiusque</span> <span class='ocrx_word' id='word_1_111' title='bbox 2335 3735 2492 3794; x_wconf 84' lang='lat' dir='ltr'>tam</span> 
     </span>
     <span class='ocr_line' id='line_1_18' title="bbox 258 3827 2492 3923; baseline 0.002 -31"><span class='ocrx_word' id='word_1_112' title='bbox 258 3827 518 3919; x_wconf 70' lang='lat' dir='ltr'>copioee</span> <span class='ocrx_word' id='word_1_113' title='bbox 558 3829 1049 3898; x_wconf 70' lang='lat' dir='ltr'>instruendae</span> <span class='ocrx_word' id='word_1_114' title='bbox 1089 3839 1159 3898; x_wconf 85' lang='lat' dir='ltr'>et</span> <span class='ocrx_word' id='word_1_115' title='bbox 1208 3830 1599 3905; x_wconf 77' lang='lat' dir='ltr'>ornandae</span> <span class='ocrx_word' id='word_1_116' title='bbox 1636 3828 2032 3898; x_wconf 77' lang='lat' dir='ltr'>materiam</span> <span class='ocrx_word' id='word_1_117' title='bbox 2075 3830 2492 3923; x_wconf 72' lang='lat' dir='ltr'>acceperit,-</span> 
     </span>
     <span class='ocr_line' id='line_1_19' title="bbox 254 3925 2489 4027; baseline 0.003 -33"><span class='ocrx_word' id='word_1_118' title='bbox 254 3934 331 3995; x_wconf 89' lang='lat' dir='ltr'>ut</span> <span class='ocrx_word' id='word_1_119' title='bbox 385 3925 564 4002; x_wconf 88' lang='lat' dir='ltr'>inde</span> <span class='ocrx_word' id='word_1_120' title='bbox 621 3925 907 4002; x_wconf 82' lang='lat' dir='ltr'>clarius</span> <span class='ocrx_word' id='word_1_121' title='bbox 969 3939 1373 4025; x_wconf 80' lang='lat' dir='ltr'>appareat,</span> <span class='ocrx_word' id='word_1_122' title='bbox 1451 3950 1655 4027; x_wconf 85' lang='lat' dir='ltr'>quae</span> <span class='ocrx_word' id='word_1_123' title='bbox 1711 3938 1791 4000; x_wconf 80' lang='lat' dir='ltr'>et</span> <span class='ocrx_word' id='word_1_124' title='bbox 1839 3940 2128 4027; x_wconf 84' lang='lat' dir='ltr'>quanta</span> <span class='ocrx_word' id='word_1_125' title='bbox 2189 3927 2489 4001; x_wconf 86' lang='lat' dir='ltr'>inventi</span> 
     </span>
     <span class='ocr_line' id='line_1_20' title="bbox 254 4020 2487 4131; baseline 0.002 -32"><span class='ocrx_word' id='word_1_126' title='bbox 254 4020 396 4102; x_wconf 85' lang='lat' dir='ltr'>laus</span> <span class='ocrx_word' id='word_1_127' title='bbox 448 4044 736 4131; x_wconf 80' lang='lat' dir='ltr'>poetae</span> <span class='ocrx_word' id='word_1_128' title='bbox 804 4031 1131 4126; x_wconf 87' lang='lat' dir='ltr'>ingenio</span> <span class='ocrx_word' id='word_1_129' title='bbox 1196 4053 1289 4105; x_wconf 83' lang='lat' dir='ltr'>ea</span> <span class='ocrx_word' id='word_1_130' title='bbox 1335 4030 1416 4104; x_wconf 91' lang='lat' dir='ltr'>in</span> <span class='ocrx_word' id='word_1_131' title='bbox 1482 4053 1571 4104; x_wconf 89' lang='lat' dir='ltr'>re</span> <span class='ocrx_word' id='word_1_132' title='bbox 1614 4027 2035 4125; x_wconf 81' lang='lat' dir='ltr'>debeatur,</span> <span class='ocrx_word' id='word_1_133' title='bbox 2104 4041 2183 4104; x_wconf 88' lang='lat' dir='ltr'>et</span> <span class='ocrx_word' id='word_1_134' title='bbox 2243 4054 2487 4131; x_wconf 88' lang='lat' dir='ltr'>quam</span> 
     </span>
     <span class='ocr_line' id='line_1_21' title="bbox 256 4125 2487 4210; baseline 0 -6"><span class='ocrx_word' id='word_1_135' title='bbox 256 4125 577 4210; x_wconf 85' lang='lat' dir='ltr'>limatum</span> <span class='ocrx_word' id='word_1_136' title='bbox 642 4146 728 4209; x_wconf 87' lang='lat' dir='ltr'>et</span> <span class='ocrx_word' id='word_1_137' title='bbox 794 4131 1090 4208; x_wconf 87' lang='lat' dir='ltr'>subtile</span> <span class='ocrx_word' id='word_1_138' title='bbox 1156 4132 1322 4208; x_wconf 90' lang='lat' dir='ltr'>eius</span> <span class='ocrx_word' id='word_1_139' title='bbox 1398 4131 1642 4208; x_wconf 85' lang='lat' dir='ltr'>fuerit</span> <span class='ocrx_word' id='word_1_140' title='bbox 1697 4131 2078 4207; x_wconf 89' lang='lat' dir='ltr'>iudicium</span> <span class='ocrx_word' id='word_1_141' title='bbox 2141 4133 2221 4206; x_wconf 87' lang='lat' dir='ltr'>in</span> <span class='ocrx_word' id='word_1_142' title='bbox 2287 4130 2487 4207; x_wconf 85' lang='lat' dir='ltr'>deli-</span> 
     </span>
    </p>
   </div>
   <div class='ocr_carea' id='block_1_5' title="bbox 248 4235 2616 4335">
    <p class='ocr_par' dir='ltr' id='par_1_5' title="bbox 248 4235 2616 4335">
     <span class='ocr_line' id='line_1_22' title="bbox 248 4235 2616 4335; baseline -0 -26"><span class='ocrx_word' id='word_1_143' title='bbox 248 4237 481 4329; x_wconf 81' lang='lat' dir='ltr'>gendo</span> <span class='ocrx_word' id='word_1_144' title='bbox 549 4238 702 4314; x_wconf 87' lang='lat' dir='ltr'>sihi</span> <span class='ocrx_word' id='word_1_145' title='bbox 775 4249 1252 4334; x_wconf 86' lang='lat' dir='ltr'>argumento</span> <span class='ocrx_word' id='word_1_146' title='bbox 1322 4235 1754 4327; x_wconf 80' lang='lat' dir='ltr'>eiusmodi,</span> <span class='ocrx_word' id='word_1_147' title='bbox 1842 4235 2067 4335; x_wconf 91' lang='lat' dir='ltr'>quod</span> <span class='ocrx_word' id='word_1_148' title='bbox 2123 4237 2486 4332; x_wconf 83' lang='lat' dir='ltr'>ingentes</span> <span class='ocrx_word' id='word_1_149' title='bbox 2611 4277 2616 4282; x_wconf 97' lang='lat'>-</span> 
     </span>
    </p>
   </div>
   <div class='ocr_carea' id='block_1_6' title="bbox 226 4331 2483 4554">
    <p class='ocr_par' dir='ltr' id='par_1_6' title="bbox 226 4331 2483 4554">
     <span class='ocr_line' id='line_1_23' title="bbox 245 4331 2483 4438; baseline -0.001 -24"><span class='ocrx_word' id='word_1_150' title='bbox 245 4361 480 4419; x_wconf 84' lang='lat' dir='ltr'>rerum</span> <span class='ocrx_word' id='word_1_151' title='bbox 542 4357 621 4420; x_wconf 83' lang='lat' dir='ltr'>et</span> <span class='ocrx_word' id='word_1_152' title='bbox 672 4353 1356 4417; x_wconf 85' lang='lat' dir='ltr'>ornamentorum</span> <span class='ocrx_word' id='word_1_153' title='bbox 1410 4331 1756 4414; x_wconf 85' lang='lat' dir='ltr'>haberet</span> <span class='ocrx_word' id='word_1_154' title='bbox 1818 4340 2083 4438; x_wconf 87' lang='lat' dir='ltr'>copias</span> <span class='ocrx_word' id='word_1_155' title='bbox 2148 4338 2245 4412; x_wconf 91' lang='lat' dir='ltr'>ab</span> <span class='ocrx_word' id='word_1_156' title='bbox 2317 4336 2483 4413; x_wconf 87' lang='lat' dir='ltr'>aliis</span> 
     </span>
     <span class='ocr_line' id='line_1_24' title="bbox 226 4440 2479 4554; baseline -0.004 -30"><span class='ocrx_word' id='word_1_157' title='bbox 226 4442 356 4527; x_wconf 81' lang='lat' dir='ltr'>iam</span> <span class='ocrx_word' id='word_1_158' title='bbox 395 4462 716 4554; x_wconf 83' lang='lat' dir='ltr'>paratas</span> <span class='ocrx_word' id='word_1_159' title='bbox 776 4457 868 4520; x_wconf 87' lang='lat' dir='ltr'>et</span> <span class='ocrx_word' id='word_1_160' title='bbox 910 4441 1567 4542; x_wconf 57' lang='lat' dir='ltr'>subministrans,</span> <span class='ocrx_word' id='word_1_161' title='bbox 1629 4455 1719 4518; x_wconf 88' lang='lat' dir='ltr'>ut</span> <span class='ocrx_word' id='word_1_162' title='bbox 1764 4440 2123 4517; x_wconf 82' lang='lat' dir='ltr'>doctrina</span> <span class='ocrx_word' id='word_1_163' title='bbox 2171 4453 2479 4516; x_wconf 84' lang='lat' dir='ltr'>tantum</span> 
     </span>
    </p>
   </div>
  </div>
 </body>
</html>
