2882 5028
679 324 1289 400 AENEmos
1346 326 1559 401 Lm.
1615 326 1714 421 11,
1774 331 2208 405 182—194

2418 332 2570 409 295

306 509 774 588 Roboribus
802 511 1065 610 textiS‚
1119 509 1516 611 coeloque
1553 510 1935 608 educere,
1990 514 2232 608 iussit,

306 620 423 689 Ne
454 613 704 714 recipi
741 616 1030 714 portis,
1087 628 1218 689 aut
1248 614 1429 690 duci
1464 616 1544 689 in
1577 618 1896 692 moenia
1924 618 2213 717 possit;

301 723 479 793 Neu
507 716 907 817 populum
938 718 1254 818 antiqua
1283 717 1432 795 sub
1459 717 1845 816 religione
1879 722 2107 800 tueri.

300 826 505 897 Nam
526 881 549 914 ‚
602 821 665 895 si
700 834 958 897 vestra
992 846 1273 921 manus
1303 821 1665 898 violasset
1694 822 1907 900 dona
1929 825 2358 919 Minervae,

302 928 521 999 Tum
578 947 965 1023 magnum
1031 926 1349 1002 exitium
1416 925 1693 1027 (quod
1752 926 1833 1003 di
1891 929 2109 1028 prius
2169 950 2415 1002 omen
2482 927 2561 1001 in

292 1133 883 1230 Convertant!)
958 1132 1248 1207 Priami
1323 1132 1430 1207 im

1472 1030 1735 1128 ipsum

1436 1133 1664 1234 perio
1745 1132 2348 1234 Phrygibusque
2434 1131 2559 1209 fu·-

2418 1039 2562 1110 190

1476 1248 1745 1311 turum
1769 1273 1790 1330 ;

293 1337 444 1412 Sin
471 1333 844 1411 manibus
880 1338 1152 1412 vestris
1179 1350 1524 1413 vestram
1555 1339 2095 1417 adscendisset
2127 1338 2207 1414 in
2235 1337 2559 1416 urbem:

290 1438 532 1517 Ultro
563 1441 827 1515 Asiam
864 1463 1158 1538 magno
1189 1439 1539 1542 Pelopea
1567 1442 1668 1519 ad
1695 1445 2018 1520 moenia
2050 1440 2269 1518 bello

286 1548 784 1643 Venturam,
827 1557 907 1619 et
940 1556 1258 1619 nostros
1288 1568 1377 1622 ea
1403 1544 1560 1622 tata
1584 1571 1914 1624 manere
1940 1558 2302 1648 nepoteS.

449 1753 548 1807 187
586 1751 709 1803 Neu
740 1752 911 1823 recipi
929 1749 1220 1802 Priscianus
1246 1750 1340 1804 lib.
1372 1753 1528 1806 xvn
1551 1771 1666 1806 cum
1694 1754 1852 1808 codd.
1875 1754 2094 1823 aliquot.
2164 1753 2222 1804 in
2245 1754 2428 1823 portis
2455 1769 2559 1803 sec.

286 1822 500 1873 Moret-
569 1839 669 1872 nec
709 1820 841 1871 duci
873 1820 1071 1890 primus
1100 1822 1291 1872 Moret.
1330 1823 1407 1889 (et
1443 1824 1562 1876 Alb.
1606 1826 1752 1894 Wr.)
1826 1837 2019 1896 posset
2057 1821 2305 1874 Priscian.
2343 1820 2473 1872 ibid.
2514 1838 2559 1872 c.

286 1890 547 1942 Gudiano
583 1900 635 1941 et
662 1888 731 1941 al.
768 1891 995 1970 (posset,
1027 1899 1241 1960 praeter
1264 1892 1420 1955 Gud„
1455 1894 1709 1946 Rottend.
1752 1903 1870 1945 tert.
1903 1903 1957 1944 et
1988 1891 2082 1944 alii
2099 1892 2237 1953 du03
2286 1890 2429 1960 quod
2454 1890 2560 1940 du-

287 1960 535 2013 bitabam
557 1998 574 2024 ,
610 1977 674 2010 an
701 1976 1022 2026 reciperem,
1058 1977 1212 2029 quum
1241 1962 1410 2014 omnis
1440 1962 1598 2014 etiam
1615 2003 1631 2029 ‚
1665 1981 1799 2031 quae
1827 1961 2094 2031 sequitur,
2127 1960 2301 2012 oratio
2337 1960 2405 2011 ad
2430 1959 2559 2011 cal-

290 2030 544 2081 chantem
576 2030 868 2089 reseratum
902 2027 1057 2079 facile
1082 2038 1254 2081 autem
1279 2029 1485 2083 librarii
1521 2033 1591 2085 ad
1632 2033 1958 2102 superiorem
1988 2048 2191 2083 versum
2216 2030 2461 2082 aberrare
2504 2040 2560 2080 et

290 2100 446 2151 verbi
486 2100 657 2150 isuaia
692 2096 1113 2150 terminationem
1150 2098 1217 2149 ad
1259 2099 1363 2152 hoc
1416 2102 1633 2153 verbum
1667 2102 2061 2155 accommodare
2108 2109 2412 2170 potuerunt.
2499 2101 2559 2149 In

293 2168 455 2221 Prisc.
481 2179 661 2219 tamen
691 2167 841 2231 XVI,
879 2170 928 2230 1,
963 2169 1009 2235 §.
1046 2167 1097 2222 5.
1135 2167 1388 2221 Krehlius
1423 2173 1606 2242 possit
1655 2171 1838 2224 edidit.
1920 2171 2158 2222 Ceterum
2202 2171 2355 2221 intra
2381 2187 2557 2220 moen.

296 2237 505 2301 Medic„
542 2235 721 2299 literis
761 2248 854 2288 tra
890 2246 1066 2288 tamen
1100 2238 1400 2306 expunctis,
1467 2240 1564 2291 sed
1597 2258 1628 2293 a
1663 2258 1816 2292 manu
1853 2239 2018 2292 multo
2056 2239 2369 2292 recentiore.
2412 2237 2557 2305 Wr.)

304 2309 400 2362 188
432 2309 553 2360 Nec
577 2306 689 2358 alii.
759 2305 866 2357 Sed
896 2307 949 2356 in
980 2305 1060 2357 his
1087 2308 1316 2359 varietas
1341 2310 1486 2361 MSS.
1515 2310 1586 2361 ad
1611 2310 1896 2362 fastidium.
1964 2313 2144 2361 teneti
2161 2307 2410 2360 Priscian.
2439 2307 2557 2372 l.c.‚

302 2377 504 2429 vitiose.

652 2377 757 2430 190
790 2376 1056 2427 excidium
1083 2377 1330 2429 Priscian.
1362 2377 1492 2431 ibid.
1536 2380 1674 2431 alter
1714 2380 1901 2434 Hamb.
1941 2390 1996 2431 et
2025 2380 2177 2431 Voss.
2230 2378 2411 2447 (etiarn
2437 2376 2557 2429 Alb.

305 2448 445 2514 Wr.)
513 2463 783 2517 magnum
808 2461 998 2496 ornans
1022 2446 1298 2516 epitheton
1326 2457 1422 2499 est.
1495 2449 1602 2514 (dii
1625 2450 1814 2502 Medic.
1862 2449 2003 2519 apud
2025 2447 2264 2517 Foggin„
2325 2446 2420 2498 sed
2456 2463 2557 2496 eo-

296 2516 411 2569 dem
436 2520 675 2568 fortasse
702 2532 901 2578 errore,
937 2533 1088 2584 quem
1117 2516 1171 2568 h.
1197 2517 1234 2569 l.
1257 2517 1308 2568 in
1337 2519 1503 2586 fragm

1508 2557 1522 2571 .
1562 2522 1685 2572 Vat.
1728 2528 1879 2571 notat
1920 2520 2200 2571 Bottarius.
2270 2520 2345 2568 Di
2370 2527 2424 2567 et
2457 2518 2559 2568 Dis

295 2586 487 2657 ubique
510 2586 571 2636 in
602 2583 800 2636 Medic.
829 2594 1044 2655 praeter
1071 2585 1126 2637 h.
1153 2586 1190 2638 l.
1219 2597 1276 2637 et
1303 2586 1439 2638 infra
1470 2588 1593 2644 352.
1631 2600 1685 2642 et
1710 2590 1852 2651 702„
1884 2589 1985 2639 nisi
2020 2598 2074 2640 et
2099 2588 2231 2639 haec
2253 2588 2424 2639 errori
2454 2586 2555 2637 de-

294 2658 511 2719 beata-3
588 2654 788 2717 semel,
841 2656 939 2707 Ge.
978 2657 1055 2719 u,
1107 2659 1245 2719 101„
1311 2657 1478 2709 altera
1539 2660 1562 2710 i
1605 2676 1719 2711 voc.
1763 2661 1866 2710 Dis
1920 2656 2342 2728 superscribitur.
2411 2655 2554 2721 Wr.)

304 2729 392 2781 191
427 2735 760 2779 convertent
793 2724 981 2793 Pagct.
1063 2726 1219 2794 Phry
1270 2727 1328 2778 ’ἐι
1364 2727 1551 2779 Hamb.
1587 2746 1676 2846 gr.
1715 2744 1828 2779 cum
1869 2724 2077 2795 aliquot
2111 2726 2264 2778 codd.
2301 2723 2461 2775 Pierii
2503 2735 2557 2776 et

304 2796 481 2864 fragm.
513 2794 699 2846 Vatic.
723 2794 1100 2863 antiquissimo.
1137 2797 1217 2877 (se
1279 2796 1450 2848 altera
1474 2797 1584 2848 eius

1625 2815 1705 2847 em
1741 2795 1900 2847 lectio
1934 2793 2369 2864 Phrygibusque.
2409 2795 2495 2846 W
2487 2792 2554 2859 r.)

313 2866 466 2916 Burni.
489 2863 678 2917 undat
716 2863 982 2915 Drakenb.
1022 2863 1089 2916 ad
1114 2864 1207 2917 Sil.
1237 2867 1375 2925 vm,
1422 2866 1547 2921 248.
1617 2864 1905 2936 Frigibus‚
1954 2862 2234 2934 Frugibus
2256 2861 2392 2913 male
2417 2879 2555 2913 scri-

313 2932 456 2988 bitur.

558 2935 666 2991 192
697 2935 904 2985 vestris
931 2932 1181 2986 manibus
1205 2934 1447 2986 Parthas.
1482 2945 1537 2986 et
1564 2937 1699 2987 Ven.
1728 2952 1843 2986 cum
1872 2934 2038 2986 Goth.
2074 2942 2202 2984 tert.
2306 2932 2408 2987 193
2434 2949 2556 2983 ma-

306 3022 460 3075 gnam
496 3005 688 3055 Hamb.
728 3021 813 3073 pr.
885 3002 1126 3074 Pelopea
1169 3002 1381 3071 Heius„
1430 3013 1604 3068 recte,
1642 3021 1755 3056 cum
1794 3003 2039 3058 Mediceo
2076 3012 2127 3054 et
2168 3000 2345 3054 schol.
2383 3001 2553 3054 Statii.

305 3073 427 3126 adde
452 3074 625 3127 Goth.
652 3090 762 3124 sec.
833 3072 1007 3140 Vulgo
1036 3073 1296 3144 Pelopeia
1320 3076 1402 3143 (ut
1427 3073 1593 3125 Palat.
1620 3075 1777 3137 Wr.)‚
1813 3073 1954 3142 quod
1977 3083 2031 3124 et
2057 3071 2225 3144 ipsum
2251 3070 2389 3122 bene
2416 3070 2554 3122 scri-
2633 3073 2638 3079 '

304 3142 446 3207 bitur,
482 3143 585 3195 sed
620 3159 732 3194 nou
755 3142 813 3195 b.
847 3142 885 3193 l.
955 3141 1033 3193 ad
1051 3143 1325 3214 ’Pelopeia
1348 3143 1675 3210 semflamb„
1719 3142 2057 3214 interpolate.

294 3227 435 3267 seros
453 3213 623 3267 Witt.
697 3223 754 3264 ec
784 3226 997 3265 veser-os
1020 3211 1196 3281 Bigot.

288 3408 402 3466 sint
426 3405 709 3487 petituri.
794 3402 977 3465 Vides
1005 3398 1249 3462 technas
1283 3425 1383 3463 sa-

292 3493 365 3552 tin
388 3490 761 3553 veteratorie
782 3490 1125 3550 instructas.

377 3577 769 3644 185—188.
815 3575 1013 3649 Quam
1042 3584 1285 3649 ornate,
1331 3576 1382 3633 si

294 3664 517 3743 singula
542 3660 886 3741 expendas!
928 3662 1014 3721 Ne
1044 3670 1243 3720 tamen
1263 3681 1378 3720 vo-

292 3749 448 3813 timu
476 3749 581 3810 hic
603 3766 797 3826 equus
822 3747 882 3806 in
912 3747 1126 3807 urbem
1148 3743 1378 3818 inferri,

279 3846 338 3896 et
379 3856 502 3917 pro
548 3834 746 3895 tutela
791 3834 977 3892 statui
1021 3832 1207 3913 possit
1223 3846 1252 3908 ,'
1298 3832 1381 3890 ad

280 3932 521 3983 tantam
591 3918 1070 3999 magnitudinem
1139 3918 1379 3996 Equum

272 4010 403 4071 fieri
464 4006 581 4089 (ad
636 4017 762 4066 tam
807 4006 1109 4084 ingentem
1139 4004 1378 4077 molem,

269 4096 559 4156 trabibus
624 4100 1007 4165 contextam,
1091 4090 1379 4149 extollere

265 4192 326 4241 et
362 4191 647 4251 tentam,
691 4187 765 4236 ut
811 4176 891 4235 ad
946 4177 1176 4236 coelum
1230 4194 1378 4255 per-

2211 3140 2314 3195 194
2347 3141 2406 3191 in
2445 3159 2552 3193 no—

1466 3405 1855 3465 collocatione
1872 3410 2110 3484 poetam
2125 3399 2408 3482 agnoscis.
2432 3422 2551 3459 an-

1467 3494 1638 3570 tiqua
1680 3492 2001 3570 religione,
2063 3486 2126 3548 h.
2176 3507 2227 3548 e.
2270 3506 2372 3562 ea,
2429 3506 2549 3564 qua

1467 3585 1810 3656 surreptum
1853 3573 2183 3634 Palladium
2221 3582 2399 3631 antea
2440 3592 2549 3631 co-

1466 3662 1736 3736 luerant3
1792 3680 1867 3719 ne
1919 3679 2084 3719 nunc
2119 3679 2229 3739 pro
2283 3657 2547 3718 Palladio

1466 3747 1670 3825 Equus
1688 3746 2045 3822 haberetur3
2087 3765 2208 3823 quo
2238 3764 2548 3802 sacrorum

1465 3832 1637 3892 cultu
1669 3832 1959 3891 demerita
2002 3839 2062 3889 et
2095 3828 2357 3912 propitia
2400 3828 2548 3889 red·—

1467 3917 1592 3976 dita
1618 3918 1810 3978 Pallas
1836 3916 2105 3992 eandem,
2147 3924 2220 3975 ut
2242 3925 2401 3989 ante,
2441 3924 2548 3974 tu-

1466 4004 1646 4063 telam
1675 4005 1898 4064 colenti
1933 4001 2161 4082 populo
2195 4008 2546 4081 praestaret.

1553 4092 1674 4165 189
1717 4110 1846 4168 sqq.
1920 4088 2133 4149 Melius
2173 4085 2325 4147 haec
2366 4106 2547 4164 quam

1461 4176 1626 4256 apud
1643 4175 1972 4257 Tryphiod.
1999 4177 2126 4239 288
2140 4192 2289 4251 sqq„
2315 4173 2366 4230 si
2393 4191 2545 4231 con-

266 4270 503 4350 tingere
545 4262 864 4345 videatur)
910 4262 1081 4322 iussit
1109 4260 1375 4321 Calchas.
1459 4264 1617 4324 serre
1678 4262 1863 4322 lubet.
1945 4259 2147 4341 (dona
2204 4261 2545 4331 Minervae,

266 4354 469 4416 Etiam
499 4354 566 4413 in
607 4349 1028 4413 membrorum
1064 4347 1279 4409 ordine
1314 4356 1379 4407 et

1463 4348 1586 4411 vid.
1617 4357 1824 4410 notata
1856 4347 1937 4407 ad
1964 4367 2050 4407 vs.
2074 4349 2178 4411 31.
2204 4345 2310 4406 W
2299 4338 2374 4423 r.)
2423 4346 2542 4409 192
