2882 5028
566 406 699 479 DE
759 406 1243 480 CARMlNE
1297 405 1610 480 EPICO
1669 406 2039 493 VIRGIL.
2353 415 2451 485 23

221 592 512 665 niorum
556 589 856 668 fetibus
904 593 987 667 in
1031 589 1439 692 publicam
1470 588 1738 667 lucem
1786 591 2124 687 eductiS,
2182 582 2448 665 tamen

217 719 311 769 ne
372 695 514 770 sub
570 702 932 794 Augusto
1053 694 1327 770 uidem
1401 693 1878 771 destiterunt
1941 695 2236 770 summi
2309 695 2449 768 viri

211 803 492 874 Graeca
537 802 988 899 exprimere
1067 799 1309 893 atine,
1365 823 1552 875 cum
1595 800 1912 876 Graecis
1957 810 2242 873 ornatu
2289 823 2452 873 cer-

207 916 400 996 tare,
455 927 746 978 eorum
802 905 1128 979 inventa
1194 926 1330 977 sua
1386 899 1688 999 facere,
1771 901 2029 978 multo
2084 902 2333 999 magis
2386 902 2449 976 si

202 1029 496 1081 novum
543 1009 915 1081 carminis
958 1028 1212 1105 genus
1255 1006 1337 1079 in
1399 1008 1804 1082 Romanas
1863 1006 2158 1081 litteras
2203 1002 2446 1081 inser-

202 1124 390 1188 rent.
492 1105 801 1185 Horatii
842 1108 1178 1212 quidem
1219 1110 1587 1186 Carmina
1635 1106 2020 1211 pleraque
2069 1134 2159 1185 ex
2203 1113 2447 1184 Grae-

202 1214 302 1287 cis
330 1214 627 1310 Lyricis
674 1214 1143 1289 adumbrata
1185 1237 1353 1287 esse
1382 1210 1652 1288 nullus
1701 1213 2024 1302 dubito,
2081 1211 2446 1314 quando-

201 1315 521 1416 quidem
564 1317 779 1394 inter
834 1332 999 1393 tam
1052 1340 1297 1418 pauca
1352 1314 1798 1414 fragmenta
1856 1342 1946 1392 ex
1992 1317 2151 1391 istis
2197 1314 2446 1412 lyricis

197 1433 489 1495 servata
519 1422 645 1495 vix
684 1446 947 1497 unum
1002 1431 1081 1496 et
1129 1419 1468 1495 alterum
1514 1433 1665 1515 est,
1720 1420 1940 1495 cuius
1981 1444 2148 1496 non
2202 1420 2445 1494 imita-

200 1525 493 1599 tionem
533 1525 633 1599 ab
663 1526 999 1600 Horatio
1042 1521 1328 1598 factam
1366 1524 1700 1599 excitare
1735 1525 2028 1623 possis3
2086 1522 2281 1623 quid
2314 1525 2445 1599 ita-

203 1653 351 1727 que
406 1626 773 1705 futurum
826 1627 1318 1729 putabimus,
1392 1627 1458 1702 si
1507 1627 1823 1722 Lyricos
1861 1631 2208 1703 Graecos
2251 1628 2444 1701 inte¹

198 1754 373 1828 gros
414 1756 602 1807 cum
650 1734 984 1808 Horatio
1027 1754 1490 1831 comparare
1544 1728 1856 1808 liceret!
1908 1736 2193 1832 Neque
2226 1728 2445 1804 aliter

198 1859 278 1909 se
325 1860 496 1911 rem
538 1837 622 1911 in
670 1835 1020 1931 Catulle,
1080 1834 1534 1934 PropertiO,
1591 1832 1882 1910 Ovidio
1933 1832 2259 1933 aliisque
2301 1831 2442 1908 ha-

197 1938 530 2014 bituram
574 1964 749 2015 esse
801 1939 1133 2014 credere
1178 1936 1295 2012 fas
1350 1951 1505 2029 est,
1578 1938 1638 2011 si
1685 1936 1963 2013 Graeci
2008 1937 2441 2035 Elegorum

197 2044 645 2143 scriptores,
703 2044 1063 2143 inprimis
1095 2040 1604 2118 Alexandrini
1638 2054 1962 2141 poetae,
2020 2039 2279 2116 adhuc
2313 2065 2441 2114 ex-

195 2160 500 2226 starent.
579 2148 777 2242 Quis
826 2147 1091 2247 itaque
1135 2143 1545 2243 Virgilium
1578 2143 2150 2244 reprehendat,
2220 2144 2439 2244 quod

192 2249 696 2350 popularium
737 2275 1073 2325 suorum
1113 2274 1476 2338 sensum,
1547 2246 1927 2323 iudicium
1971 2272 2058 2323 ac
2097 2272 2439 2340 morem,

193 2368 569 2455 sequutus
612 2367 877 2429 totum
926 2379 1012 2428 se
1064 2353 1162 2428 ad
1210 2358 1559 2429 Graecos
1613 2366 1888 2453 poetas
1942 2352 2019 2426 in
2070 2353 2228 2426 suis
2274 2375 2441 2425 car—

190 2457 530 2534 minibus
565 2455 1132 2558 exprimendos
1169 2455 1593 2558 applicuit?
1644 2461 1865 2533 Nova
1897 2455 2278 2532 accedere
2326 2455 2441 2529 vi-

194 2561 520 2637 debatur
588 2563 996 2663 voluptaS,
1078 2586 1281 2663 quae
1343 2560 1961 2636 delectationem
2032 2562 2111 2634 in
2186 2559 2441 2660 maius

197 2679 490 2741 auctam
526 2663 903 2760 afferret,
958 2666 1022 2740 si
1053 2664 1452 2766 praeclara
1499 2677 1579 2738 et
1623 2664 1876 2737 suavis
1919 2663 2307 2738 sententia
2337 2663 2438 2736 si-

194 2767 348 2843 mul
388 2770 653 2866 graeci
689 2768 848 2844 loci
888 2767 1534 2844 recordationem
1579 2765 1914 2856 faceret,
1977 2765 2198 2841 unde
2235 2777 2440 2841 esset

202 2896 565 2971 expressa.
640 2875 732 2948 In
768 2872 1125 2948 Aeneide
1158 2873 1424 2972 itaque
1466 2869 1696 2970 pauci
1732 2884 1915 2943 sunt
1945 2892 2218 2945 mores
2260 2877 2437 2965 (seu

207 2973 732 3073 characteres),
789 2978 910 3050 vix
945 2975 1197 3050 ullum
1227 2973 1528 3051 factum
1567 2970 2011 3068 notabiliUS,
2065 2974 2188 3046 vix
2216 2971 2439 3047 locus

207 3076 459 3179 aliquis
524 3080 1084 3179 praestantior,
1170 3080 1251 3153 in
1325 3101 1489 3181 quo
1543 3101 1710 3151 non
1766 3090 2055 3177 poetae
2118 3075 2438 3151 alicuius

203 3183 498 3274 Graeci,
574 3184 937 3284 inprimis
983 3183 1358 3277 Homeri,
1424 3180 1739 3279 vestigia
1775 3203 2166 3277 agnoscas,
2275 3178 2433 3254 Sed

204 3284 271 3357 in
314 3286 592 3362 eadem
638 3284 999 3363 Aeneide
1043 3284 1301 3361 multo
1350 3284 1800 3360 doctiorem
1841 3297 1919 3359 et
1961 3283 2437 3380 ingeniosio-

201 3413 357 3462 rem
384 3391 873 3466 imitatorem
904 3413 1278 3489 agnoscas
1311 3386 1578 3482 facile,
1635 3413 1880 3489 quam
1918 3387 1996 3462 in
2024 3384 2434 3481 Bucolicis,

203 3491 269 3564 in
312 3494 598 3592 quibus
642 3492 895 3568 multa
946 3494 1237 3594 passim
1284 3494 1536 3568 aliena
1576 3517 1617 3566 a
1666 3515 1943 3565 rerum
1973 3491 2299 3565 veritate
2356 3503 2435 3563 et

202 3597 487 3672 ratione
521 3597 777 3697 posita
825 3598 1305 3691 notavimus,
1362 3609 1441 3671 et
1489 3595 1636 3670 alia
1684 3591 1917 3669 facile
1955 3593 2210 3669 notari
2255 3617 2434 3693 pos-

202 3712 396 3794 sunt,
461 3702 543 3776 in
597 3725 805 3802 quae
856 3714 1096 3800 poeta
1142 3697 1503 3788 imitandi
1534 3696 1799 3772 studio
1844 3722 2122 3797 parum
2168 3695 2432 3770 subtili

203 3801 487 3901 incidit,
562 3818 649 3880 ut
698 3829 883 3880 cum
932 3816 1203 3905 pastor
1244 3803 1615 3878 indoctus
1644 3802 1955 3890 ,Ararim
2005 3813 2084 3874 et
2130 3801 2432 3875 Oaxem

160 3917 615 4003 ''memorat‚
674 3921 809 3982 aut
851 3908 934 3982 in
969 3906 1165 3983 aliis:
1216 3936 1450 4006 nuper
1480 3934 1593 3980 me
1636 3912 1710 3978 in
1742 3911 1992 3981 littore
2019 3909 2208 3993 vidi,
2265 3915 2433 3981 aut:

202 4018 496 4088 novimus
527 4029 603 4088 et
645 4018 771 4111 qm·
799 4026 890 4100 te,
947 4024 1026 4086 et
1055 4009 1135 4085 id
1165 4032 1416 4106 genus
1449 4007 1615 4092 alia.
1684 4012 1971 4109 Neque
2005 4031 2198 4082 vero
2234 4005 2431 4081 haec

203 4117 668 4193 Graecorum
724 4114 1062 4191 imitatio
1108 4126 1238 4187 aut
1282 4113 1604 4212 ingenio
1654 4136 1919 4186 carere
1966 4124 2098 4185 aut
2136 4108 2429 4186 iudicio

197 4220 513 4315 putanda
565 4231 732 4308 est;
794 4230 912 4293 est
958 4217 1174 4291 enim
1214 4214 1338 4292 illa
1403 4241 1911 4316 nequaquam
1956 4213 2254 4289 servilis
2299 4228 2431 4288 aut

193 4320 551 4418 affectata,
619 4319 1079 4398 cuiusmodi
1110 4319 1206 4393 ab
1245 4319 1565 4418 ingenio
1609 4319 1785 4394 exili
1817 4331 1896 4394 et
1929 4318 2209 4415 ignavo
2241 4344 2428 4417 pro-

186 4420 401 4505 ficisci
443 4426 702 4522 solet,
764 4448 1037 4525 neque
1082 4423 1162 4498 in
1218 4423 1536 4499 alterius
1569 4435 1857 4524 poetae
1896 4419 2192 4516 verbis,
2250 4445 2429 4495 mo-
