2882 5028
531 388 683 464 592

1053 379 1133 453 P.
1202 376 1717 453 VIRGILII
1776 372 2334 453 MARONIS

529 571 673 638 621.
716 567 853 642 ubi,
910 565 1363 626 recrudescente
1406 584 1513 644 per
1569 573 1807 623 noctem
1853 564 2059 623 dolore
2104 564 2340 640 furens,
2398 560 2731 629 522—553

532 654 819 714 Troianos
878 650 1201 710 discessisse
1258 650 1449 726 vidit,
1521 648 1666 709 diris
1724 649 1985 709 Aeneam
2047 650 2340 724 devovet,
2404 648 2731 713 584—629

533 740 914 818 ablegataque
955 739 1138 795 Barce
1168 735 1402 795 Sichaei
1447 735 1703 809 nutrice,
1746 754 1822 795 ne
1851 735 2000 813 quid
2047 736 2379 795 destinatae
2420 733 2599 794 morti
2636 733 2733 792 im·

530 824 854 906 pedimenti
895 822 1187 900 adferret,
1231 841 1436 881 necem
1476 820 1588 881 sibi
1631 821 1957 881 consciscit.

616 1244 778 1306 Libri
833 1243 1011 1306 huius
1092 1245 1410 1306 artificium
1472 1245 1608 1323 quis

534 1351 656 1390 non
705 1330 929 1392 sensit?
987 1332 1119 1411 quis
1164 1351 1286 1391 non
1327 1329 1606 1391 laudibus

535 1417 943 1496 praedicavit?
1003 1418 1109 1475 Est
1136 1416 1293 1476 enim
1329 1416 1407 1475 ad
1437 1437 1605 1477 com-

532 1522 772 1561 munem
803 1501 1116 1563 hominum
1147 1502 1422 1561 affectum
1440 1523 1610 1564 eom-

531 1597 740 1668 parata
786 1607 915 1663 res,
977 1608 1145 1647 amor
1194 1588 1490 1648 infaustus
1547 1597 1610 1647 et

534 1693 807 1744 successu
847 1692 1072 1734 carens.
1158 1673 1220 1731 Si
1254 1674 1328 1732 de
1355 1674 1426 1734 iis
1466 1695 1611 1754 par-

537 1760 694 1820 tibus
740 1760 1015 1818 carminis
1062 1759 1401 1836 quaeritur,
1460 1779 1611 1839 quae

534 1844 773 1924 Virgilio
802 1845 1075 1924 propriae
1090 1852 1250 1920 sunt,
1283 1854 1345 1904 et
1368 1864 1445 1903 ex
1471 1845 1611 1924 qui-

535 1931 648 1991 bus
691 1932 817 1989 eius
857 1931 1153 2009 ingenium
1195 1941 1256 1989 et
1287 1951 1383 1988 ars
1411 1931 1612 2011 inpri-

534 2018 645 2076 mis
661 2017 912 2094 spectari
930 2014 1222 2093 simulque
1250 2014 1400 2075 illud
1426 2016 1613 2076 intel-

533 2101 636 2180 ligi
676 2102 890 2181 possit,
948 2111 1239 2179 quantum
1284 2102 1362 2161 ad
1407 2103 1613 2161 cuius·-

536 2207 650 2265 que
667 2195 876 2265 poetae
889 2186 1154 2247 indolem
1180 2195 1344 2246 aetas
1366 2196 1429 2246 et
1454 2197 1613 2246 tem-

536 2291 787 2352 porum,
848 2272 912 2330 in
935 2292 1089 2349 quae
1113 2272 1325 2332 incidit
1355 2272 1483 2335 eius
1511 2272 1612 2333 vi·-

535 2366 635 2433 ta,
677 2358 880 2436 genius
930 2357 1132 2416 faciat:
1188 2358 1410 2417 librum
1447 2357 1614 2418 hune

533 2442 730 2524 primo
764 2444 896 2502 loco
937 2443 1318 2504 excitandum
1349 2462 1474 2502 esse
1508 2464 1612 2502 ar-

534 2529 748 2589 bitror.
829 2528 993 2588 Nihil
1031 2530 1212 2607 enim,
1256 2531 1319 2589 in
1347 2530 1609 2589 Homero

536 2623 724 2689 certe,
783 2613 1031 2690 habuit,
1112 2616 1277 2693 quod
1329 2634 1612 2693 sequere-

536 2710 672 2776 tur3
704 2720 844 2759 nam
875 2700 1223 2759 alienissima
1251 2720 1348 2760 res
1374 2703 1450 2762 ab
1478 2702 1612 2760 Ho-

535 2787 684 2846 meri
721 2786 954 2845 saeculo
993 2795 1053 2844 et
1106 2788 1398 2864 moribus,
1457 2786 1612 2846 deli-

538 2873 656 2931 cias
679 2872 741 2930 in
767 2891 967 2931 amore
997 2872 1211 2947 facere,
1256 2882 1362 2933 aut
1392 2874 1613 2951 exqui-

535 2958 800 3018 sitiorem
831 2958 1082 3035 aliquem
1111 2959 1386 3018 affectum
1419 2958 1614 3018 susci·-

536 3063 693 3124 pere.
746 3043 1047 3122 Euripidis
1075 3044 1332 3103 Alcestin
1355 3045 1418 3104 in
1452 3064 1611 3105 non-

536 3129 716 3188 nullis
749 3138 884 3187 ante
913 3129 1116 3188 oculos
1152 3130 1371 3190 habere
1395 3130 1613 3210 potuit.

534 3215 725 3273 Etiam
777 3233 854 3272 ex
905 3214 1107 3273 Naevii
1175 3216 1330 3275 bello
1386 3216 1613 3275 Punico

537 3319 673 3358 eum
727 3299 1013 3357 nonnulla
1058 3300 1368 3359 retinuisse
1415 3302 1613 3381 suspi-

536 3405 666 3459 cor;
716 3404 775 3443 v.
820 3383 1081 3443 Macrob.
1123 3386 1220 3459 v1,
1264 3391 1306 3451 2
1350 3396 1505 3447 extr.
1553 3395 1614 3445 et

534 3473 703 3528 Serv.
752 3468 828 3527 ad
869 3470 965 3543 IV,
1016 3474 1073 3533 9.
1160 3472 1279 3530 Sed
1308 3471 1611 3532 communi

535 3554 812 3634 opinione
861 3554 1243 3634 Apollonium
1271 3556 1472 3617 Rhod.
1512 3580 1610 3617 se·-

534 3650 757 3718 quutus
784 3659 905 3699 esse
933 3642 1126 3700 fertur
1150 3643 1267 3701 iam
1293 3644 1354 3700 in
1369 3646 1613 3704 Servia-

539 3726 631 3784 nis
665 3725 740 3783 ad
768 3726 870 3786 lib.
915 3726 995 3785 IV
1023 3748 1114 3806 pr.
1157 3737 1217 3787 et
1241 3728 1502 3793 Macrob.
1541 3731 1610 3804 V,

537 3815 638 3874 17.
695 3811 930 3870 Scilicet
962 3812 1200 3871 Medeae
1240 3835 1501 3874 amorem
1533 3816 1612 3874 ad

532 3896 826 3955 Didonem
872 3873 1202 3959 tranhulit.
1303 3900 1474 3974 Quae
1510 3911 1611 3959 ta·-

531 4000 669 4042 men
726 3983 836 4040 alia
888 3983 1028 4042 inde
1078 3986 1286 4045 tollere
1324 3988 1609 4064 potuerit,

530 4077 766 4149 praeter
803 4088 1024 4147 pauca,
1085 4090 1238 4149 quae
1282 4073 1359 4129 ad
1389 4074 1610 4150 primos

529 4154 674 4214 libri
715 4171 923 4212 versus
957 4164 1019 4212 et
1060 4156 1272 4235 passim
1316 4158 1455 4216 alibi
1493 4179 1610 4216 no-

529 4240 806 4314 tavimus,
833 4240 940 4299 vix
971 4242 1287 4320 quicquam
1319 4244 1608 4319 occurrit3

530 4337 593 4387 et
637 4326 880 4386 Medeae
937 4346 1104 4386 amor
1145 4326 1470 4387 admodum
1512 4328 1610 4387 di·-

529 4433 737 4475 versus
768 4412 842 4472 ab
864 4432 1065 4474 amore
1088 4413 1367 4492 Didoni85
1399 4414 1464 4473 in
1490 4433 1609 4493 qua

1691 1243 2091 1305 secundarum
2141 1245 2493 1324 nuptiarum
2554 1241 2740 1321 pudor,

1693 1341 1754 1391 et
1791 1330 1949 1409 regia
1996 1329 2286 1408 dignitas,
2339 1329 2746 1408 imperiumque

1690 1418 1757 1476 in
1804 1427 1965 1476 novo
2020 1434 2234 1493 regno,
2312 1415 2586 1494 inprimis
2628 1432 2743 1473 vero

1692 1502 1958 1561 animum
1983 1500 2259 1580 superbia
2285 1510 2345 1559 et
2368 1501 2464 1559 ira
2480 1500 2746 1559 exstimu-

1690 1588 1839 1649 lant.
1950 1588 2229 1645 Ceterum
2291 1586 2460 1646 hunc
2531 1583 2748 1645 Didonis

1693 1691 1953 1733 amorem
1997 1693 2032 1729 a
2084 1680 2177 1730 tot
2221 1671 2349 1731 aliis
2386 1672 2747 1732 muliercula-

1692 1779 1832 1820 rum
1860 1756 2182 1831 amoribus,
2220 1767 2280 1816 et
2303 1779 2338 1816 a
2363 1759 2749 1818 recentiorum

1694 1844 1939 1919 studiis,
1983 1862 2135 1922 quae
2156 1845 2337 1903 toties
2363 1844 2429 1904 in
2456 1845 2566 1904 tali
2591 1863 2749 1922 argu-

1692 1939 1897 1990 mento
1920 1937 2205 2008 occupata
2231 1929 2418 2004 suere,
2446 1929 2750 1990 admodum

1696 2015 2001 2076 diversum
2049 2033 2171 2073 esse
2235 2014 2410 2074 facile
2462 2015 2752 2095 intelligas.

1697 2098 1882 2176 Quod
1909 2120 2027 2178 qua
2072 2100 2447 2201 potissimum
2472 2104 2694 2162 ratione
2719 2120 2748 2157 a

1695 2196 1873 2268 poeta
1890 2186 2165 2246 effectum
2185 2187 2277 2263 sit,
2321 2188 2372 2246 si
2402 2189 2565 2247 sorte
2587 2204 2754 2266 quae·

1694 2293 1827 2348 ras,
1897 2273 2103 2350 quaeri
2143 2282 2343 2332 autem
2385 2272 2510 2333 hoc
2555 2281 2751 2372 potest,

1695 2375 1935 2418 caussae
1974 2357 2065 2417 rei
2105 2356 2251 2416 mihi
2291 2378 2370 2418 ex
2406 2378 2481 2419 eo
2538 2358 2753 2438 potissi·

1695 2463 1863 2503 mum
1908 2440 2229 2503 ducendae
2283 2464 2410 2502 esse
2467 2446 2751 2520 videntur,

1695 2530 1861 2608 quod
1899 2549 2068 2590 amor
2113 2550 2149 2587 a
2187 2530 2417 2590 Didone
2471 2541 2536 2592 et
2575 2535 2752 2591 Aenea

1696 2636 1822 2675 non
1864 2615 2089 2674 ‘leviter
2116 2658 2134 2691 ,
2204 2616 2308 2675 sed
2364 2627 2505 2696 post
2556 2618 2752 2678 multu

1695 2719 2053 2780 magnasque
2100 2701 2437 2761 molitiones
2480 2704 2559 2762 ad
2599 2725 2753 2762 amo·

1692 2806 1823 2847 rem
1854 2787 2321 2865 extinguendum
2349 2790 2579 2849 frustra
2606 2811 2639 2848 a
2665 2790 2755 2848 Di·

1700 2872 1855 2932 done
1883 2872 2067 2930 factas
2080 2918 2100 2946 ,
2137 2881 2197 2930 et
2220 2876 2564 2934 consociata
2588 2876 2753 2935 luno·

1697 2959 1792 3017 nis
1822 2978 1890 3016 ac
1915 2957 2157 3019 Veneris
2183 2959 2260 3016 ad
2297 2978 2430 3018 eam
2460 2961 2754 3041 impellen-

1700 3045 1838 3103 dam
1876 3063 2087 3123 opera,
2152 3045 2508 3125 suscipitur3
2572 3066 2750 3128 porro,

1699 3128 1865 3208 quod
1891 3130 2115 3209 partim
2152 3150 2342 3190 novae
2368 3133 2541 3191 urbis
2578 3136 2751 3193 incre-

1697 3222 1987 3289 mentum,
2014 3216 2230 3295 partim
2252 3236 2751 3283 aerumnosaena‘

1697 3301 2011 3379 vigationis
2050 3301 2184 3360 finis
2224 3321 2299 3360 ex
2345 3322 2417 3362 eo
2465 3315 2752 3384 captatur;

1697 3385 1901 3464 quod
1884 3408 1934 3444 is
1961 3389 2176 3448 amoris
2197 3387 2445 3447 affectus
2474 3412 2613 3450 cum
2630 3390 2752 3459 aliis,

1691 3473 1878 3549 iisque
1904 3473 2278 3550 gravissimis,
2306 3474 2612 3536 affectibus
2624 3495 2753 3535 con·

1695 3558 1933 3616 iunctus
1975 3570 2095 3633 est3
2153 3559 2317 3635 quod
2358 3560 2611 3621 Didonis
2654 3577 2753 3621 non

1697 3643 1878 3703 modo
1926 3643 2104 3703 decus
2142 3665 2212 3701 ac
2242 3646 2430 3720 sama,
2474 3648 2581 3707 sed
2620 3646 2751 3705 salus

1698 3749 1768 3787 ac
1803 3730 1927 3788 vita
1967 3731 2025 3787 in
2070 3750 2139 3787 eo
2187 3729 2420 3809 agitur5
2495 3734 2749 3812 quodque

1695 3814 2061 3874 miserationi
2103 3823 2299 3874 terror
2338 3817 2464 3896 ipse
2513 3830 2604 3878 est
2658 3814 2748 3875 ad·

1695 3901 1939 3959 mixtus,
2027 3900 2249 3959 Aeneas
2279 3902 2525 3979 quidem
2556 3899 2748 3962 nostris

1694 3987 1961 4045 moribus
2005 3986 2203 4045 idonei
2247 3992 2535 4049 amatoris
2565 4006 2747 4070 perso-

1696 4092 1834 4130 nam
1878 4071 2029 4130 male
2072 4072 2367 4131 sustinere
2410 4076 2606 4135 videri
2636 4080 2745 4154 pot

1697 4167 1818 4233 θεῖς
1874 4177 1984 4214 nec
2025 4166 2227 4238 potest
2265 4162 2505 4235 negari,
2567 4159 2665 4220 vix
2698 4164 2744 4210 1⁶

1696 4242 1772 4300 ad
1831 4242 1966 4300 libri
2022 4244 2217 4321 quarti
2282 4244 2466 4304 {inem
2530 4236 2743 4321 legendo

1694 4328 2035 4407 pervenire,
2106 4330 2251 4406 quin
2288 4330 2521 4391 Aeneae
2562 4328 2744 4389 ferit·-

1694 4422 1813 4473 tem
1861 4423 1923 4473 et
1961 4414 2393 4475 immanitatem
2435 4407 2740 4477 exsecrer&h
