<?xml version="1.0" encoding="UTF-8"?>
<!DOCTYPE html PUBLIC "-//W3C//DTD XHTML 1.0 Transitional//EN"
    "http://www.w3.org/TR/xhtml1/DTD/xhtml1-transitional.dtd">
<html xmlns="http://www.w3.org/1999/xhtml" xml:lang="en" lang="en">
 <head>
  <title>
</title>
<meta http-equiv="Content-Type" content="text/html;charset=utf-8" />
  <meta name='ocr-system' content='tesseract 3.04.00' />
  <meta name='ocr-capabilities' content='ocr_page ocr_carea ocr_par ocr_line ocrx_word'/>
</head>
<body>
  <div class='ocr_page' id='page_1' title='image "./pvblivsvirgiliv00sillgoog/pvblivsvirgiliv00sillgoog_0373.png"; bbox 0 0 2882 5028; ppageno 0'>
   <div class='ocr_carea' id='block_1_1' title="bbox 469 343 623 418">
    <p class='ocr_par' dir='ltr' id='par_1_1' title="bbox 469 343 623 418">
     <span class='ocr_line' id='line_1_1' title="bbox 469 343 623 418; baseline 0 0"><span class='ocrx_word' id='word_1_1' title='bbox 469 343 623 418; x_wconf 74' lang='lat'><strong>352</strong></span> 
     </span>
    </p>
   </div>
   <div class='ocr_carea' id='block_1_2' title="bbox 955 330 2238 410">
    <p class='ocr_par' dir='ltr' id='par_1_2' title="bbox 955 330 2238 410">
     <span class='ocr_line' id='line_1_2' title="bbox 955 330 2238 410; baseline -0.004 0"><span class='ocrx_word' id='word_1_2' title='bbox 955 337 1038 410; x_wconf 89' lang='lat' dir='ltr'><strong>P.</strong></span> <span class='ocrx_word' id='word_1_3' title='bbox 1104 331 1638 409; x_wconf 89' lang='lat' dir='ltr'>VIRGILII</span> <span class='ocrx_word' id='word_1_4' title='bbox 1687 330 2238 409; x_wconf 88' lang='lat' dir='ltr'>MARONIS</span> 
     </span>
    </p>
   </div>
   <div class='ocr_carea' id='block_1_3' title="bbox 367 495 2707 616">
    <p class='ocr_par' dir='ltr' id='par_1_3' title="bbox 367 495 2707 616">
     <span class='ocr_line' id='line_1_3' title="bbox 367 495 2707 616; baseline -0 -14"><span class='ocrx_word' id='word_1_5' title='bbox 367 585 372 602; x_wconf 84' lang='grc'><em>,</em></span> <span class='ocrx_word' id='word_1_6' title='bbox 469 495 828 605; x_wconf 79' lang='lat' dir='ltr'><strong>Mortalis</strong></span> <span class='ocrx_word' id='word_1_7' title='bbox 854 518 1183 596; x_wconf 78' lang='lat' dir='ltr'><strong>hebetat</strong></span> <span class='ocrx_word' id='word_1_8' title='bbox 1209 521 1418 596; x_wconf 88' lang='lat' dir='ltr'><strong>visus</strong></span> <span class='ocrx_word' id='word_1_9' title='bbox 1447 519 1625 616; x_wconf 88' lang='lat' dir='ltr'><strong>tibi,</strong></span> <span class='ocrx_word' id='word_1_10' title='bbox 1675 532 1754 595; x_wconf 93' lang='lat' dir='ltr'><strong>et</strong></span> <span class='ocrx_word' id='word_1_11' title='bbox 1780 518 2112 595; x_wconf 89' lang='lat' dir='ltr'><strong>humida</strong></span> <span class='ocrx_word' id='word_1_12' title='bbox 2145 520 2444 594; x_wconf 89' lang='lat' dir='ltr'><strong>circum</strong></span> <span class='ocrx_word' id='word_1_13' title='bbox 2572 526 2707 600; x_wconf 84' lang='lat'><strong>605</strong></span> 
     </span>
    </p>
   </div>
   <div class='ocr_carea' id='block_1_4' title="bbox 473 623 1559 726">
    <p class='ocr_par' dir='ltr' id='par_1_4' title="bbox 473 623 1559 726">
     <span class='ocr_line' id='line_1_4' title="bbox 473 623 1559 726; baseline -0.006 -18"><span class='ocrx_word' id='word_1_14' title='bbox 473 628 805 726; x_wconf 83' lang='lat' dir='ltr'><strong>Caligat‚</strong></span> <span class='ocrx_word' id='word_1_15' title='bbox 858 623 1164 700; x_wconf 92' lang='lat' dir='ltr'><strong>nubem</strong></span> <span class='ocrx_word' id='word_1_16' title='bbox 1187 624 1559 725; x_wconf 77' lang='lat' dir='ltr'>eripiam:</span> 
     </span>
    </p>
   </div>
   <div class='ocr_carea' id='block_1_5' title="bbox 1613 625 2416 725">
    <p class='ocr_par' dir='ltr' id='par_1_5' title="bbox 1613 625 2416 725">
     <span class='ocr_line' id='line_1_5' title="bbox 1613 625 2416 725; baseline 0.001 -29"><span class='ocrx_word' id='word_1_17' title='bbox 1613 635 1699 698; x_wconf 92' lang='lat' dir='ltr'><strong>tu</strong></span> <span class='ocrx_word' id='word_1_18' title='bbox 1736 647 1840 698; x_wconf 96' lang='lat' dir='ltr'><strong>ne</strong></span> <span class='ocrx_word' id='word_1_19' title='bbox 1876 649 2030 725; x_wconf 90' lang='lat' dir='ltr'><strong>qua</strong></span> <span class='ocrx_word' id='word_1_20' title='bbox 2064 625 2416 724; x_wconf 84' lang='lat' dir='ltr'><strong>parentis</strong></span> 
     </span>
    </p>
   </div>
   <div class='ocr_carea' id='block_1_6' title="bbox 471 725 2660 1035">
    <p class='ocr_par' dir='ltr' id='par_1_6' title="bbox 471 725 2660 1035">
     <span class='ocr_line' id='line_1_6' title="bbox 472 725 2278 828; baseline -0.004 -18"><span class='ocrx_word' id='word_1_21' title='bbox 472 725 686 810; x_wconf 87' lang='lat' dir='ltr'><strong>Iussa&#39;</strong></span> <span class='ocrx_word' id='word_1_22' title='bbox 712 730 944 824; x_wconf 88' lang='lat' dir='ltr'><strong>time,</strong></span> <span class='ocrx_word' id='word_1_23' title='bbox 997 752 1161 803; x_wconf 86' lang='lat' dir='ltr'><strong>neu</strong></span> <span class='ocrx_word' id='word_1_24' title='bbox 1198 727 1637 828; x_wconf 74' lang='lat' dir='ltr'><strong>praeceptis</strong></span> <span class='ocrx_word' id='word_1_25' title='bbox 1667 750 1947 827; x_wconf 89' lang='lat' dir='ltr'><strong>parere</strong></span> <span class='ocrx_word' id='word_1_26' title='bbox 1984 751 2278 805; x_wconf 80' lang='lat' dir='ltr'><strong>recusa.</strong></span> 
     </span>
     <span class='ocr_line' id='line_1_7' title="bbox 471 830 2210 932; baseline -0.005 -20"><span class='ocrx_word' id='word_1_27' title='bbox 471 837 656 932; x_wconf 85' lang='lat' dir='ltr'><strong>Hic,</strong></span> <span class='ocrx_word' id='word_1_28' title='bbox 706 832 849 909; x_wconf 91' lang='lat' dir='ltr'><strong>ubi</strong></span> <span class='ocrx_word' id='word_1_29' title='bbox 885 830 1241 907; x_wconf 87' lang='lat' dir='ltr'><strong>disiectas</strong></span> <span class='ocrx_word' id='word_1_30' title='bbox 1265 831 1525 906; x_wconf 90' lang='lat' dir='ltr'><strong>moles</strong></span> <span class='ocrx_word' id='word_1_31' title='bbox 1553 830 1976 932; x_wconf 83' lang='lat' dir='ltr'><strong>avolsaque</strong></span> <span class='ocrx_word' id='word_1_32' title='bbox 2018 831 2210 905; x_wconf 85' lang='lat' dir='ltr'><strong>saxis</strong></span> 
     </span>
     <span class='ocr_line' id='line_1_8' title="bbox 479 929 2660 1035; baseline -0.005 -19"><span class='ocrx_word' id='word_1_33' title='bbox 479 942 671 1016; x_wconf 83' lang='lat' dir='ltr'><strong>Saxa</strong></span> <span class='ocrx_word' id='word_1_34' title='bbox 709 934 975 1031; x_wconf 78' lang='lat' dir='ltr'><strong>videS‚</strong></span> <span class='ocrx_word' id='word_1_35' title='bbox 1026 934 1439 1035; x_wconf 84' lang='lat' dir='ltr'><strong>mixtoque</strong></span> <span class='ocrx_word' id='word_1_36' title='bbox 1469 933 1914 1009; x_wconf 88' lang='lat' dir='ltr'><strong>undantem</strong></span> <span class='ocrx_word' id='word_1_37' title='bbox 1957 933 2291 1035; x_wconf 82' lang='lat' dir='ltr'><strong>pulvere</strong></span> <span class='ocrx_word' id='word_1_38' title='bbox 2332 929 2660 1021; x_wconf 77' lang='lat' dir='ltr'><strong>fumum,</strong></span> 
     </span>
    </p>
   </div>
   <div class='ocr_carea' id='block_1_7' title="bbox 475 1036 2351 1142">
    <p class='ocr_par' dir='ltr' id='par_1_7' title="bbox 475 1036 2351 1142">
     <span class='ocr_line' id='line_1_9' title="bbox 475 1036 2351 1142; baseline -0.006 -21"><span class='ocrx_word' id='word_1_39' title='bbox 475 1048 896 1142; x_wconf 86' lang='lat' dir='ltr'><strong>Neptunus</strong></span> <span class='ocrx_word' id='word_1_40' title='bbox 922 1063 1201 1114; x_wconf 91' lang='lat' dir='ltr'><strong>muros</strong></span> <span class='ocrx_word' id='word_1_41' title='bbox 1232 1061 1690 1139; x_wconf 84' lang='lat' dir='ltr'><strong>magnoque</strong></span> <span class='ocrx_word' id='word_1_42' title='bbox 1726 1051 1990 1113; x_wconf 87' lang='lat' dir='ltr'><strong>emota</strong></span> <span class='ocrx_word' id='word_1_43' title='bbox 2020 1036 2351 1113; x_wconf 83' lang='lat' dir='ltr'><strong>tridenti</strong></span> 
     </span>
    </p>
   </div>
   <div class='ocr_carea' id='block_1_8' title="bbox 2575 1046 2703 1115">
    <p class='ocr_par' dir='ltr' id='par_1_8' title="bbox 2575 1046 2703 1115">
     <span class='ocr_line' id='line_1_10' title="bbox 2575 1046 2703 1115; baseline -0.016 0"><span class='ocrx_word' id='word_1_44' title='bbox 2575 1046 2703 1115; x_wconf 83' lang='lat'><strong>610</strong></span> 
     </span>
    </p>
   </div>
   <div class='ocr_carea' id='block_1_9' title="bbox 474 1138 2574 1242">
    <p class='ocr_par' dir='ltr' id='par_1_9' title="bbox 474 1138 2574 1242">
     <span class='ocr_line' id='line_1_11' title="bbox 474 1138 2574 1242; baseline -0.005 -19"><span class='ocrx_word' id='word_1_45' title='bbox 474 1144 1027 1222; x_wconf 82' lang='lat' dir='ltr'><strong>Fundamenta</strong></span> <span class='ocrx_word' id='word_1_46' title='bbox 1059 1142 1344 1242; x_wconf 85' lang='lat' dir='ltr'><strong>quatit,</strong></span> <span class='ocrx_word' id='word_1_47' title='bbox 1396 1155 1812 1241; x_wconf 89' lang='lat' dir='ltr'><strong>totamque</strong></span> <span class='ocrx_word' id='word_1_48' title='bbox 1850 1166 1892 1216; x_wconf 89' lang='lat' dir='ltr'><strong>a</strong></span> <span class='ocrx_word' id='word_1_49' title='bbox 1925 1138 2249 1216; x_wconf 90' lang='lat' dir='ltr'><strong>sedibus</strong></span> <span class='ocrx_word' id='word_1_50' title='bbox 2282 1139 2574 1216; x_wconf 90' lang='lat' dir='ltr'><strong>urbem</strong></span> 
     </span>
    </p>
   </div>
   <div class='ocr_carea' id='block_1_10' title="bbox 585 1266 1399 1346">
    <p class='ocr_par' dir='ltr' id='par_1_10' title="bbox 585 1266 1399 1346">
     <span class='ocr_line' id='line_1_12' title="bbox 585 1266 1399 1346; baseline -0.009 -1"><span class='ocrx_word' id='word_1_51' title='bbox 585 1275 756 1346; x_wconf 89' lang='grc'><strong>606.</strong></span> <span class='ocrx_word' id='word_1_52' title='bbox 810 1284 1163 1341; x_wconf 74' lang='lat' dir='ltr'><strong>murum,</strong></span> <span class='ocrx_word' id='word_1_53' title='bbox 1272 1266 1399 1338; x_wconf 78' lang='lat' dir='ltr'><strong>Tu</strong></span> 
     </span>
    </p>
   </div>
   <div class='ocr_carea' id='block_1_11' title="bbox 1608 1272 1936 1342">
    <p class='ocr_par' dir='ltr' id='par_1_11' title="bbox 1608 1272 1936 1342">
     <span class='ocr_line' id='line_1_13' title="bbox 1608 1272 1936 1342; baseline -0.015 0"><span class='ocrx_word' id='word_1_54' title='bbox 1608 1272 1781 1342; x_wconf 89' lang='lat'><strong>611.</strong></span> <span class='ocrx_word' id='word_1_55' title='bbox 1833 1284 1936 1337; x_wconf 74' lang='lat' dir='ltr'><strong>AB</strong></span> 
     </span>
    </p>
   </div>
   <div class='ocr_carea' id='block_1_12' title="bbox 481 1419 2704 1592">
    <p class='ocr_par' dir='ltr' id='par_1_12' title="bbox 481 1419 2704 1592">
     <span class='ocr_line' id='line_1_14' title="bbox 617 1419 2704 1524; baseline -0.008 -9"><span class='ocrx_word' id='word_1_56' title='bbox 617 1458 722 1515; x_wconf 82' lang='lat'><strong>605</strong></span> <span class='ocrx_word' id='word_1_57' title='bbox 757 1419 1037 1509; x_wconf 71' lang='lat' dir='ltr'><strong>Mortales</strong></span> <span class='ocrx_word' id='word_1_58' title='bbox 1070 1456 1226 1507; x_wconf 77' lang='lat' dir='ltr'><strong>visus</strong></span> <span class='ocrx_word' id='word_1_59' title='bbox 1261 1454 1316 1506; x_wconf 86' lang='grc' dir='ltr'><strong>Ιι.</strong></span> <span class='ocrx_word' id='word_1_60' title='bbox 1352 1452 1539 1518; x_wconf 70' lang='lat' dir='ltr'><strong>wall„</strong></span> <span class='ocrx_word' id='word_1_61' title='bbox 1573 1452 1931 1523; x_wconf 85' lang='lat' dir='ltr'><strong>superscripto</strong></span> <span class='ocrx_word' id='word_1_62' title='bbox 1968 1472 2087 1524; x_wconf 83' lang='lat' dir='ltr'><strong>que.</strong></span> <span class='ocrx_word' id='word_1_63' title='bbox 2125 1428 2371 1505; x_wconf 50' lang='lat' dir='ltr'><strong>&#39;hebetet</strong></span> <span class='ocrx_word' id='word_1_64' title='bbox 2404 1454 2580 1504; x_wconf 83' lang='lat' dir='ltr'><strong>Franc.</strong></span> <span class='ocrx_word' id='word_1_65' title='bbox 2624 1446 2704 1500; x_wconf 75' lang='lat' dir='ltr'><strong>eibi</strong></span> 
     </span>
     <span class='ocr_line' id='line_1_15' title="bbox 481 1519 2701 1592; baseline -0.005 -10"><span class='ocrx_word' id='word_1_66' title='bbox 481 1529 670 1582; x_wconf 81' lang='lat' dir='ltr'><strong>limina</strong></span> <span class='ocrx_word' id='word_1_67' title='bbox 704 1529 903 1579; x_wconf 78' lang='lat' dir='ltr'><strong>circum</strong></span> <span class='ocrx_word' id='word_1_68' title='bbox 936 1526 1086 1575; x_wconf 88' lang='lat' dir='ltr'><strong>Leid.</strong></span> <span class='ocrx_word' id='word_1_69' title='bbox 1129 1541 1274 1575; x_wconf 86' lang='lat' dir='ltr'><strong>unus.</strong></span> <span class='ocrx_word' id='word_1_70' title='bbox 1344 1524 1557 1575; x_wconf 81' lang='lat' dir='ltr'><strong>lumina</strong></span> <span class='ocrx_word' id='word_1_71' title='bbox 1592 1524 1759 1576; x_wconf 83' lang='lat' dir='ltr'><strong>Goth.</strong></span> <span class='ocrx_word' id='word_1_72' title='bbox 1793 1533 1919 1575; x_wconf 89' lang='lat' dir='ltr'><strong>tert.</strong></span> <span class='ocrx_word' id='word_1_73' title='bbox 1954 1542 1983 1575; x_wconf 83' lang='lat' dir='ltr'><strong>a</strong></span> <span class='ocrx_word' id='word_1_74' title='bbox 2019 1541 2124 1576; x_wconf 83' lang='lat' dir='ltr'><strong>see.</strong></span> <span class='ocrx_word' id='word_1_75' title='bbox 2158 1542 2228 1577; x_wconf 87' lang='lat' dir='ltr'><strong>m.</strong></span> <span class='ocrx_word' id='word_1_76' title='bbox 2279 1528 2490 1592; x_wconf 67' lang='lat' dir='ltr'><strong>(enecat</strong></span> <span class='ocrx_word' id='word_1_77' title='bbox 2525 1519 2701 1579; x_wconf 67' lang='lat' dir='ltr'><strong>Medic„</strong></span> 
     </span>
    </p>
   </div>
   <div class='ocr_carea' id='block_1_13' title="bbox 480 1593 1477 1668">
    <p class='ocr_par' dir='ltr' id='par_1_13' title="bbox 480 1593 1477 1668">
     <span class='ocr_line' id='line_1_16' title="bbox 480 1593 1477 1668; baseline -0.006 -18"><span class='ocrx_word' id='word_1_78' title='bbox 480 1600 519 1650; x_wconf 80' lang='grc' dir='ltr'><strong>Ιι</strong></span> <span class='ocrx_word' id='word_1_79' title='bbox 556 1607 611 1649; x_wconf 88' lang='lat' dir='ltr'><strong>et</strong></span> <span class='ocrx_word' id='word_1_80' title='bbox 644 1595 676 1647; x_wconf 82' lang='lat' dir='ltr'><strong>b</strong></span> <span class='ocrx_word' id='word_1_81' title='bbox 711 1595 871 1647; x_wconf 83' lang='lat' dir='ltr'><strong>minio</strong></span> <span class='ocrx_word' id='word_1_82' title='bbox 906 1593 1273 1663; x_wconf 81' lang='lat' dir='ltr'><strong>superscripta.</strong></span> <span class='ocrx_word' id='word_1_83' title='bbox 1333 1594 1477 1668; x_wconf 52' lang='lat' dir='ltr'><strong>Wp.)</strong></span> 
     </span>
    </p>
   </div>
   <div class='ocr_carea' id='block_1_14' title="bbox 1618 1591 2701 1648">
    <p class='ocr_par' dir='ltr' id='par_1_14' title="bbox 1618 1591 2701 1648">
     <span class='ocr_line' id='line_1_17' title="bbox 1618 1591 2701 1648; baseline -0.008 -1"><span class='ocrx_word' id='word_1_84' title='bbox 1618 1594 1724 1648; x_wconf 88' lang='lat'><strong>606</strong></span> <span class='ocrx_word' id='word_1_85' title='bbox 1790 1596 1873 1645; x_wconf 78' lang='lat' dir='ltr'><strong>Ta</strong></span> <span class='ocrx_word' id='word_1_86' title='bbox 1925 1612 1997 1645; x_wconf 80' lang='lat' dir='ltr'><strong>ne</strong></span> <span class='ocrx_word' id='word_1_87' title='bbox 2081 1613 2171 1645; x_wconf 81' lang='lat' dir='ltr'><strong>ua.</strong></span> <span class='ocrx_word' id='word_1_88' title='bbox 2243 1592 2446 1643; x_wconf 86' lang='lat' dir='ltr'><strong>Dubito</strong></span> <span class='ocrx_word' id='word_1_89' title='bbox 2478 1608 2540 1642; x_wconf 78' lang='lat' dir='ltr'><strong>au</strong></span> <span class='ocrx_word' id='word_1_90' title='bbox 2577 1591 2701 1640; x_wconf 80' lang='lat' dir='ltr'><strong>Maro</strong></span> 
     </span>
    </p>
   </div>
   <div class='ocr_carea' id='block_1_15' title="bbox 480 1655 2701 2011">
    <p class='ocr_par' dir='ltr' id='par_1_15' title="bbox 480 1655 2701 2011">
     <span class='ocr_line' id='line_1_18' title="bbox 481 1655 2701 1732; baseline -0.005 -12"><span class='ocrx_word' id='word_1_91' title='bbox 481 1666 720 1720; x_wconf 84' lang='lat' dir='ltr'><strong>secundis</strong></span> <span class='ocrx_word' id='word_1_92' title='bbox 747 1665 885 1718; x_wconf 88' lang='lat' dir='ltr'><strong>euris</strong></span> <span class='ocrx_word' id='word_1_93' title='bbox 915 1665 1076 1729; x_wconf 84' lang='lat' dir='ltr'><strong>haec,</strong></span> <span class='ocrx_word' id='word_1_94' title='bbox 1112 1681 1293 1732; x_wconf 81' lang='lat' dir='ltr'><strong>parum</strong></span> <span class='ocrx_word' id='word_1_95' title='bbox 1321 1663 1592 1715; x_wconf 79' lang='lat' dir='ltr'><strong>commode</strong></span> <span class='ocrx_word' id='word_1_96' title='bbox 1620 1662 1951 1732; x_wconf 84' lang='lat' dir='ltr'><strong>interposita,</strong></span> <span class='ocrx_word' id='word_1_97' title='bbox 1985 1681 2043 1713; x_wconf 89' lang='lat' dir='ltr'><strong>re</strong></span> <span class='ocrx_word' id='word_1_98' title='bbox 2069 1664 2260 1714; x_wconf 85' lang='lat' dir='ltr'><strong>icturus</strong></span> <span class='ocrx_word' id='word_1_99' title='bbox 2289 1662 2490 1713; x_wconf 79' lang='lat' dir='ltr'><strong>suisset.</strong></span> <span class='ocrx_word' id='word_1_100' title='bbox 2558 1655 2701 1726; x_wconf 82' lang='lat' dir='ltr'><strong>(Nihil</strong></span> 
     </span>
     <span class='ocr_line' id='line_1_19' title="bbox 484 1726 2700 1805; baseline -0.005 -18"><span class='ocrx_word' id='word_1_101' title='bbox 484 1737 617 1800; x_wconf 83' lang='lat' dir='ltr'><strong>erit,</strong></span> <span class='ocrx_word' id='word_1_102' title='bbox 653 1735 794 1805; x_wconf 87' lang='lat' dir='ltr'><strong>quod</strong></span> <span class='ocrx_word' id='word_1_103' title='bbox 824 1734 1088 1795; x_wconf 82' lang='lat' dir='ltr'><strong>offendat,</strong></span> <span class='ocrx_word' id='word_1_104' title='bbox 1122 1733 1169 1783; x_wconf 88' lang='lat' dir='ltr'><strong>si</strong></span> <span class='ocrx_word' id='word_1_105' title='bbox 1198 1751 1433 1796; x_wconf 83' lang='lat' dir='ltr'><strong>causam,</strong></span> <span class='ocrx_word' id='word_1_106' title='bbox 1472 1750 1630 1801; x_wconf 80' lang='lat' dir='ltr'><strong>quare</strong></span> <span class='ocrx_word' id='word_1_107' title='bbox 1659 1750 1863 1783; x_wconf 85' lang='lat' dir='ltr'><strong>omnem</strong></span> <span class='ocrx_word' id='word_1_108' title='bbox 1903 1732 2178 1800; x_wconf 72' lang='lat' dir='ltr'><strong>caliginem</strong></span> <span class='ocrx_word' id='word_1_109' title='bbox 2210 1733 2275 1784; x_wconf 80' lang='lat' dir='ltr'><strong>ab</strong></span> <span class='ocrx_word' id='word_1_110' title='bbox 2320 1737 2526 1783; x_wconf 76' lang='lat' dir='ltr'><strong>Aeneae</strong></span> <span class='ocrx_word' id='word_1_111' title='bbox 2565 1726 2700 1779; x_wconf 76' lang='lat' dir='ltr'><strong>oculis</strong></span> 
     </span>
     <span class='ocr_line' id='line_1_20' title="bbox 480 1800 2700 1874; baseline -0.005 -16"><span class='ocrx_word' id='word_1_112' title='bbox 480 1806 779 1874; x_wconf 82' lang='lat' dir='ltr'><strong>dispulsura</strong></span> <span class='ocrx_word' id='word_1_113' title='bbox 803 1804 902 1867; x_wconf 86' lang='lat' dir='ltr'><strong>sit,</strong></span> <span class='ocrx_word' id='word_1_114' title='bbox 940 1802 1022 1854; x_wconf 83' lang='lat' dir='ltr'><strong>his</strong></span> <span class='ocrx_word' id='word_1_115' title='bbox 1054 1802 1229 1853; x_wconf 81' lang='lat' dir='ltr'><strong>verbis</strong></span> <span class='ocrx_word' id='word_1_116' title='bbox 1261 1820 1290 1853; x_wconf 82' lang='lat' dir='ltr'><strong>a</strong></span> <span class='ocrx_word' id='word_1_117' title='bbox 1318 1805 1514 1853; x_wconf 87' lang='lat' dir='ltr'><strong>lunone</strong></span> <span class='ocrx_word' id='word_1_118' title='bbox 1545 1803 1764 1853; x_wconf 79' lang='lat' dir='ltr'><strong>indicari</strong></span> <span class='ocrx_word' id='word_1_119' title='bbox 1805 1802 2129 1868; x_wconf 77' lang='lat' dir='ltr'><strong>putabimus3</strong></span> <span class='ocrx_word' id='word_1_120' title='bbox 2180 1802 2326 1870; x_wconf 86' lang='lat' dir='ltr'><strong>quod</strong></span> <span class='ocrx_word' id='word_1_121' title='bbox 2365 1800 2568 1869; x_wconf 86' lang='lat' dir='ltr'><strong>paulum</strong></span> <span class='ocrx_word' id='word_1_122' title='bbox 2605 1813 2700 1847; x_wconf 84' lang='lat' dir='ltr'><strong>mu-</strong></span> 
     </span>
     <span class='ocr_line' id='line_1_21' title="bbox 482 1868 2700 1927; baseline -0.005 0"><span class='ocrx_word' id='word_1_123' title='bbox 482 1886 595 1927; x_wconf 78' lang='lat' dir='ltr'><strong>tata</strong></span> <span class='ocrx_word' id='word_1_124' title='bbox 623 1873 880 1926; x_wconf 80' lang='lat' dir='ltr'><strong>orationis</strong></span> <span class='ocrx_word' id='word_1_125' title='bbox 908 1881 1171 1924; x_wconf 81' lang='lat' dir='ltr'><strong>structura</strong></span> <span class='ocrx_word' id='word_1_126' title='bbox 1208 1871 1283 1923; x_wconf 79' lang='lat' dir='ltr'><strong>ita</strong></span> <span class='ocrx_word' id='word_1_127' title='bbox 1311 1871 1425 1922; x_wconf 82' lang='lat' dir='ltr'><strong>fieri</strong></span> <span class='ocrx_word' id='word_1_128' title='bbox 1455 1872 1713 1923; x_wconf 77' lang='lat' dir='ltr'><strong>debebat:</strong></span> <span class='ocrx_word' id='word_1_129' title='bbox 1747 1875 1822 1923; x_wconf 82' lang='lat' dir='ltr'><strong>Ae</strong></span> <span class='ocrx_word' id='word_1_130' title='bbox 1849 1889 1913 1921; x_wconf 88' lang='lat' dir='ltr'><strong>ue</strong></span> <span class='ocrx_word' id='word_1_131' title='bbox 1952 1872 2093 1923; x_wconf 79' lang='lat' dir='ltr'><strong>forte</strong></span> <span class='ocrx_word' id='word_1_132' title='bbox 2135 1870 2321 1922; x_wconf 78' lang='lat' dir='ltr'><strong>matris</strong></span> <span class='ocrx_word' id='word_1_133' title='bbox 2356 1871 2493 1921; x_wconf 83' lang='lat' dir='ltr'><strong>iussa</strong></span> <span class='ocrx_word' id='word_1_134' title='bbox 2530 1868 2700 1926; x_wconf 68' lang='lat' dir='ltr'><strong>timeas,</strong></span> 
     </span>
     <span class='ocr_line' id='line_1_22' title="bbox 484 1936 2698 2011; baseline -0.003 -16"><span class='ocrx_word' id='word_1_135' title='bbox 484 1961 689 1995; x_wconf 88' lang='lat' dir='ltr'><strong>omnem</strong></span> <span class='ocrx_word' id='word_1_136' title='bbox 746 1943 934 1993; x_wconf 87' lang='lat' dir='ltr'><strong>nubem</strong></span> <span class='ocrx_word' id='word_1_137' title='bbox 995 1941 1243 2009; x_wconf 81' lang='lat' dir='ltr'><strong>eripiam,</strong></span> <span class='ocrx_word' id='word_1_138' title='bbox 1305 1954 1405 1993; x_wconf 71' lang='lat' dir='ltr'><strong>cet.</strong></span> <span class='ocrx_word' id='word_1_139' title='bbox 1491 1942 1627 1992; x_wconf 88' lang='lat' dir='ltr'><strong>Hinc</strong></span> <span class='ocrx_word' id='word_1_140' title='bbox 1681 1941 1836 1992; x_wconf 84' lang='lat' dir='ltr'><strong>colon</strong></span> <span class='ocrx_word' id='word_1_141' title='bbox 1886 1941 2042 2009; x_wconf 84' lang='lat' dir='ltr'><strong>posui</strong></span> <span class='ocrx_word' id='word_1_142' title='bbox 2101 1951 2226 2009; x_wconf 84' lang='lat' dir='ltr'><strong>post</strong></span> <span class='ocrx_word' id='word_1_143' title='bbox 2274 1942 2517 2011; x_wconf 77' lang='lat' dir='ltr'><strong>eripiam.</strong></span> <span class='ocrx_word' id='word_1_144' title='bbox 2578 1936 2698 1998; x_wconf 83' lang='lat' dir='ltr'><strong>Wt·)</strong></span> 
     </span>
    </p>
   </div>
   <div class='ocr_carea' id='block_1_16' title="bbox 482 2011 1073 2068">
    <p class='ocr_par' dir='ltr' id='par_1_16' title="bbox 482 2011 1073 2068">
     <span class='ocr_line' id='line_1_23' title="bbox 482 2011 1073 2068; baseline -0.012 0"><span class='ocrx_word' id='word_1_145' title='bbox 482 2016 586 2068; x_wconf 87' lang='grc'><strong>607</strong></span> <span class='ocrx_word' id='word_1_146' title='bbox 622 2031 693 2064; x_wconf 84' lang='lat' dir='ltr'><strong>ne</strong></span> <span class='ocrx_word' id='word_1_147' title='bbox 724 2012 873 2063; x_wconf 88' lang='lat' dir='ltr'><strong>Leid.</strong></span> <span class='ocrx_word' id='word_1_148' title='bbox 909 2011 1030 2062; x_wconf 89' lang='lat' dir='ltr'><strong>duo.</strong></span> <span class='ocrx_word' id='word_1_149' title='bbox 1066 2015 1073 2024; x_wconf 86' lang='grc'><strong>’</strong></span> 
     </span>
    </p>
   </div>
   <div class='ocr_carea' id='block_1_17' title="bbox 482 2080 2696 2358">
    <p class='ocr_par' dir='ltr' id='par_1_17' title="bbox 482 2080 2696 2358">
     <span class='ocr_line' id='line_1_24' title="bbox 483 2080 1638 2150; baseline -0.003 -17"><span class='ocrx_word' id='word_1_150' title='bbox 483 2084 691 2150; x_wconf 80' lang='lat' dir='ltr'><strong>Meuag.</strong></span> <span class='ocrx_word' id='word_1_151' title='bbox 728 2098 811 2149; x_wconf 85' lang='lat' dir='ltr'><strong>pr.</strong></span> <span class='ocrx_word' id='word_1_152' title='bbox 880 2080 1215 2149; x_wconf 72' lang='lat' dir='ltr'><strong>disiectaque</strong></span> <span class='ocrx_word' id='word_1_153' title='bbox 1248 2082 1400 2132; x_wconf 73' lang='lat' dir='ltr'><strong>saxis</strong></span> <span class='ocrx_word' id='word_1_154' title='bbox 1432 2082 1638 2147; x_wconf 86' lang='lat' dir='ltr'><strong>Ilugen.</strong></span> 
     </span>
     <span class='ocr_line' id='line_1_25' title="bbox 484 2150 2094 2218; baseline -0.002 -15"><span class='ocrx_word' id='word_1_155' title='bbox 484 2151 692 2204; x_wconf 85' lang='lat' dir='ltr'><strong>lichem.</strong></span> <span class='ocrx_word' id='word_1_156' title='bbox 726 2169 757 2202; x_wconf 81' lang='lat' dir='ltr'><strong>a</strong></span> <span class='ocrx_word' id='word_1_157' title='bbox 792 2168 859 2201; x_wconf 86' lang='lat' dir='ltr'><strong>m.</strong></span> <span class='ocrx_word' id='word_1_158' title='bbox 894 2167 975 2218; x_wconf 87' lang='lat' dir='ltr'><strong>pr.</strong></span> <span class='ocrx_word' id='word_1_159' title='bbox 1038 2167 1087 2200; x_wconf 86' lang='lat' dir='ltr'><strong>v.</strong></span> <span class='ocrx_word' id='word_1_160' title='bbox 1122 2167 1237 2217; x_wconf 86' lang='lat' dir='ltr'><strong>sup.</strong></span> <span class='ocrx_word' id='word_1_161' title='bbox 1270 2150 1392 2204; x_wconf 79' lang='lat'><strong>582.</strong></span> <span class='ocrx_word' id='word_1_162' title='bbox 1467 2150 1664 2200; x_wconf 80' lang='lat' dir='ltr'><strong>Pulvis</strong></span> <span class='ocrx_word' id='word_1_163' title='bbox 1698 2159 1782 2201; x_wconf 88' lang='lat' dir='ltr'><strong>est</strong></span> <span class='ocrx_word' id='word_1_164' title='bbox 1816 2167 1880 2200; x_wconf 81' lang='lat' dir='ltr'><strong>ex</strong></span> <span class='ocrx_word' id='word_1_165' title='bbox 1914 2167 2094 2200; x_wconf 72' lang='lat' dir='ltr'><strong>ruinis.</strong></span> 
     </span>
     <span class='ocr_line' id='line_1_26' title="bbox 482 2217 1718 2288; baseline -0.001 -16"><span class='ocrx_word' id='word_1_166' title='bbox 482 2238 604 2288; x_wconf 84' lang='lat' dir='ltr'><strong>nag.</strong></span> <span class='ocrx_word' id='word_1_167' title='bbox 645 2220 799 2271; x_wconf 80' lang='lat' dir='ltr'><strong>alter.</strong></span> <span class='ocrx_word' id='word_1_168' title='bbox 872 2231 1082 2270; x_wconf 70' lang='lat' dir='ltr'><strong>remota</strong></span> <span class='ocrx_word' id='word_1_169' title='bbox 1114 2217 1328 2269; x_wconf 79' lang='lat' dir='ltr'><strong>vratisl.</strong></span> <span class='ocrx_word' id='word_1_170' title='bbox 1359 2218 1428 2270; x_wconf 81' lang='lat' dir='ltr'><strong>cf.</strong></span> <span class='ocrx_word' id='word_1_171' title='bbox 1460 2237 1520 2269; x_wconf 84' lang='lat' dir='ltr'><strong>su</strong></span> <span class='ocrx_word' id='word_1_172' title='bbox 1562 2257 1575 2270; x_wconf 90' lang='lat'><strong>.</strong></span> <span class='ocrx_word' id='word_1_173' title='bbox 1596 2219 1718 2273; x_wconf 83' lang='grc'><strong>493.</strong></span> 
     </span>
     <span class='ocr_line' id='line_1_27' title="bbox 1557 2283 2696 2358; baseline -0.008 -19"><span class='ocrx_word' id='word_1_174' title='bbox 1557 2306 1701 2340; x_wconf 82' lang='lat' dir='ltr'><strong>nean.</strong></span> <span class='ocrx_word' id='word_1_175' title='bbox 1743 2290 1783 2351; x_wconf 89' lang='lat'><strong>1,</strong></span> <span class='ocrx_word' id='word_1_176' title='bbox 1822 2285 1944 2342; x_wconf 76' lang='lat'><strong>482.</strong></span> <span class='ocrx_word' id='word_1_177' title='bbox 1989 2288 2130 2352; x_wconf 75' lang='lat' dir='ltr'><strong>Wr.)</strong></span> <span class='ocrx_word' id='word_1_178' title='bbox 2202 2290 2381 2358; x_wconf 86' lang='lat' dir='ltr'><strong>Vulgo</strong></span> <span class='ocrx_word' id='word_1_179' title='bbox 2424 2307 2460 2338; x_wconf 83' lang='grc' dir='ltr'><strong><em>α</em></strong></span> <span class='ocrx_word' id='word_1_180' title='bbox 2498 2283 2696 2337; x_wconf 68' lang='lat' dir='ltr'><strong>sedibus.</strong></span> 
     </span>
    </p>
   </div>
   <div class='ocr_carea' id='block_1_18' title="bbox 486 2288 1487 2354">
    <p class='ocr_par' dir='ltr' id='par_1_18' title="bbox 486 2288 1487 2354">
     <span class='ocr_line' id='line_1_28' title="bbox 486 2288 1487 2354; baseline -0.004 -12"><span class='ocrx_word' id='word_1_181' title='bbox 486 2308 602 2342; x_wconf 87' lang='lat' dir='ltr'><strong>eum</strong></span> <span class='ocrx_word' id='word_1_182' title='bbox 626 2289 693 2341; x_wconf 79' lang='lat' dir='ltr'><strong>ad</strong></span> <span class='ocrx_word' id='word_1_183' title='bbox 720 2290 789 2340; x_wconf 83' lang='grc' dir='ltr'><strong>ΙΙΙ</strong></span> <span class='ocrx_word' id='word_1_184' title='bbox 820 2292 949 2339; x_wconf 84' lang='lat' dir='ltr'><strong>Aen.</strong></span> <span class='ocrx_word' id='word_1_185' title='bbox 980 2290 1104 2342; x_wconf 88' lang='lat'><strong>687.</strong></span> <span class='ocrx_word' id='word_1_186' title='bbox 1142 2288 1222 2354; x_wconf 84' lang='lat' dir='ltr'><strong>(et</strong></span> <span class='ocrx_word' id='word_1_187' title='bbox 1245 2288 1389 2338; x_wconf 86' lang='lat' dir='ltr'><strong>Cort.</strong></span> <span class='ocrx_word' id='word_1_188' title='bbox 1416 2288 1487 2339; x_wconf 80' lang='lat' dir='ltr'><strong>ad</strong></span> 
     </span>
    </p>
   </div>
   <div class='ocr_carea' id='block_1_19' title="bbox 1169 2009 2700 2078">
    <p class='ocr_par' dir='ltr' id='par_1_19' title="bbox 1169 2009 2700 2078">
     <span class='ocr_line' id='line_1_29' title="bbox 1169 2009 2700 2078; baseline -0.007 -13"><span class='ocrx_word' id='word_1_189' title='bbox 1169 2012 1276 2065; x_wconf 86' lang='grc'><strong>608</strong></span> <span class='ocrx_word' id='word_1_190' title='bbox 1309 2014 1417 2061; x_wconf 83' lang='lat' dir='ltr'><strong>Hic</strong></span> <span class='ocrx_word' id='word_1_191' title='bbox 1453 2009 1553 2062; x_wconf 75' lang='lat' dir='ltr'><strong>eibi</strong></span> <span class='ocrx_word' id='word_1_192' title='bbox 1572 2029 1676 2062; x_wconf 84' lang='lat' dir='ltr'><strong>sec.</strong></span> <span class='ocrx_word' id='word_1_193' title='bbox 1705 2012 1913 2077; x_wconf 80' lang='lat' dir='ltr'><strong>Menag.</strong></span> <span class='ocrx_word' id='word_1_194' title='bbox 1976 2011 2217 2062; x_wconf 73' lang='lat' dir='ltr'><strong>deiectas</strong></span> <span class='ocrx_word' id='word_1_195' title='bbox 2247 2012 2425 2078; x_wconf 82' lang='lat' dir='ltr'><strong>Bigot.</strong></span> <span class='ocrx_word' id='word_1_196' title='bbox 2471 2010 2700 2059; x_wconf 71' lang='lat' dir='ltr'><strong>discretas</strong></span> 
     </span>
    </p>
   </div>
   <div class='ocr_carea' id='block_1_20' title="bbox 1777 2077 2697 2274">
    <p class='ocr_par' dir='ltr' id='par_1_20' title="bbox 1777 2077 2697 2274">
     <span class='ocr_line' id='line_1_30' title="bbox 1777 2077 2697 2195; baseline -0.013 -61"><span class='ocrx_word' id='word_1_197' title='bbox 1777 2078 1882 2133; x_wconf 79' lang='lat'><strong>609</strong></span> <span class='ocrx_word' id='word_1_198' title='bbox 1917 2081 2191 2162; x_wconf 59' lang='lat' dir='ltr'><strong>saftguine</strong></span> <span class='ocrx_word' id='word_1_199' title='bbox 2225 2098 2329 2148; x_wconf 91' lang='lat' dir='ltr'><strong>pro</strong></span> <span class='ocrx_word' id='word_1_200' title='bbox 2358 2078 2582 2161; x_wconf 66' lang='lat' dir='ltr'><strong>pulvere</strong></span> <span class='ocrx_word' id='word_1_201' title='bbox 2600 2077 2697 2195; x_wconf 55' lang='lat'><strong>1⁴2111-</strong></span> 
     </span>
     <span class='ocr_line' id='line_1_31' title="bbox 1859 2153 2696 2274; baseline -0.016 -1"><span class='ocrx_word' id='word_1_202' title='bbox 1859 2220 1958 2273; x_wconf 86' lang='lat'><strong>611</strong></span> <span class='ocrx_word' id='word_1_203' title='bbox 1999 2217 2067 2268; x_wconf 86' lang='lat' dir='ltr'><strong>ab</strong></span> <span class='ocrx_word' id='word_1_204' title='bbox 2104 2236 2149 2269; x_wconf 79' lang='lat' dir='ltr'><strong>s.</strong></span> <span class='ocrx_word' id='word_1_205' title='bbox 2181 2153 2696 2274; x_wconf 43' lang='lat' dir='ltr'><strong>Hgilgftemgddqt</strong></span> 
     </span>
    </p>
   </div>
   <div class='ocr_carea' id='block_1_21' title="bbox 484 2357 2696 2568">
    <p class='ocr_par' dir='ltr' id='par_1_21' title="bbox 484 2357 2696 2568">
     <span class='ocr_line' id='line_1_32' title="bbox 484 2357 2696 2428; baseline -0.003 -18"><span class='ocrx_word' id='word_1_206' title='bbox 484 2359 610 2428; x_wconf 79' lang='lat' dir='ltr'><strong>(vid.</strong></span> <span class='ocrx_word' id='word_1_207' title='bbox 643 2361 708 2422; x_wconf 88' lang='lat' dir='ltr'><strong>Q.</strong></span> <span class='ocrx_word' id='word_1_208' title='bbox 740 2359 810 2410; x_wconf 82' lang='lat' dir='ltr'><strong>V.</strong></span> <span class='ocrx_word' id='word_1_209' title='bbox 837 2358 879 2421; x_wconf 91' lang='lat'><strong>1,</strong></span> <span class='ocrx_word' id='word_1_210' title='bbox 918 2360 967 2411; x_wconf 87' lang='lat'><strong>1.</strong></span> <span class='ocrx_word' id='word_1_211' title='bbox 1000 2359 1084 2419; x_wconf 52' lang='lat'><strong>24</strong></span> <span class='ocrx_word' id='word_1_212' title='bbox 1130 2367 1186 2408; x_wconf 87' lang='lat' dir='ltr'><strong>et</strong></span> <span class='ocrx_word' id='word_1_213' title='bbox 1225 2375 1380 2425; x_wconf 87' lang='lat' dir='ltr'><strong>quum</strong></span> <span class='ocrx_word' id='word_1_214' title='bbox 1428 2375 1586 2425; x_wconf 84' lang='lat' dir='ltr'><strong>supra</strong></span> <span class='ocrx_word' id='word_1_215' title='bbox 1620 2358 1743 2410; x_wconf 90' lang='lat' dir='ltr'><strong>loco</strong></span> <span class='ocrx_word' id='word_1_216' title='bbox 1782 2357 2046 2409; x_wconf 88' lang='lat' dir='ltr'><strong>simillimo</strong></span> <span class='ocrx_word' id='word_1_217' title='bbox 2086 2360 2127 2422; x_wconf 82' lang='lat'><strong>1,</strong></span> <span class='ocrx_word' id='word_1_218' title='bbox 2169 2361 2290 2415; x_wconf 67' lang='lat'><strong>84.:</strong></span> <span class='ocrx_word' id='word_1_219' title='bbox 2346 2397 2379 2423; x_wconf 89' lang='lat'>„</span> <span class='ocrx_word' id='word_1_220' title='bbox 2395 2368 2641 2423; x_wconf 82' lang='lat' dir='ltr'><strong>totumque</strong></span> <span class='ocrx_word' id='word_1_221' title='bbox 2673 2365 2696 2398; x_wconf 75' lang='grc' dir='ltr'>ι</span> 
     </span>
     <span class='ocr_line' id='line_1_33' title="bbox 484 2417 2694 2495; baseline -0.005 -13"><span class='ocrx_word' id='word_1_222' title='bbox 484 2449 511 2482; x_wconf 87' lang='lat' dir='ltr'><strong>s</strong></span> <span class='ocrx_word' id='word_1_223' title='bbox 528 2427 773 2480; x_wconf 83' lang='lat' dir='ltr'><strong>edibus</strong></span> <span class='ocrx_word' id='word_1_224' title='bbox 809 2425 927 2478; x_wconf 70' lang='lat' dir='ltr'><strong>imis</strong></span> <span class='ocrx_word' id='word_1_225' title='bbox 956 2428 1075 2478; x_wconf 84' lang='lat' dir='ltr'><strong>Una</strong></span> <span class='ocrx_word' id='word_1_226' title='bbox 1098 2428 1367 2493; x_wconf 80' lang='lat' dir='ltr'><strong>Eurusque</strong></span> <span class='ocrx_word' id='word_1_227' title='bbox 1388 2429 1663 2495; x_wconf 85' lang='lat' dir='ltr'><strong>Notusque</strong></span> <span class='ocrx_word' id='word_1_228' title='bbox 1691 2438 1847 2478; x_wconf 87' lang='lat' dir='ltr'><strong>ruunt</strong></span> <span class='ocrx_word' id='word_1_229' title='bbox 1858 2433 1910 2491; x_wconf 86' lang='lat'><strong>,“</strong></span> <span class='ocrx_word' id='word_1_230' title='bbox 1949 2444 1980 2478; x_wconf 88' lang='lat' dir='ltr'><strong>e</strong></span> <span class='ocrx_word' id='word_1_231' title='bbox 2020 2427 2255 2479; x_wconf 87' lang='lat' dir='ltr'><strong>codicum</strong></span> <span class='ocrx_word' id='word_1_232' title='bbox 2282 2422 2533 2481; x_wconf 74' lang='lat' dir='ltr'><strong>consensu</strong></span> <span class='ocrx_word' id='word_1_233' title='bbox 2552 2443 2584 2474; x_wconf 84' lang='lat' dir='ltr'><strong>a</strong></span> <span class='ocrx_word' id='word_1_234' title='bbox 2605 2417 2694 2472; x_wconf 74' lang='lat' dir='ltr'><strong>sed·</strong></span> 
     </span>
     <span class='ocr_line' id='line_1_34' title="bbox 487 2487 2692 2568; baseline 0 -17"><span class='ocrx_word' id='word_1_235' title='bbox 487 2498 684 2551; x_wconf 84' lang='lat' dir='ltr'><strong>editum</strong></span> <span class='ocrx_word' id='word_1_236' title='bbox 713 2496 816 2562; x_wconf 81' lang='lat' dir='ltr'><strong>sit,</strong></span> <span class='ocrx_word' id='word_1_237' title='bbox 852 2505 908 2546; x_wconf 87' lang='lat' dir='ltr'><strong>ut</strong></span> <span class='ocrx_word' id='word_1_238' title='bbox 939 2505 1083 2548; x_wconf 84' lang='lat' dir='ltr'><strong>certa</strong></span> <span class='ocrx_word' id='word_1_239' title='bbox 1109 2505 1315 2548; x_wconf 86' lang='lat' dir='ltr'><strong>constet</strong></span> <span class='ocrx_word' id='word_1_240' title='bbox 1342 2495 1516 2562; x_wconf 86' lang='lat' dir='ltr'><strong>ratio,</strong></span> <span class='ocrx_word' id='word_1_241' title='bbox 1551 2497 1641 2550; x_wconf 85' lang='lat' dir='ltr'><strong>hic</strong></span> <span class='ocrx_word' id='word_1_242' title='bbox 1667 2514 1877 2568; x_wconf 84' lang='lat' dir='ltr'><strong>quoque</strong></span> <span class='ocrx_word' id='word_1_243' title='bbox 1915 2517 1953 2550; x_wconf 85' lang='lat' dir='ltr'><strong>a</strong></span> <span class='ocrx_word' id='word_1_244' title='bbox 1996 2499 2310 2551; x_wconf 76' lang='lat' dir='ltr'><strong>exarandum</strong></span> <span class='ocrx_word' id='word_1_245' title='bbox 2351 2494 2534 2551; x_wconf 76' lang='lat' dir='ltr'><strong>curavi.</strong></span> <span class='ocrx_word' id='word_1_246' title='bbox 2578 2487 2692 2552; x_wconf 80' lang='lat' dir='ltr'><strong>Wr·)</strong></span> 
     </span>
    </p>
   </div>
   <div class='ocr_carea' id='block_1_22' title="bbox 456 2654 1580 4448">
    <p class='ocr_par' dir='ltr' id='par_1_22' title="bbox 456 2654 1580 4448">
     <span class='ocr_line' id='line_1_35' title="bbox 572 2654 1572 2735; baseline -0.007 -15"><span class='ocrx_word' id='word_1_247' title='bbox 572 2659 695 2721; x_wconf 83' lang='lat'><strong>604</strong></span> <span class='ocrx_word' id='word_1_248' title='bbox 727 2675 853 2735; x_wconf 90' lang='lat' dir='ltr'><strong>sqq.</strong></span> <span class='ocrx_word' id='word_1_249' title='bbox 897 2654 1313 2731; x_wconf 85' lang='lat' dir='ltr'><strong>Pulcerrimus,</strong></span> <span class='ocrx_word' id='word_1_250' title='bbox 1344 2656 1449 2734; x_wconf 87' lang='lat' dir='ltr'><strong>qui</strong></span> <span class='ocrx_word' id='word_1_251' title='bbox 1473 2673 1572 2713; x_wconf 90' lang='lat' dir='ltr'><strong>se-</strong></span> 
     </span>
     <span class='ocr_line' id='line_1_36' title="bbox 487 2737 1570 2822; baseline -0.002 -20"><span class='ocrx_word' id='word_1_252' title='bbox 487 2742 729 2822; x_wconf 83' lang='lat' dir='ltr'><strong>quitur,</strong></span> <span class='ocrx_word' id='word_1_253' title='bbox 791 2737 852 2801; x_wconf 80' lang='lat' dir='ltr'><strong>et</strong></span> <span class='ocrx_word' id='word_1_254' title='bbox 895 2740 974 2799; x_wconf 84' lang='lat' dir='ltr'><strong>ad</strong></span> <span class='ocrx_word' id='word_1_255' title='bbox 1021 2760 1220 2800; x_wconf 86' lang='lat' dir='ltr'><strong>meum</strong></span> <span class='ocrx_word' id='word_1_256' title='bbox 1262 2740 1570 2816; x_wconf 87' lang='lat' dir='ltr'><strong>iudicium,</strong></span> 
     </span>
     <span class='ocr_line' id='line_1_37' title="bbox 487 2827 1572 2901; baseline -0.002 -14"><span class='ocrx_word' id='word_1_257' title='bbox 487 2828 776 2889; x_wconf 83' lang='lat' dir='ltr'><strong>sublimus</strong></span> <span class='ocrx_word' id='word_1_258' title='bbox 825 2827 1026 2901; x_wconf 90' lang='lat' dir='ltr'><strong>locus,</strong></span> <span class='ocrx_word' id='word_1_259' title='bbox 1114 2827 1261 2887; x_wconf 86' lang='lat' dir='ltr'><strong>dum</strong></span> <span class='ocrx_word' id='word_1_260' title='bbox 1331 2847 1572 2887; x_wconf 83' lang='lat' dir='ltr'><strong>caussae</strong></span> 
     </span>
     <span class='ocr_line' id='line_1_38' title="bbox 487 2913 1573 2991; baseline -0.002 -17"><span class='ocrx_word' id='word_1_261' title='bbox 487 2915 757 2974; x_wconf 82' lang='lat' dir='ltr'><strong>occultae</strong></span> <span class='ocrx_word' id='word_1_262' title='bbox 773 2914 969 2991; x_wconf 82' lang='lat' dir='ltr'><strong>magni</strong></span> <span class='ocrx_word' id='word_1_263' title='bbox 986 2922 1233 2973; x_wconf 84' lang='lat' dir='ltr'><strong>eventus</strong></span> <span class='ocrx_word' id='word_1_264' title='bbox 1266 2934 1301 2970; x_wconf 87' lang='lat' dir='ltr'><strong>a</strong></span> <span class='ocrx_word' id='word_1_265' title='bbox 1332 2913 1446 2972; x_wconf 88' lang='lat' dir='ltr'><strong>diis</strong></span> <span class='ocrx_word' id='word_1_266' title='bbox 1468 2932 1573 2972; x_wconf 91' lang='lat' dir='ltr'><strong>re-</strong></span> 
     </span>
     <span class='ocr_line' id='line_1_39' title="bbox 485 2999 1574 3080; baseline -0.001 -21"><span class='ocrx_word' id='word_1_267' title='bbox 485 3001 705 3080; x_wconf 79' lang='lat' dir='ltr'><strong>petitae</strong></span> <span class='ocrx_word' id='word_1_268' title='bbox 745 2999 932 3058; x_wconf 88' lang='lat' dir='ltr'><strong>oculis</strong></span> <span class='ocrx_word' id='word_1_269' title='bbox 974 2999 1378 3058; x_wconf 85' lang='lat' dir='ltr'><strong>subiiciuntur</strong></span> <span class='ocrx_word' id='word_1_270' title='bbox 1425 3009 1574 3058; x_wconf 86' lang='lat' dir='ltr'><strong>tan-</strong></span> 
     </span>
     <span class='ocr_line' id='line_1_40' title="bbox 486 3081 1574 3166; baseline 0.001 -22"><span class='ocrx_word' id='word_1_271' title='bbox 486 3106 668 3164; x_wconf 81' lang='lat' dir='ltr'><strong>quam</strong></span> <span class='ocrx_word' id='word_1_272' title='bbox 691 3084 1036 3143; x_wconf 81' lang='lat' dir='ltr'><strong>manifestae</strong></span> <span class='ocrx_word' id='word_1_273' title='bbox 1055 3128 1072 3160; x_wconf 90' lang='lat'>,</span> <span class='ocrx_word' id='word_1_274' title='bbox 1118 3081 1208 3165; x_wconf 85' lang='lat' dir='ltr'><strong>(v.</strong></span> <span class='ocrx_word' id='word_1_275' title='bbox 1235 3089 1377 3150; x_wconf 76' lang='lat'><strong>622.</strong></span> <span class='ocrx_word' id='word_1_276' title='bbox 1401 3082 1574 3166; x_wconf 87' lang='grc'><strong>623.)</strong></span> 
     </span>
     <span class='ocr_line' id='line_1_41' title="bbox 487 3168 1575 3252; baseline 0.001 -22"><span class='ocrx_word' id='word_1_277' title='bbox 487 3171 710 3252; x_wconf 84' lang='lat' dir='ltr'><strong>partim</strong></span> <span class='ocrx_word' id='word_1_278' title='bbox 738 3169 985 3228; x_wconf 86' lang='lat' dir='ltr'><strong>Homeri</strong></span> <span class='ocrx_word' id='word_1_279' title='bbox 1023 3168 1296 3248; x_wconf 80' lang='lat' dir='ltr'><strong>auspiciis</strong></span> <span class='ocrx_word' id='word_1_280' title='bbox 1339 3169 1486 3228; x_wconf 83' lang='lat' dir='ltr'><strong>Iliad</strong></span> <span class='ocrx_word' id='word_1_281' title='bbox 1525 3191 1575 3245; x_wconf 80' lang='grc' dir='ltr'><strong>ε,</strong></span> 
     </span>
     <span class='ocr_line' id='line_1_42' title="bbox 492 3254 1578 3330; baseline -0.006 -10"><span class='ocrx_word' id='word_1_282' title='bbox 492 3260 634 3330; x_wconf 85' lang='grc'><strong>127,</strong></span> <span class='ocrx_word' id='word_1_283' title='bbox 670 3258 811 3328; x_wconf 88' lang='grc'><strong>128,</strong></span> <span class='ocrx_word' id='word_1_284' title='bbox 845 3255 952 3314; x_wconf 87' lang='lat' dir='ltr'><strong>ubi</strong></span> <span class='ocrx_word' id='word_1_285' title='bbox 979 3254 1251 3313; x_wconf 79' lang='lat' dir='ltr'><strong>Minerva</strong></span> <span class='ocrx_word' id='word_1_286' title='bbox 1276 3254 1578 3314; x_wconf 87' lang='lat' dir='ltr'><strong>Diomedis</strong></span> 
     </span>
     <span class='ocr_line' id='line_1_43' title="bbox 487 3339 1575 3417; baseline 0 -17"><span class='ocrx_word' id='word_1_287' title='bbox 487 3341 687 3400; x_wconf 86' lang='lat' dir='ltr'><strong>visum</strong></span> <span class='ocrx_word' id='word_1_288' title='bbox 728 3339 916 3415; x_wconf 86' lang='lat' dir='ltr'><strong>acuit,</strong></span> <span class='ocrx_word' id='word_1_289' title='bbox 959 3348 1022 3397; x_wconf 91' lang='lat' dir='ltr'><strong>et</strong></span> <span class='ocrx_word' id='word_1_290' title='bbox 1058 3339 1119 3398; x_wconf 88' lang='lat' dir='ltr'><strong>in</strong></span> <span class='ocrx_word' id='word_1_291' title='bbox 1159 3359 1275 3399; x_wconf 82' lang='lat' dir='ltr'><strong>vss.</strong></span> <span class='ocrx_word' id='word_1_292' title='bbox 1321 3343 1448 3404; x_wconf 87' lang='grc'><strong>608</strong></span> <span class='ocrx_word' id='word_1_293' title='bbox 1487 3360 1575 3417; x_wconf 88' lang='lat' dir='ltr'><strong>sq.</strong></span> 
     </span>
     <span class='ocr_line' id='line_1_44' title="bbox 489 3425 1576 3505; baseline -0.001 -20"><span class='ocrx_word' id='word_1_294' title='bbox 489 3425 657 3485; x_wconf 78' lang='lat' dir='ltr'><strong>Iliad.</strong></span> <span class='ocrx_word' id='word_1_295' title='bbox 692 3449 753 3505; x_wconf 83' lang='grc' dir='ltr'><strong>μ,</strong></span> <span class='ocrx_word' id='word_1_296' title='bbox 797 3428 875 3488; x_wconf 87' lang='grc'><strong>13</strong></span> <span class='ocrx_word' id='word_1_297' title='bbox 924 3444 1084 3502; x_wconf 88' lang='lat' dir='ltr'><strong>sqq.,</strong></span> <span class='ocrx_word' id='word_1_298' title='bbox 1123 3427 1207 3487; x_wconf 88' lang='grc'><strong>27</strong></span> <span class='ocrx_word' id='word_1_299' title='bbox 1251 3445 1411 3503; x_wconf 64' lang='lat' dir='ltr'><strong>sqq„</strong></span> <span class='ocrx_word' id='word_1_300' title='bbox 1470 3426 1576 3485; x_wconf 89' lang='lat' dir='ltr'><strong>ubi</strong></span> 
     </span>
     <span class='ocr_line' id='line_1_45' title="bbox 486 3509 1575 3590; baseline 0 -19"><span class='ocrx_word' id='word_1_301' title='bbox 486 3511 798 3590; x_wconf 79' lang='lat' dir='ltr'><strong>Neptunus</strong></span> <span class='ocrx_word' id='word_1_302' title='bbox 827 3519 889 3568; x_wconf 88' lang='lat' dir='ltr'><strong>et</strong></span> <span class='ocrx_word' id='word_1_303' title='bbox 912 3509 1127 3589; x_wconf 84' lang='lat' dir='ltr'><strong>Apollo</strong></span> <span class='ocrx_word' id='word_1_304' title='bbox 1143 3510 1368 3571; x_wconf 83' lang='lat' dir='ltr'><strong>vallum</strong></span> <span class='ocrx_word' id='word_1_305' title='bbox 1382 3510 1575 3570; x_wconf 81' lang='lat' dir='ltr'><strong>Achi-</strong></span> 
     </span>
     <span class='ocr_line' id='line_1_46' title="bbox 489 3592 1574 3677; baseline 0 -21"><span class='ocrx_word' id='word_1_306' title='bbox 489 3617 706 3657; x_wconf 88' lang='lat' dir='ltr'><strong>vorum</strong></span> <span class='ocrx_word' id='word_1_307' title='bbox 753 3596 1006 3656; x_wconf 87' lang='lat' dir='ltr'><strong>diruunt</strong></span> <span class='ocrx_word' id='word_1_308' title='bbox 1053 3592 1153 3677; x_wconf 89' lang='lat' dir='ltr'><strong>(cs.</strong></span> <span class='ocrx_word' id='word_1_309' title='bbox 1183 3596 1574 3656; x_wconf 82' lang='lat' dir='ltr'><strong>imitationem</strong></span> 
     </span>
     <span class='ocr_line' id='line_1_47' title="bbox 491 3681 1574 3764; baseline 0.007 -23"><span class='ocrx_word' id='word_1_310' title='bbox 491 3682 707 3756; x_wconf 88' lang='lat' dir='ltr'><strong>Quinti</strong></span> <span class='ocrx_word' id='word_1_311' title='bbox 741 3682 862 3741; x_wconf 85' lang='lat' dir='ltr'><strong>Cal.</strong></span> <span class='ocrx_word' id='word_1_312' title='bbox 908 3682 1068 3757; x_wconf 86' lang='lat' dir='ltr'>XIV,</span> <span class='ocrx_word' id='word_1_313' title='bbox 1134 3686 1252 3747; x_wconf 84' lang='lat'><strong>631</strong></span> <span class='ocrx_word' id='word_1_314' title='bbox 1288 3717 1369 3728; x_wconf 96' lang='lat'><strong>—</strong></span> <span class='ocrx_word' id='word_1_315' title='bbox 1401 3681 1574 3764; x_wconf 87' lang='lat'><strong>651),</strong></span> 
     </span>
     <span class='ocr_line' id='line_1_48' title="bbox 456 3767 1576 3848; baseline 0 -19"><span class='ocrx_word' id='word_1_316' title='bbox 456 3767 709 3848; x_wconf 61' lang='lat' dir='ltr'><strong>„partim</strong></span> <span class='ocrx_word' id='word_1_317' title='bbox 740 3767 993 3827; x_wconf 83' lang='lat' dir='ltr'><strong>aliorum</strong></span> <span class='ocrx_word' id='word_1_318' title='bbox 1028 3776 1340 3847; x_wconf 85' lang='lat' dir='ltr'><strong>poetarum</strong></span> <span class='ocrx_word' id='word_1_319' title='bbox 1381 3768 1576 3829; x_wconf 87' lang='lat' dir='ltr'><strong>ductu</strong></span> 
     </span>
     <span class='ocr_line' id='line_1_49' title="bbox 489 3853 1575 3915; baseline 0.002 -3"><span class='ocrx_word' id='word_1_320' title='bbox 489 3853 847 3913; x_wconf 83' lang='lat' dir='ltr'><strong>elaboratus.</strong></span> <span class='ocrx_word' id='word_1_321' title='bbox 931 3853 984 3912; x_wconf 86' lang='lat' dir='ltr'>N</span> <span class='ocrx_word' id='word_1_322' title='bbox 986 3874 1081 3911; x_wconf 82' lang='lat' dir='ltr'><strong>am</strong></span> <span class='ocrx_word' id='word_1_323' title='bbox 1113 3853 1177 3912; x_wconf 87' lang='lat' dir='ltr'><strong>in</strong></span> <span class='ocrx_word' id='word_1_324' title='bbox 1211 3855 1424 3915; x_wconf 83' lang='lat' dir='ltr'><strong>Troiae</strong></span> <span class='ocrx_word' id='word_1_325' title='bbox 1460 3875 1575 3914; x_wconf 83' lang='lat' dir='ltr'><strong>ex-</strong></span> 
     </span>
     <span class='ocr_line' id='line_1_50' title="bbox 489 3938 1577 4021; baseline 0.002 -23"><span class='ocrx_word' id='word_1_326' title='bbox 489 3939 647 3999; x_wconf 88' lang='lat' dir='ltr'><strong>cidio</strong></span> <span class='ocrx_word' id='word_1_327' title='bbox 681 3938 793 3997; x_wconf 87' lang='lat' dir='ltr'><strong>diis</strong></span> <span class='ocrx_word' id='word_1_328' title='bbox 826 3939 1135 3998; x_wconf 79' lang='lat' dir='ltr'><strong>manifesta</strong></span> <span class='ocrx_word' id='word_1_329' title='bbox 1165 3940 1363 4019; x_wconf 87' lang='lat' dir='ltr'><strong>aliqua</strong></span> <span class='ocrx_word' id='word_1_330' title='bbox 1393 3961 1577 4021; x_wconf 81' lang='lat' dir='ltr'><strong>opera</strong></span> 
     </span>
     <span class='ocr_line' id='line_1_51' title="bbox 489 4023 1580 4104; baseline 0.004 -21"><span class='ocrx_word' id='word_1_331' title='bbox 489 4025 565 4084; x_wconf 80' lang='lat' dir='ltr'><strong>ab</strong></span> <span class='ocrx_word' id='word_1_332' title='bbox 609 4023 1051 4102; x_wconf 77' lang='lat' dir='ltr'><strong>antiquioribus</strong></span> <span class='ocrx_word' id='word_1_333' title='bbox 1093 4025 1284 4104; x_wconf 88' lang='lat' dir='ltr'><strong>poetis</strong></span> <span class='ocrx_word' id='word_1_334' title='bbox 1334 4036 1426 4086; x_wconf 88' lang='lat' dir='ltr'><strong>est</strong></span> <span class='ocrx_word' id='word_1_335' title='bbox 1463 4028 1580 4086; x_wconf 87' lang='lat' dir='ltr'><strong>tri-</strong></span> 
     </span>
     <span class='ocr_line' id='line_1_52' title="bbox 486 4108 1579 4192; baseline 0 -20"><span class='ocrx_word' id='word_1_336' title='bbox 486 4112 666 4185; x_wconf 79' lang='lat' dir='ltr'><strong>buta,</strong></span> <span class='ocrx_word' id='word_1_337' title='bbox 709 4120 783 4170; x_wconf 88' lang='lat' dir='ltr'><strong>ut</strong></span> <span class='ocrx_word' id='word_1_338' title='bbox 826 4128 907 4168; x_wconf 76' lang='lat' dir='ltr'><strong>ex</strong></span> <span class='ocrx_word' id='word_1_339' title='bbox 949 4108 1352 4171; x_wconf 79' lang='lat' dir='ltr'><strong>imitatoribus</strong></span> <span class='ocrx_word' id='word_1_340' title='bbox 1395 4121 1579 4192; x_wconf 85' lang='lat' dir='ltr'><strong>patet.</strong></span> 
     </span>
     <span class='ocr_line' id='line_1_53' title="bbox 488 4194 1578 4276; baseline 0 -18"><span class='ocrx_word' id='word_1_341' title='bbox 488 4218 547 4259; x_wconf 85' lang='lat' dir='ltr'><strong>v.</strong></span> <span class='ocrx_word' id='word_1_342' title='bbox 589 4196 855 4271; x_wconf 85' lang='lat' dir='ltr'><strong>Quintus</strong></span> <span class='ocrx_word' id='word_1_343' title='bbox 897 4195 1018 4254; x_wconf 77' lang='lat' dir='ltr'><strong>Cal.</strong></span> <span class='ocrx_word' id='word_1_344' title='bbox 1061 4195 1220 4271; x_wconf 83' lang='lat' dir='ltr'>XIII,</span> <span class='ocrx_word' id='word_1_345' title='bbox 1270 4194 1397 4263; x_wconf 82' lang='lat'><strong>415</strong></span> <span class='ocrx_word' id='word_1_346' title='bbox 1451 4219 1578 4276; x_wconf 87' lang='lat' dir='ltr'><strong>sqq.</strong></span> 
     </span>
     <span class='ocr_line' id='line_1_54' title="bbox 489 4279 1579 4363; baseline -0.001 -21"><span class='ocrx_word' id='word_1_347' title='bbox 489 4282 628 4344; x_wconf 80' lang='lat' dir='ltr'><strong>add.</strong></span> <span class='ocrx_word' id='word_1_348' title='bbox 658 4279 988 4363; x_wconf 83' lang='lat' dir='ltr'><strong>Tryphiod.</strong></span> <span class='ocrx_word' id='word_1_349' title='bbox 1020 4279 1404 4347; x_wconf 80' lang='grc'><strong>550-560.</strong></span> <span class='ocrx_word' id='word_1_350' title='bbox 1457 4305 1579 4342; x_wconf 82' lang='lat' dir='ltr'><strong>nu-</strong></span> 
     </span>
     <span class='ocr_line' id='line_1_55' title="bbox 485 4365 1576 4448; baseline 0.005 -20"><span class='ocrx_word' id='word_1_351' title='bbox 485 4370 620 4431; x_wconf 83' lang='lat' dir='ltr'><strong>bem</strong></span> <span class='ocrx_word' id='word_1_352' title='bbox 676 4370 783 4430; x_wconf 86' lang='lat' dir='ltr'><strong>int.</strong></span> <span class='ocrx_word' id='word_1_353' title='bbox 841 4365 1183 4448; x_wconf 76' lang='lat' dir='ltr'><strong>caliginem,</strong></span> <span class='ocrx_word' id='word_1_354' title='bbox 1267 4376 1341 4428; x_wconf 88' lang='lat' dir='ltr'><strong>ut</strong></span> <span class='ocrx_word' id='word_1_355' title='bbox 1396 4367 1576 4433; x_wconf 85' lang='lat' dir='ltr'><strong>Hom.</strong></span> 
     </span>
    </p>
   </div>
   <div class='ocr_carea' id='block_1_23' title="bbox 1621 2646 2692 4435">
    <p class='ocr_par' dir='ltr' id='par_1_23' title="bbox 1655 2646 2692 2824">
     <span class='ocr_line' id='line_1_56' title="bbox 1655 2646 2691 2734; baseline 0.007 -22"><span class='ocrx_word' id='word_1_356' title='bbox 1655 2653 1845 2734; x_wconf 79' lang='grc' dir='ltr'><strong><em>νέφος</em></strong></span> <span class='ocrx_word' id='word_1_357' title='bbox 1877 2656 1914 2714; x_wconf 90' lang='lat' dir='ltr'><strong>l.</strong></span> <span class='ocrx_word' id='word_1_358' title='bbox 1941 2656 1980 2717; x_wconf 90' lang='lat' dir='ltr'><strong>l.</strong></span> <span class='ocrx_word' id='word_1_359' title='bbox 2013 2666 2070 2714; x_wconf 87' lang='lat' dir='ltr'><strong>et</strong></span> <span class='ocrx_word' id='word_1_360' title='bbox 2099 2657 2266 2718; x_wconf 84' lang='lat' dir='ltr'><strong>Iliad.</strong></span> <span class='ocrx_word' id='word_1_361' title='bbox 2286 2682 2341 2734; x_wconf 91' lang='lat' dir='ltr'><strong>o,</strong></span> <span class='ocrx_word' id='word_1_362' title='bbox 2356 2659 2492 2730; x_wconf 87' lang='lat'><strong>668,</strong></span> <span class='ocrx_word' id='word_1_363' title='bbox 2508 2676 2560 2726; x_wconf 79' lang='lat' dir='ltr'><strong>v,</strong></span> <span class='ocrx_word' id='word_1_364' title='bbox 2578 2646 2691 2719; x_wconf 82' lang='lat'><strong>341,</strong></span> 
     </span>
     <span class='ocr_line' id='line_1_57' title="bbox 1656 2739 2692 2824; baseline -0.016 -18"><span class='ocrx_word' id='word_1_365' title='bbox 1656 2739 1801 2806; x_wconf 80' lang='lat'><strong>342.</strong></span> <span class='ocrx_word' id='word_1_366' title='bbox 1885 2742 2254 2803; x_wconf 84' lang='lat' dir='ltr'><strong>Imitationes</strong></span> <span class='ocrx_word' id='word_1_367' title='bbox 2278 2743 2489 2824; x_wconf 83' lang='lat' dir='ltr'><strong>passim</strong></span> <span class='ocrx_word' id='word_1_368' title='bbox 2520 2739 2576 2796; x_wconf 85' lang='lat' dir='ltr'><strong>in</strong></span> <span class='ocrx_word' id='word_1_369' title='bbox 2612 2750 2692 2791; x_wconf 79' lang='lat' dir='ltr'><strong>re-</strong></span> 
     </span>
    </p>

    <p class='ocr_par' dir='ltr' id='par_1_24' title="bbox 1621 2825 2690 3681">
     <span class='ocr_line' id='line_1_58' title="bbox 1621 2825 2690 2890; baseline -0.012 -1"><span class='ocrx_word' id='word_1_370' title='bbox 1621 2885 1625 2889; x_wconf 85' lang='lat'><strong>.</strong></span> <span class='ocrx_word' id='word_1_371' title='bbox 1657 2828 2020 2887; x_wconf 87' lang='lat' dir='ltr'><strong>centioribus</strong></span> <span class='ocrx_word' id='word_1_372' title='bbox 2054 2829 2353 2890; x_wconf 82' lang='lat' dir='ltr'><strong>observes.</strong></span> <span class='ocrx_word' id='word_1_373' title='bbox 2417 2825 2690 2886; x_wconf 85' lang='lat' dir='ltr'><strong>Miltonum</strong></span> 
     </span>
     <span class='ocr_line' id='line_1_59' title="bbox 1655 2908 2688 2989; baseline -0.011 -17"><span class='ocrx_word' id='word_1_374' title='bbox 1655 2914 1758 2972; x_wconf 90' lang='lat' dir='ltr'><strong>lib.</strong></span> <span class='ocrx_word' id='word_1_375' title='bbox 1813 2915 1918 2989; x_wconf 88' lang='lat' dir='ltr'><strong>XI,</strong></span> <span class='ocrx_word' id='word_1_376' title='bbox 1970 2915 2089 2979; x_wconf 78' lang='lat'><strong>411</strong></span> <span class='ocrx_word' id='word_1_377' title='bbox 2160 2927 2222 2975; x_wconf 89' lang='lat' dir='ltr'><strong>et</strong></span> <span class='ocrx_word' id='word_1_378' title='bbox 2277 2918 2519 2976; x_wconf 76' lang='lat' dir='ltr'><strong>Tassum</strong></span> <span class='ocrx_word' id='word_1_379' title='bbox 2558 2908 2688 2965; x_wconf 80' lang='lat' dir='ltr'><strong>cant.</strong></span> 
     </span>
     <span class='ocr_line' id='line_1_60' title="bbox 1657 2992 2690 3065; baseline -0.013 -7"><span class='ocrx_word' id='word_1_380' title='bbox 1657 2999 1799 3058; x_wconf 84' lang='lat' dir='ltr'><strong>XVI</strong></span> <span class='ocrx_word' id='word_1_381' title='bbox 1805 3001 1853 3058; x_wconf 87' lang='grc' dir='ltr'><strong>ΙΙ</strong></span> <span class='ocrx_word' id='word_1_382' title='bbox 1879 3005 2096 3059; x_wconf 78' lang='lat' dir='ltr'><strong>Stanza</strong></span> <span class='ocrx_word' id='word_1_383' title='bbox 2137 3005 2218 3065; x_wconf 83' lang='grc'><strong>98</strong></span> <span class='ocrx_word' id='word_1_384' title='bbox 2251 3003 2558 3062; x_wconf 76' lang='lat' dir='ltr'><strong>wartonus</strong></span> <span class='ocrx_word' id='word_1_385' title='bbox 2583 2992 2690 3049; x_wconf 81' lang='lat' dir='ltr'><strong>lau-</strong></span> 
     </span>
     <span class='ocr_line' id='line_1_61' title="bbox 1660 3076 2687 3168; baseline 0 -25"><span class='ocrx_word' id='word_1_386' title='bbox 1660 3085 1849 3145; x_wconf 78' lang='lat' dir='ltr'><strong>davit.</strong></span> <span class='ocrx_word' id='word_1_387' title='bbox 1944 3085 2152 3145; x_wconf 82' lang='lat' dir='ltr'><strong>Altera</strong></span> <span class='ocrx_word' id='word_1_388' title='bbox 2200 3106 2278 3145; x_wconf 83' lang='lat' dir='ltr'><strong>ex</strong></span> <span class='ocrx_word' id='word_1_389' title='bbox 2337 3094 2496 3168; x_wconf 84' lang='lat' dir='ltr'><strong>parte</strong></span> <span class='ocrx_word' id='word_1_390' title='bbox 2531 3076 2687 3153; x_wconf 63' lang='grc'><strong>616385</strong></span> 
     </span>
     <span class='ocr_line' id='line_1_62' title="bbox 1660 3169 2686 3251; baseline -0.006 -23"><span class='ocrx_word' id='word_1_391' title='bbox 1660 3171 1824 3250; x_wconf 87' lang='lat' dir='ltr'><strong>apud</strong></span> <span class='ocrx_word' id='word_1_392' title='bbox 1879 3171 2177 3247; x_wconf 78' lang='lat' dir='ltr'><strong>animum,</strong></span> <span class='ocrx_word' id='word_1_393' title='bbox 2255 3192 2336 3232; x_wconf 83' lang='lat' dir='ltr'><strong>an</strong></span> <span class='ocrx_word' id='word_1_394' title='bbox 2390 3169 2686 3251; x_wconf 70' lang='lat' dir='ltr'><strong>phantasma</strong></span> 
     </span>
     <span class='ocr_line' id='line_1_63' title="bbox 1657 3255 2684 3336; baseline -0.016 -20"><span class='ocrx_word' id='word_1_395' title='bbox 1657 3255 1778 3316; x_wconf 87' lang='lat' dir='ltr'><strong>boc</strong></span> <span class='ocrx_word' id='word_1_396' title='bbox 1801 3258 2136 3336; x_wconf 88' lang='lat' dir='ltr'><strong>poeticum,</strong></span> <span class='ocrx_word' id='word_1_397' title='bbox 2165 3267 2293 3318; x_wconf 87' lang='lat' dir='ltr'><strong>tam</strong></span> <span class='ocrx_word' id='word_1_398' title='bbox 2323 3255 2547 3318; x_wconf 81' lang='lat' dir='ltr'><strong>sublime</strong></span> <span class='ocrx_word' id='word_1_399' title='bbox 2565 3262 2684 3305; x_wconf 79' lang='lat' dir='ltr'><strong>nai·-</strong></span> 
     </span>
     <span class='ocr_line' id='line_1_64' title="bbox 1659 3329 2682 3422; baseline -0.008 -21"><span class='ocrx_word' id='word_1_400' title='bbox 1659 3351 1798 3401; x_wconf 86' lang='lat' dir='ltr'><strong>ratu</strong></span> <span class='ocrx_word' id='word_1_401' title='bbox 1817 3388 1832 3418; x_wconf 90' lang='lat'>,</span> <span class='ocrx_word' id='word_1_402' title='bbox 1899 3344 2051 3402; x_wconf 89' lang='lat' dir='ltr'><strong>bene</strong></span> <span class='ocrx_word' id='word_1_403' title='bbox 2103 3364 2345 3422; x_wconf 83' lang='lat' dir='ltr'><strong>quoque</strong></span> <span class='ocrx_word' id='word_1_404' title='bbox 2382 3343 2453 3401; x_wconf 82' lang='lat' dir='ltr'><strong>ab</strong></span> <span class='ocrx_word' id='word_1_405' title='bbox 2501 3329 2682 3394; x_wconf 71' lang='lat' dir='ltr'><strong>artifice</strong></span> 
     </span>
     <span class='ocr_line' id='line_1_65' title="bbox 1659 3424 2684 3497; baseline -0.003 -12"><span class='ocrx_word' id='word_1_406' title='bbox 1659 3428 1737 3486; x_wconf 85' lang='lat' dir='ltr'><strong>ad</strong></span> <span class='ocrx_word' id='word_1_407' title='bbox 1768 3429 2079 3489; x_wconf 84' lang='lat' dir='ltr'><strong>oculorum</strong></span> <span class='ocrx_word' id='word_1_408' title='bbox 2107 3448 2345 3489; x_wconf 89' lang='lat' dir='ltr'><strong>sensum</strong></span> <span class='ocrx_word' id='word_1_409' title='bbox 2371 3424 2527 3488; x_wconf 86' lang='lat' dir='ltr'><strong>reddi</strong></span> <span class='ocrx_word' id='word_1_410' title='bbox 2548 3427 2684 3497; x_wconf 63' lang='grc' dir='ltr'><strong>Ροὸὓθ</strong></span> 
     </span>
     <span class='ocr_line' id='line_1_66' title="bbox 1657 3502 2685 3592; baseline -0.01 -20"><span class='ocrx_word' id='word_1_411' title='bbox 1657 3522 1865 3592; x_wconf 85' lang='lat' dir='ltr'><strong>putes,</strong></span> <span class='ocrx_word' id='word_1_412' title='bbox 1937 3524 2012 3573; x_wconf 88' lang='lat' dir='ltr'><strong>ut</strong></span> <span class='ocrx_word' id='word_1_413' title='bbox 2085 3535 2197 3575; x_wconf 90' lang='lat' dir='ltr'><strong>nec</strong></span> <span class='ocrx_word' id='word_1_414' title='bbox 2253 3517 2444 3576; x_wconf 80' lang='lat' dir='ltr'><strong>minus</strong></span> <span class='ocrx_word' id='word_1_415' title='bbox 2484 3502 2685 3568; x_wconf 71' lang='lat' dir='ltr'><strong>sublime</strong></span> 
     </span>
     <span class='ocr_line' id='line_1_67' title="bbox 1655 3600 2112 3681; baseline 0.004 -23"><span class='ocrx_word' id='word_1_416' title='bbox 1655 3600 1881 3659; x_wconf 85' lang='lat' dir='ltr'><strong>censeri</strong></span> <span class='ocrx_word' id='word_1_417' title='bbox 1907 3601 2112 3681; x_wconf 86' lang='lat' dir='ltr'><strong>possit.</strong></span> 
     </span>
    </p>

    <p class='ocr_par' dir='ltr' id='par_1_25' title="bbox 1656 3687 2684 4108">
     <span class='ocr_line' id='line_1_68' title="bbox 1746 3687 2683 3768; baseline -0.009 -18"><span class='ocrx_word' id='word_1_418' title='bbox 1746 3691 1893 3751; x_wconf 88' lang='lat'><strong>606.</strong></span> <span class='ocrx_word' id='word_1_419' title='bbox 1945 3691 2087 3751; x_wconf 79' lang='lat'><strong>607.</strong></span> <span class='ocrx_word' id='word_1_420' title='bbox 2180 3690 2273 3746; x_wconf 83' lang='grc' dir='ltr'><strong>Τιι</strong></span> <span class='ocrx_word' id='word_1_421' title='bbox 2322 3706 2392 3745; x_wconf 84' lang='lat' dir='ltr'><strong>ne</strong></span> <span class='ocrx_word' id='word_1_422' title='bbox 2435 3697 2545 3761; x_wconf 74' lang='lat' dir='ltr'><strong>qua</strong></span> <span class='ocrx_word' id='word_1_423' title='bbox 2587 3687 2683 3768; x_wconf 49' lang='grc' dir='ltr'><strong>(Μ’</strong></span> 
     </span>
     <span class='ocr_line' id='line_1_69' title="bbox 1656 3751 2682 3852; baseline -0.015 -23"><span class='ocrx_word' id='word_1_424' title='bbox 1656 3775 1837 3830; x_wconf 73' lang='lat' dir='ltr'><strong>renti-s</strong></span> <span class='ocrx_word' id='word_1_425' title='bbox 1875 3774 2055 3831; x_wconf 68' lang='lat' dir='ltr'><strong>Iussa</strong></span> <span class='ocrx_word' id='word_1_426' title='bbox 2094 3775 2235 3831; x_wconf 79' lang='lat' dir='ltr'><strong>time</strong></span> <span class='ocrx_word' id='word_1_427' title='bbox 2249 3793 2276 3834; x_wconf 76' lang='lat'><strong>.-</strong></span> <span class='ocrx_word' id='word_1_428' title='bbox 2331 3773 2560 3852; x_wconf 86' lang='lat' dir='ltr'><strong>propter</strong></span> <span class='ocrx_word' id='word_1_429' title='bbox 2591 3751 2682 3822; x_wconf 77' lang='lat'><strong>111³,</strong></span> 
     </span>
     <span class='ocr_line' id='line_1_70' title="bbox 1658 3838 2684 3937; baseline 0.001 -21"><span class='ocrx_word' id='word_1_430' title='bbox 1658 3877 1812 3935; x_wconf 88' lang='lat' dir='ltr'><strong>quae</strong></span> <span class='ocrx_word' id='word_1_431' title='bbox 1837 3877 1896 3917; x_wconf 81' lang='lat' dir='ltr'><strong>v.</strong></span> <span class='ocrx_word' id='word_1_432' title='bbox 1931 3861 2055 3921; x_wconf 85' lang='lat'><strong>619</strong></span> <span class='ocrx_word' id='word_1_433' title='bbox 2096 3879 2223 3937; x_wconf 84' lang='lat' dir='ltr'><strong>sqq.</strong></span> <span class='ocrx_word' id='word_1_434' title='bbox 2266 3853 2573 3930; x_wconf 74' lang='lat' dir='ltr'><strong>subiunget·</strong></span> <span class='ocrx_word' id='word_1_435' title='bbox 2616 3838 2684 3917; x_wconf 64' lang='grc' dir='ltr'><strong>(εἰ</strong></span> 
     </span>
     <span class='ocr_line' id='line_1_71' title="bbox 1663 3924 2683 4017; baseline 0 -15"><span class='ocrx_word' id='word_1_436' title='bbox 1663 3943 1788 4005; x_wconf 71' lang='lat' dir='ltr'><strong>vid.</strong></span> <span class='ocrx_word' id='word_1_437' title='bbox 1824 3943 1978 4002; x_wconf 78' lang='lat' dir='ltr'><strong>v.1..</strong></span> <span class='ocrx_word' id='word_1_438' title='bbox 2009 3943 2084 4002; x_wconf 69' lang='lat' dir='ltr'><strong>aa</strong></span> <span class='ocrx_word' id='word_1_439' title='bbox 2111 3943 2173 4003; x_wconf 84' lang='lat' dir='ltr'><strong>h.</strong></span> <span class='ocrx_word' id='word_1_440' title='bbox 2205 3964 2294 4004; x_wconf 71' lang='lat' dir='ltr'><strong>vs.</strong></span> <span class='ocrx_word' id='word_1_441' title='bbox 2347 3935 2499 4017; x_wconf 87' lang='lat' dir='ltr'><strong>Wr.)</strong></span> <span class='ocrx_word' id='word_1_442' title='bbox 2571 3924 2683 3985; x_wconf 58' lang='lat'><strong>³1⁰¹</strong></span> 
     </span>
     <span class='ocr_line' id='line_1_72' title="bbox 1662 4008 2680 4108; baseline -0.004 -21"><span class='ocrx_word' id='word_1_443' title='bbox 1662 4029 1988 4087; x_wconf 74' lang='lat' dir='ltr'><strong>undantem·</strong></span> <span class='ocrx_word' id='word_1_444' title='bbox 2017 4029 2253 4108; x_wconf 87' lang='lat' dir='ltr'><strong>pulcre,</strong></span> <span class='ocrx_word' id='word_1_445' title='bbox 2306 4050 2364 4089; x_wconf 84' lang='lat' dir='ltr'><strong>v.</strong></span> <span class='ocrx_word' id='word_1_446' title='bbox 2398 4019 2534 4093; x_wconf 79' lang='lat' dir='ltr'><strong>Vm,</strong></span> <span class='ocrx_word' id='word_1_447' title='bbox 2569 4008 2680 4076; x_wconf 75' lang='lat'><strong>257·</strong></span> 
     </span>
    </p>

    <p class='ocr_par' dir='ltr' id='par_1_26' title="bbox 1659 4105 2681 4435">
     <span class='ocr_line' id='line_1_73' title="bbox 1750 4105 2681 4190; baseline -0.011 -11"><span class='ocrx_word' id='word_1_448' title='bbox 1750 4118 1892 4179; x_wconf 88' lang='grc'><strong>610.</strong></span> <span class='ocrx_word' id='word_1_449' title='bbox 1937 4115 2030 4173; x_wconf 80' lang='lat' dir='ltr'><strong>Ex</strong></span> <span class='ocrx_word' id='word_1_450' title='bbox 2059 4115 2193 4175; x_wconf 87' lang='lat' dir='ltr'><strong>loeo</strong></span> <span class='ocrx_word' id='word_1_451' title='bbox 2213 4114 2379 4175; x_wconf 83' lang='lat' dir='ltr'><strong>Iliad.</strong></span> <span class='ocrx_word' id='word_1_452' title='bbox 2404 4135 2460 4190; x_wconf 87' lang='grc' dir='ltr'><strong>μ,</strong></span> <span class='ocrx_word' id='word_1_453' title='bbox 2483 4105 2557 4167; x_wconf 87' lang='grc'><strong>27</strong></span> <span class='ocrx_word' id='word_1_454' title='bbox 2568 4111 2681 4173; x_wconf 71' lang='lat' dir='ltr'><strong>⁸⁴l‘l·’</strong></span> 
     </span>
     <span class='ocr_line' id='line_1_74' title="bbox 1660 4191 2679 4280; baseline -0.008 -21"><span class='ocrx_word' id='word_1_455' title='bbox 1660 4199 1767 4259; x_wconf 88' lang='lat' dir='ltr'><strong>ubi</strong></span> <span class='ocrx_word' id='word_1_456' title='bbox 1799 4199 2114 4280; x_wconf 88' lang='lat' dir='ltr'><strong>Neptunus</strong></span> <span class='ocrx_word' id='word_1_457' title='bbox 2130 4201 2355 4261; x_wconf 82' lang='lat' dir='ltr'><strong>vallum</strong></span> <span class='ocrx_word' id='word_1_458' title='bbox 2372 4191 2679 4256; x_wconf 76' lang='lat' dir='ltr'><strong>Achivorum</strong></span> 
     </span>
     <span class='ocr_line' id='line_1_75' title="bbox 1661 4266 2681 4367; baseline -0.001 -23"><span class='ocrx_word' id='word_1_459' title='bbox 1661 4284 1907 4345; x_wconf 69' lang='lat' dir='ltr'><strong>diruens</strong></span> <span class='ocrx_word' id='word_1_460' title='bbox 1938 4286 2328 4348; x_wconf 69' lang='lat' dir='ltr'><strong>describitur:</strong></span> <span class='ocrx_word' id='word_1_461' title='bbox 2365 4283 2424 4344; x_wconf 82' lang='lat' dir='ltr'><strong>h.</strong></span> <span class='ocrx_word' id='word_1_462' title='bbox 2451 4278 2487 4337; x_wconf 75' lang='grc' dir='ltr'><strong>ι.</strong></span> <span class='ocrx_word' id='word_1_463' title='bbox 2510 4266 2681 4367; x_wconf 59' lang='lat' dir='ltr'><strong>..gunt</strong></span> 
     </span>
     <span class='ocr_line' id='line_1_76' title="bbox 1659 4357 2678 4435; baseline -0.009 -3"><span class='ocrx_word' id='word_1_464' title='bbox 1659 4370 1873 4432; x_wconf 88' lang='lat' dir='ltr'><strong>urbem</strong></span> <span class='ocrx_word' id='word_1_465' title='bbox 1898 4372 2042 4435; x_wconf 85' lang='lat' dir='ltr'><strong>solo.</strong></span> <span class='ocrx_word' id='word_1_466' title='bbox 2128 4377 2287 4435; x_wconf 86' lang='lat' dir='ltr'><strong>Sunt</strong></span> <span class='ocrx_word' id='word_1_467' title='bbox 2334 4377 2515 4431; x_wconf 83' lang='lat' dir='ltr'><strong>autem</strong></span> <span class='ocrx_word' id='word_1_468' title='bbox 2534 4357 2586 4417; x_wconf 79' lang='lat'><strong>11¹</strong></span> <span class='ocrx_word' id='word_1_469' title='bbox 2622 4362 2678 4406; x_wconf 71' lang='lat'><strong>²¹</strong></span> 
     </span>
    </p>
   </div>
  </div>
 </body>
</html>
