2882 5028
478 388 635 472 342
704 461 710 468 .
963 386 1047 463 P.
1101 381 1642 462 VIRGILII
1687 380 2243 463 MARONIS

480 571 628 648 Hic
662 569 1059 669 Priamus»,
1113 594 1605 672 quamquam
1648 569 1732 645 in
1779 567 2051 646 media
2100 571 2257 645 iam
2309 581 2569 646 morte
2601 582 2704 647 te-

1645 686 1884 749 netur

483 785 666 858 Non
700 791 971 854 tamen
1007 776 1423 874 abstinuit,
1473 800 1625 852 nec
1656 777 1831 852 voci
1866 733 2192 877 i’raeque
2223 777 2594 876 pepercit.

486 889 587 960 At
619 881 761 956 tibi
795 905 941 981 pro
975 881 1313 974 scelere,
1370 879 1787 978 exclamat,
1840 904 1989 981 pro
2021 879 2307 956 talibus
2333 881 2552 976 ausis,
2578 884 2707 960 535

484 986 622 1080 Di,
680 986 741 1060 si
777 1010 932 1086 qua
963 996 1083 1061 est
1114 984 1345 1062 coelo
1381 986 1670 1084 pietas,
1725 1009 1929 1087 quae
1963 983 2143 1059 talia
2183 997 2429 1079 curet,

486 1087 949 1165 Persolvant
978 1101 1237 1187 grates
1272 1088 1579 1186 dignm,
1635 1101 1715 1164 et
1743 1089 2097 1188 praemia
2124 1086 2472 1163 reddant

485 1193 807 1289 Debita,
861 1194 999 1294 qui
1032 1193 1193 1269 nati
1239 1216 1510 1270 coram
1541 1216 1677 1268 me
1709 1216 2041 1268 cernere
2071 1191 2327 1267 letum
2371 1259 2392 1276 ,

486 1298 809 1390 Fecisti,
863 1308 944 1372 et
973 1296 1270 1398 patrios
1301 1294 1644 1371 foedasti
1674 1293 1962 1371 funere
1995 1292 2275 1372 voltus,

490 1405 592 1476 At
625 1424 795 1476 non
829 1399 1005 1497 ille,
1058 1413 1317 1478 satum
1350 1425 1514 1501 quo
1541 1412 1625 1475 te
1650 1399 2057 1496 mentiriS,
2081 1395 2462 1476 ›Achilles
2581 1400 2708 1477 540

629 1607 737 1664 533
771 1609 829 1659 in
866 1607 1016 1659 deest
1051 1625 1156 1659 sec.
1184 1609 1390 1675 Menag.
1420 1607 1707 1675 Hamburg.
1738 1624 1842 1659 sec.
1871 1619 1925 1659 et
1944 1606 2204 1670 Parthas„
2239 1607 2385 1676 quod
2425 1616 2479 1658 et
2503 1605 2607 1678 ipse
2629 1605 2708 1657 ab-

493 1694 609 1729 esse
632 1676 820 1729 malim.
859 1679 936 1746 (at
959 1675 1064 1728 vid.
1091 1680 1158 1741 Q.
1179 1679 1245 1729 V.
1277 1678 1446 1740 xlm,
1479 1678 1534 1743 5,
1569 1696 1614 1728 c.
1654 1678 1798 1745 Wr.)
1847 1678 2026 1729 media
2051 1680 2161 1729 iam
2186 1678 2246 1728 in
2270 1694 2353 1744 pr.
2384 1677 2587 1740 Mol-et„
2613 1675 2710 1727 vide

492 1748 755 1868 {twa
816 1748 1010 1871 536532
1028 1744 1548 1886 5:0“5'225533'5322
1617 1750 1701 1866 «ξ’
1722 1749 2020 1885 ζωνὲξῖὶ.
2063 1765 2172 1867 ἔζῖ
2190 1747 2428 1874 {Sili-'fif
2466 1758 2712 1868 “552¹“'002’1‘3

492 1886 642 1937 Leid.
699 1897 785 1936 est
854 1887 994 1937 ictas
1028 1886 1179 1937 coelo
1253 1921 1267 1937 .
1295 1897 1334 1937 ι’.
1375 1897 1553 1937 curat.
1586 1886 1794 1953 Menag.
1839 1904 1922 1955 pr.
1971 1897 2170 1936 curent
2195 1885 2388 1937 Medic.
2424 1895 2479 1936 et
2507 1884 2710 1936 Parrhas-

493 1957 599 2011 539
622 1952 676 2026 s.
711 1904 942 2006 vulget-e
966 1973 1017 2005 ν.
1048 1957 1185 2006 Ven.
1211 1956 1217 1962 ’
1254 1955 1455 2007 arrhas.
1484 1973 1590 2005 sec.
1621 1955 1810 2006 Hamb.
1852 1966 1907 2007 et
1934 1954 2097 2007 Goth.
2130 1972 2212 2023 pr.
2284 1956 2552 2025 sanguine
2575 1953 2712 2022 Bigot.

496 2041 528 2076 a
551 2042 620 2074 m.
640 2040 720 2092 pr.
750 2022 971 2075 Dorvill.
1001 2033 1055 2075 et
1078 2024 1267 2091 Wall„
1301 2023 1484 2092 (etiam
1507 2024 1625 2076 Alb.
1656 2025 1804 2091 Wr.)
1842 2042 1973 2095 quae
2017 2023 2285 2075 sollennes
2331 2034 2450 2076 sunt
2477 2034 2560 2075 ant
2582 2024 2711 2075 aber-

496 2094 728 2146 rationes
752 2103 845 2145 aut
870 2092 1322 2162 interpolationes.
1390 2094 1659 2145 Posterius
1704 2093 1914 2163 quidem
1945 2111 2052 2145 nou
2097 2092 2386 2162 displicere
2420 2093 2566 2144 video
2604 2094 2711 2144 Bur-

496 2180 687 2215 manno
713 2161 781 2214 ad
808 2163 1099 2231 Antholog.
1126 2165 1250 2216 Vct.
1277 2163 1398 2214 Lat.
1425 2181 1546 2233 pag.
1579 2164 1701 2227 338,
1736 2181 1850 2226 nec,
1885 2163 2029 2232 quod
2059 2162 2127 2215 ad
2158 2180 2367 2230 sensnm
2397 2163 2593 2226 attinet,
2623 2160 2713 2212 dis-

498 2231 721 2295 sentias;
754 2232 854 2283 sed
864 2230 1053 2304 sunus
1078 2231 1217 2284 haud
1245 2231 1404 2284 dubie
1439 2232 1746 2302 exquisitius
1779 2243 2045 2303 poetaque
2087 2231 2317 2301 dignius.
2385 2235 2604 2298 Fecisti,
2626 2246 2715 2302 pa·

499 2303 640 2424 tricas
653 2300 709 2373 fl
738 2314 794 2354 ee
815 2319 870 2353 v.
899 2319 1003 2353 sec.
1024 2304 1220 2354 Moret-
1289 2302 1481 2355 vultos
1502 2302 1695 2356 Medic.
1723 2319 1824 2373 pro
1849 2304 2049 2369 voltus,
2088 2319 2138 2354 V.
2169 2302 2357 2356 Heius.
2458 2300 2559 2357 540
2580 2319 2611 2353 a
2632 2315 2716 2370 quo

501 2381 557 2423 te
637 2390 719 2440 eg.

503 2549 616 2588 nus
651 2527 962 2604 illaturus,
1008 2539 1068 2588 et
1105 2530 1227 2590 iam
1266 2531 1328 2590 in
1371 2550 1441 2590 eo
1474 2539 1585 2610 est,
1670 2550 1797 2591 non
1829 2530 2097 2610 adspersi
2136 2539 2198 2591 et
2227 2526 2609 2590 contaminati
2618 2524 2715 2606 fit·

502 2624 576 2674 ut
602 2633 738 2674 eum
762 2615 1015 2694 attingat
1040 2614 1240 2677 hasta:
1286 2635 1425 2676 cum
1464 2617 1588 2676 Po-
1670 2638 1840 2693 nore,
1896 2615 2110 2693 caede,
2166 2617 2469 2697 sanguine.
2531 2612 2718 2696 (sunu-5

501 2701 638 2761 lites
667 2720 700 2760 e
741 2702 993 2761 vulnere
1018 2712 1264 2783 accepto
1304 2702 1587 2763 concidit.
1672 2722 1783 2783 per
1832 2703 2095 2765 cadaver
2133 2703 2570 2784 interpretatur
2603 2702 2718 2758 Ser-

507 2785 698 2867 (Haec
762 2808 902 2846 cum
956 2789 1188 2849 Polites
1216 2822 1302 2834 —
1330 2789 1591 2849 concidit
1675 2786 1854 2871 vine.)
1958 2789 2179 2848 Forma
2234 2808 2448 2850 versus
2508 2786 2620 2852 540
2653 2781 2718 2842 A!

506 2872 720 2934 omissa
749 2874 968 2937 malim.
1018 2869 1192 2959 Wr.)
1251 2875 1320 2935 In
1351 2877 1497 2942 531.
1529 2878 1590 2938 2.
1675 2867 1796 2934 non
1838 2875 1942 2933 ille
1985 2894 2111 2953 sqq.
2159 2873 2503 2945 illustratur
2538 2871 2718 2939 aBur-

504 2959 805 3021 miseratio
849 2959 929 3019 ad
975 2980 1277 3020 summum
1317 2961 1596 3020 affectum
1679 2980 1904 3021 manno
1941 2961 2018 3020 ad
2063 2959 2312 3020 Anthol.
2350 2961 2510 3021 Poet.
2538 2959 2650 3016 Lat.
2671 2972 2716 3031 p-

508 3045 805 3105 adducta:
867 3045 1029 3122 quod
1068 3046 1344 3106 xconcidit
1384 3047 1487 3106 ille
1532 3045 1598 3105 in
1682 3049 1826 3111 838.
1884 3050 1949 3106 in
1994 3047 2158 3106 hoste
2191 3045 2539 3124 exquisitius
2571 3057 2720 3121 quam

507 3140 830 3212 parentum
863 3140 1208 3209 conspectu.
1682 3134 1748 3190 ἰη
1770 3131 2015 3193 hostem.
2060 3152 2119 3191 v.
2168 3133 2469 3193 Drakenb.
2513 3127 2582 3188 ad
2614 3124 2717 3185 Liv-

611 3217 735 3282 583
761 3248 847 3263 —-
872 3214 1017 3281 543.
1115 3215 1328 3275 Media
1394 3229 1600 3294 morte,
1681 3218 1974 3293 XXVIII,
2018 3214 2134 3293 43,
2180 3222 2241 3281 8.
2294 3217 2636 3300 (Heusinger.
2667 3215 2719 3265 et

510 3301 811 3383 praesenti
842 3301 1053 3361 morfia
1075 3301 1363 3381 periano.
1407 3301 1598 3361 abaci.
1680 3303 1869 3363 Beier.
1913 3303 1993 3362 ad
2022 3303 2138 3362 cic.
2171 3303 2289 3364 Off.
2317 3306 2392 3378 11,
2440 3305 2523 3368 18.
2564 3289 2715 3373 Wr·)

447 3419 451 3422 ·
510 3390 644 3446 nuit
660 3386 973 3465 exquisite,
989 3386 1287 3447 continuit
1303 3406 1382 3446 se.
1447 3388 1597 3452 536.
1682 3390 1945 3468 Respicit
1981 3398 2184 3449 autem
2230 3390 2529 3450 reddmnn
2570 3379 2716 3443 Pria-

507 3475 711 3552 pietas
730 3516 747 3548 ‚
796 3469 934 3546 &mg
960 3477 1133 3536 θεῶν
1148 3516 1166 3548 ,
1222 3470 1286 3532 h.
1315 3473 1356 3532 1.
1387 3491 1599 3551 respe-
1681 3496 1782 3535 mo
1820 3476 2079 3537 cadaver
2113 3475 2391 3536 Hectoris
2416 3471 2569 3534 Iliad.
2589 3473 2718 3525 extr·

514 3566 649 3618 ctus
696 3579 767 3617 ac
805 3558 1106 3619 miseratio
1146 3559 1302 3634 eius,
1360 3558 1466 3636 qui
1499 3558 1599 3616 in-
1683 3562 2142 3641 iurafldemque
2165 3564 2475 3641 supplicis,
2501 3552 2562 3622 ui
2581 3550 2720 3618 'cium

516 3643 694 3724 digna
719 3645 971 3725 patitur.
1054 3658 1260 3723 grates
1287 3644 1349 3706 h.
1377 3644 1419 3703 l.
1448 3662 1600 3723 poe·
1683 3651 1793 3724 τῆς
1822 3647 2093 3723 ἱκετείας,
2122 3649 2499 3708 sanctitatem
2525 3635 2720 3721 suppli·

398 3791 415 3815 ἱ
516 3750 623 3790 na:
659 3739 723 3789 et
762 3731 847 3790 sic
878 3734 1160 3810 praemia
1204 3731 1601 3811 frequentius.
1651 3726 1799 3807 Ἄπι»,
1843 3753 1983 3793 nam
2031 3732 2107 3791 de
2154 3734 2282 3808 fide
2321 3729 2553 3813 proprie
2590 3724 2721 3785 dicti

511 3819 749 3894 patrios
797 3815 1070 3895 foedasti
1102 3817 1328 3896 sunere
1368 3818 1596 3891 vultam,
1686 3826 1745 3877 et
1779 3819 2031 3899 supplici
2065 3819 2209 3880 data
2241 3817 2306 3878 h.
2327 3819 2369 3880 l.
2397 3816 2485 3897 agi
2524 3807 2721 3890 nequit²

516 3901 877 3981 gravissimis
916 3902 1114 3963 verbis
1151 3913 1214 3963 et
1242 3902 1437 3965 atroci
1462 3921 1604 3984 spe-
1686 3903 1793 3963 sed
1831 3915 1922 3966 est
1930 3905 2099 3980 sedes
2137 3925 2318 3985 quam
2357 3902 2598 3983 supplex
2629 3893 2726 3954 11⁸⁴

519 3988 755 4048 ctaculo
802 3988 1277 4049 accommodatis.
1362 3991 1453 4048 Re
1494 3989 1602 4048 fu-
1687 3990 1792 4050 bet
1825 3991 1890 4050 in
1924 3990 2211 4070 religione
2253 3991 2381 4050 eius
2397 4038 2416 4065 ,
2477 3985 2569 4047 cui
2604 3999 2722 4059 εῦρ-

520 4074 693 4134 nehri
727 4073 919 4154 pollui
947 4083 1009 4133 et
1048 4074 1445 4135 contaminari
1481 4073 1603 4135 ho-
1685 4077 1827 4156 plex
1853 4077 1938 4137 fit.
2028 4078 2186 4138 Tum
2214 4076 2465 4155 supplex
2490 4066 2722 4145 infidem

521 4158 742 4235 mines,
784 4160 1056 4239 religiosa
1079 4171 1211 4220 erat
1262 4160 1499 4239 opinio;
1540 4168 1604 4220 et
1687 4164 1949 4223 αἰὲωιέιιε
2007 4164 2071 4223 h.
2133 4183 2183 4223 e.
2252 4162 2496 4222 tutelam
2557 4153 2722 4216 venit:

521 4245 808 4326 adsperso
885 4245 1039 4322 eius,
1131 4244 1235 4325 qui
1313 4246 1601 4322 caeditur,
1687 4248 1943 4310 debetur
2000 4250 2204 4328 itaque
2271 4248 2324 4307 ei
2375 4239 2720 4308 incolumitas-
2753 4276 2760 4281 ·

523 4351 740 4392 cruore
820 4330 1134 4409 foedatur,
1226 4340 1602 4410 cruentatur,
1685 4334 1864 4398 Nunc
1915 4335 2084 4410 fides
2122 4345 2216 4396 est
2250 4334 2316 4394 id
2337 4377 2355 4409 ,
2410 4329 2566 4411 quod
2601 4324 2723 4385 alter

523 4418 752 4496 aliquis.
796 4415 858 4477 h.
888 4418 928 4479 l.
957 4417 1068 4499 ipsi
1096 4418 1315 4496 vuum,
1359 4427 1599 4481 tantum
1687 4421 1833 4482 facit
1877 4430 1982 4483 aut
2022 4421 2219 4484 facere
2259 4419 2461 4496 debet,
2516 4417 2725 4497 propia·
