2882 5028
666 352 854 426 AD
958 350 1607 426 LIBRUM
1707 349 1851 425 111
2218 354 2369 434 669

162 538 308 599 Amo
341 537 518 617 sacto
572 542 641 600 in
676 542 979 602 iimo-iem
1037 552 1225 600 taras
1267 552 1354 599 est
1392 539 1696 618 proficias
1742 540 1851 613 (ita
1891 538 2149 622 accipio,
2215 566 2368 606 ναυ-

163 627 298 708 αγίῳ
345 621 411 686 δὲ
464 623 812 702 περιπεσῶν..
841 624 979 708 περὶ
1022 621 1131 689 τόν
1155 622 1356 698 Ἀθω,
1414 619 1594 710 οἷνῄει
1647 620 1765 687 cdv
1804 624 2041 710 πατρί.)
2078 629 2371 688 Anchises

163 711 381 789 qm'dem
422 712 509 769 ad
554 711 884 770 Calantum
923 724 1182 770 montem
1217 713 1390 769 &sxta
1426 710 1791 770 Anthemum
1818 713 2092 789 fhwium
2131 717 2375 772 mortim

161 807 209 853 et
245 794 320 854 ab
358 798 568 855 Aenea
622 799 875 875 Ryanae
891 840 910 871 ,
983 796 1090 855 ubi
1140 799 1470 855 etiamnum
1524 795 1830 854 Ais-hisae
1886 798 2112 856 dictum
2168 800 2372 877 sepul-

162 902 308 939 crum
347 893 430 940 eet
449 925 467 956 ,
516 881 841 953 humana-,-
881 903 999 961 quo
1020 882 1204 960 sacto
1244 881 1483 941 Aeneas
1503 923 1522 954 ,
1576 883 1648 942 V
1637 884 1822 939 erm-is
1861 886 2124 957 monitu,
2173 883 2375 942 urbem

161 967 441 1041 condidit,
486 967 833 1026 Aeneaden»
876 961 1198 1048 (Αὒνειᾶδα
1241 966 1320 1026 ab
1360 962 1640 1047 Αἶνειᾶς)
1680 965 1758 1024 ab
1797 969 1930 1044 Ipso
1971 969 2366 1045 appellatam.

163 1053 384 1111 Mortuo
426 1073 565 1112 vero
605 1054 814 1112 Aenea
854 1065 1034 1111 natus
1076 1074 1150 1111 ex
1190 1073 1258 1111 eo
1282 1052 1466 1125 filius
1506 1053 1668 1110 clam
1709 1051 1798 1109 ad
1828 1056 2140 1131 antiquam
2174 1058 2373 1131 patr-is

162 1137 338 1194 sedem
378 1137 610 1196 accedit
670 1136 772 1218 (cs.
815 1157 944 1218 sup.
989 1136 1066 1195 ad
1119 1137 1222 1196 lib.
1266 1138 1319 1197 11
1362 1137 1612 1196 Excurs.
1655 1137 1850 1210 xvn,
1906 1136 2011 1197 ubi
2068 1137 2144 1197 de
2186 1138 2372 1197 Asca·-

160 1222 287 1302 nio),
325 1235 379 1281 et
420 1222 562 1281 urbe
602 1244 807 1282 eversa
821 1220 883 1304 *)
941 1226 1333 1302 assumtieque
1390 1223 1616 1281 colonis
1667 1226 1732 1280 in
1771 1224 2024 1282 Italiam
2063 1228 2365 1283 concessit.

164 1304 336 1386 (addit
376 1306 575 1368 Schol.
639 1309 782 1368 Ven.
825 1309 896 1367 A.
951 1306 1056 1370 καὶ
1096 1311 1276 1382 κτίζει
1330 1302 1507 1371 πόλιν
1544 1305 1813 1388 Ῥώμην.)
1902 1307 2374 1368 Anthemuntem

162 1393 344 1450 urbem
387 1392 771 1453 Macedoniae
815 1413 948 1453 cum
992 1413 1133 1472 agro
1167 1393 1478 1469 novimus;
1521 1393 1721 1471 potuit
1762 1393 1942 1452 etiam
1990 1393 2211 1454 fluvius
2235 1413 2373 1454 cum

161 1488 341 1537 monte
382 1480 639 1539 Calauro
683 1478 890 1539 eodem
940 1479 1074 1538 loco
1118 1498 1240 1538 esse
1280 1498 1461 1558 supra
1502 1478 1797 1538 Pallenen.
1882 1479 1951 1538 In
1996 1482 2221 1558 Pyana
2255 1480 2374 1538 du-

161 1562 268 1623 bito
307 1584 382 1623 an
422 1565 654 1644 Pydna
693 1564 891 1624 lateat.
974 1567 1130 1624 Sane
1185 1564 1364 1623 etiarn
1408 1564 1626 1623 Strabo
1668 1564 1827 1639 XIII,
1868 1581 1927 1644 p.
1970 1567 2115 1640 608,
2171 1564 2373 1645 paullo

163 1647 316 1708 latius
355 1653 441 1708 ad
491 1651 824 1728 Olympum
862 1663 1119 1708 montem
1158 1649 1455 1710 habitasse
1510 1651 1767 1709 Aeneam
1826 1650 1906 1708 ad
1947 1650 2376 1709 nonnullorum

166 1733 322 1792 fid·-
361 1736 573 1795 tradit.
664 1737 895 1794 Ciasum
937 1745 1202 1795 montem
1243 1756 1425 1814 supra
1470 1754 1501 1792 e
1542 1733 1935 1816 Lycophrona
1974 1734 2261 1810 vidimus,
2316 1742 2376 1793 et

162 1821 300 1878 Atho
338 1821 556 1879 Tzetza
599 1820 676 1879 ad
721 1821 979 1880 eundem
1019 1842 1080 1881 v.
1128 1826 1291 1886 1263
1332 1821 1621 1879 nominat.

306 1906 587 1966 Ceterum
627 1905 787 1966 hanc
825 1907 892 1965 in
936 1907 1168 1965 Pallene
1210 1907 1408 1965 sedem
1452 1907 1684 1965 Aeneae
1724 1904 1964 1985 respicit
1998 1904 2201 1965 Livius
2223 1904 2270 1980 1,
2316 1910 2373 1981 1,

155 1993 327 2065 pn'mo
353 1996 415 2050 in
448 1993 888 2052 Macedoniam
919 1996 1168 2066 venisse,
1216 2001 1277 2050 et
1299 1990 1508 2068 XL„4
1548 1990 1842 2050 traductis
1881 1991 2001 2050 iam
2043 2012 2078 2049 a
2121 1991 2375 2050 Cassan-
2448 2015 2457 2022 ·

164 2073 257 2132 dre
319 2077 682 2138 Aeneatjbus
751 2076 1225 2137 Thessalonicam
1279 2109 1367 2123 —
1415 2076 1878 2154 proficiscuntur
1949 2076 2375 2136 Thessalonica

163 2163 401 2220 Ameam
427 2165 517 2224 ad
541 2173 769 2222 etatum
794 2164 1181 2238 sacrficium,
1213 2163 1375 2242 quod
1397 2163 1688 2220 conditori
1710 2164 1952 2220 Aeneae
1983 2183 2120 2221 cum
2142 2182 2377 2240 magna

163 2253 460 2307 wensonia
487 2252 813 2329 quotannis
830 2249 1094 2325 saciavit.
1184 2251 1400 2307 Portus
1424 2247 1604 2307 etiam
1629 2248 1870 2306 Aeneae
1897 2249 1963 2306 in
1984 2247 2218 2307 Pallene
2246 2263 2377 2305 me—

164 2343 403 2394 moratur
429 2335 507 2394 ab
547 2333 757 2394 ecdem
786 2335 964 2409 XLV,
1005 2338 1109 2401 80.

309 2420 397 2480 Ex
429 2419 692 2480 Thracia
713 2420 777 2479 in
807 2421 1036 2479 Delam
1066 2418 1320 2478 insulam
1348 2417 1592 2476 Troiani
1617 2426 1759 2477 sunt
1785 2417 1987 2494 delati,
2017 2415 2119 2496 111,
2141 2420 2224 2483 69
2247 2435 2377 2496 sqq·

164 2499 274 2562 Hoc
295 2506 445 2566 idem
479 2506 724 2585 Dionys.
751 2505 941 2565 Halic.
970 2505 1016 2582 Ι,
1061 2509 1143 2572 60
1170 2503 1381 2564 habet:
1432 2506 1585 2564 Cum
1611 2527 1641 2562 e
1671 2503 1952 2579 Pallene,
2000 2502 2211 2582 inquit,
2252 2502 2379 2562 sol-

164 2593 353 2650 vissent
369 2637 387 2667 ,
432 2597 499 2651 in
529 2592 802 2651 insulam
827 2593 1056 2651 Delum
1093 2604 1373 2649 venerunt
1392 2635 1410 2664 ‚
1475 2611 1614 2648 eum
1637 2591 1835 2648 Anius
1860 2594 1925 2648 in
1960 2610 2036 2649 ea
2066 2600 2378 2668 regnarem

167 2685 212 2730 ft
238 2679 295 2733 in
321 2678 437 2736 hac
464 2678 671 2736 basula
691 2722 708 2753 ,
757 2678 903 2736 dum
925 2697 1015 2735 res
1039 2679 1164 2733 eius
1175 2678 1462 2754 florerent
1487 2688 1543 2733 et
1569 2675 1855 2748 aedificia
1883 2685 2102 2733 etat-ent
2144 2672 2380 2755 (misere

170 2769 341 2822 autem
370 2744 685 2823 devoitatn
711 2772 801 2823 est
828 2762 1021 2822 insula
1057 2761 1131 2819 ab
1157 2760 1484 2832 Archelao,
1536 2759 1901 2819 Mithridatis
1927 2759 2096 2819 duce.
2154 2778 2213 2818 v.
2251 2758 2382 2818 viri

170 2843 308 2906 docti
351 2850 559 2909 Exere.
610 2848 688 2907 de
733 2849 877 2911 Delo
933 2848 995 2907 in
1045 2847 1208 2906 Misc.
1251 2848 1419 2905 Obss.
1465 2845 1598 2905 Vol.
1642 2844 1778 2920 VII,
1823 2865 1873 2904 c.
1916 2843 2004 2926 9),
2047 2844 2239 2903 nullia
2280 2846 2379 2901 in-

167 2930 309 2991 dicia
341 2934 723 3010 visebantur,
770 2955 927 3013 quae
969 2937 1211 2992 Aeneae
1253 2945 1309 2991 et
1346 2934 1736 2990 Troianorum
1777 2933 1843 2988 in
1886 2950 2023 2990 eam
2053 2930 2384 2989 adventum

170 3018 518 3079 uocabantur.

313 3109 504 3164 Anias
535 3104 643 3164 hic
681 3104 764 3165 in.
787 3113 1060 3163 veterum
1092 3111 1410 3183 poetarum
1452 3099 1676 3180 mythis
1719 3099 1832 3159 suit
1873 3098 2383 3175 celebratissimus,

173 3186 328 3248 etiam
371 3191 609 3253 filiabus
654 3189 1042 3269 Oenotropie,
1109 3198 1181 3247 ut
1223 3187 1475 3261 docent,
1549 3205 1700 3265 quae
1744 3185 1903 3267 apud
1947 3186 2119 3246 Diod.
2164 3186 2234 3259 V,
2280 3189 2383 3248 62.

174 3269 328 3338 ovid.
370 3276 510 3335 xlll
547 3276 692 3336 Met.
730 3276 855 3341 640
891 3295 1015 3353 sqq.
1093 3272 1541 3354 Lycophrouem
1587 3273 1738 3331 Cass.
1781 3272 1907 3336 570
1965 3281 2026 3330 et
2066 3270 2263 3330 Schol.
2307 3269 2384 3328 ad

174 3373 215 3413 e.
243 3358 278 3417 l.
317 3371 376 3419 et
418 3381 632 3422 versus
671 3381 798 3439 sqq.
855 3359 1129 3420 Eustath.
1177 3379 1235 3438 p.
1280 3360 1423 3431 824,
1488 3363 1583 3434 17,
1627 3358 1730 3435 qui
1772 3356 2219 3437 Lycophronem
2261 3356 2385 3415 sere

176 3445 435 3522 *quitum
478 3448 757 3507 Servium
788 3446 866 3505 ad
893 3447 972 3505 111
1002 3447 1146 3505 Aen.
1180 3448 1282 3511 80.
1338 3443 1554 3522 Dictyn
1598 3443 1698 3501 lib.
1741 3443 1770 3501 1
1807 3443 1926 3502 fine
1967 3443 2077 3522 legi
2116 3451 2384 3521 possunt.

174 3525 298 3588 Nam
337 3552 442 3592 nos
482 3532 634 3592 haec
672 3540 913 3592 tantum
955 3532 1311 3609 attingimus.
1395 3530 1504 3588 Est
1545 3537 1743 3587 tamen
1786 3526 1935 3587 haec
1973 3547 2050 3587 ex
2082 3527 2386 3605 antiquio-

175 3610 321 3674 ribus
354 3618 598 3695 sabulis,
643 3620 692 3676 si
738 3617 975 3695 quidem
1020 3615 1421 3695 Pherecydem
1469 3612 1910 3694 (Atheniensem
1951 3612 2126 3696 puta)
2178 3623 2240 3671 et
2266 3614 2386 3692 Cy-

179 3698 288 3773 pn'a
328 3702 444 3783 Epe
489 3704 564 3763 de
607 3703 679 3762 iis
719 3703 930 3763 laudat
972 3704 1186 3761 Tzetza
1228 3702 1267 3761 l.
1313 3721 1363 3760 c.
1421 3700 1519 3759 Ad
1546 3698 1799 3759 eundem
1826 3699 2046 3759 Anium
2075 3700 2232 3758 refer
2256 3699 2386 3756 loca

179 3782 370 3845 Suidae
409 3790 469 3848 in
523 3783 925 3871 Ταυροπόλον.
1009 3787 1299 3868 Apollinis
1341 3794 1405 3844 et
1433 3787 1686 3844 Creusae
1706 3785 1866 3845 filius
1894 3785 2175 3866 proditur
2200 3782 2388 3843 Anius

182 3871 321 3946 apud
370 3874 673 3934 Cononem
727 3874 965 3933 Narrat.
1031 3876 1109 3938 41
1180 3873 1420 3949 eiusque
1475 3870 1633 3930 filius
1683 3869 1958 3947 Andrus,
2028 3871 2254 3930 insulae
2313 3869 2388 3927 ab

181 3950 294 4029 ipso
329 3961 649 4040 appellatae
692 3959 987 4020 conditor.
1042 3981 1103 4019 v.
1144 3959 1289 4018 ibid.
1313 3956 1493 4018 Ovid.
1533 3957 1573 4016 l.
1617 3957 1657 4022 l.
1704 3976 1761 4017 v.
1789 3957 1934 4022 649.
1990 3956 2163 4018 Diod.
2192 3957 2263 4031 V,
2304 3957 2389 4019 79

184 4046 235 4094 et
269 4041 443 4108 Wess.

302 4257 342 4326 ‘l
375 4260 476 4330 τὴν
507 4259 672 4318 πόλιν
708 4261 1040 4333 ἀναστήσας.
1111 4265 1398 4326 restituta,
1438 4279 1505 4313 an
1547 4259 1780 4311 eversa?
1826 4258 1928 4310 hoc
1962 4257 2151 4310 verius.
2219 4250 2389 4335 vidq-

185 4334 258 4376 Μ·
287 4333 677 4417 Azania-eos,
712 4334 801 4406 qui
833 4333 1050 4388 'IX-ciam
1084 4342 1492 4403 occupaverant,
1547 4328 1793 4391 eiecisse,
1838 4327 2153 4395 adscitisque
2188 4323 2390 4375 colonis

186 4392 649 4459 mdiu-use.

584 4628 594 4662 l
