2882 5028
439 340 634 412 1008
979 302 1873 402 ExcURsth
1982 323 2127 397 111

429 526 790 603 inmoepu,
845 528 917 579 ut
973 517 1265 578 Misenum
1323 517 1387 576 in
1431 513 1777 595 peninsulae
1834 514 2091 573 formam
2150 521 2305 570 esset
2346 511 2689 571 redactum.

430 611 639 671 Plures
683 618 812 666 tum
855 623 1146 664 cavernae
1189 611 1331 661 sunt
1374 602 1677 681 oppletae;
1721 599 1872 659 aliae
1914 600 2166 659 ulterius
2214 599 2472 674 ductae,
2540 599 2692 657 inter

432 717 581 776 quas
635 691 995 753 nobilissima
1043 710 1076 747 a
1120 689 1405 764 Cocceio;
1484 687 1609 747 vid.
1652 685 1889 744 ibidem.
1954 686 2033 744 cf.
2078 685 2413 744 Hamilton.
2474 686 2699 761 canapi

433 780 770 856 Phlegraei
806 777 975 836 Tom.
1031 775 1085 835 11
1140 775 1222 854 pl.
1279 776 1382 838 28.
1424 776 1508 837 29
1522 816 1541 849 ‚
1597 771 1874 850 idemque
1936 771 2001 829 in
2060 769 2302 830 Philas.
2365 773 2692 829 maet-

433 868 565 930 vol.
607 864 760 940 LXI,
807 868 878 937 1,.
905 881 966 941 p
1011 863 1091 930 16
1133 880 1262 939 sqq.

1350 1119 1767 1131 ——————-0

995 1326 1870 1418 EXCURSUS
1956 1326 2112 1411 III

743 1533 1022 1601 Eadem
1065 1532 1536 1622 topographia
1578 1532 1677 1599 ad
1719 1544 2016 1598 mentem
2062 1528 2413 1596 Maronis.

616 1723 937 1782 Videamus
979 1742 1142 1782 nunc
1182 1709 1457 1782 locorum
1499 1723 1712 1797 situm,
1782 1722 1973 1800 qualis
2015 1741 2049 1779 e
2090 1728 2269 1800 poeta
2312 1719 2617 1799 proditus
2656 1729 2709 1778 et

446 1809 755 1872 exhibitus
817 1818 939 1884 est,
1009 1809 1075 1867 in
1142 1828 1261 1886 quo
1319 1808 1394 1867 ab
1453 1809 1721 1888 interpp.
1776 1809 1994 1887 passim
2047 1805 2274 1864 multae
2326 1825 2709 1884 magnaeque

441 1898 655 1957 turbae
697 1894 871 1953 fiunt.

615 1981 778 2039 Infra
803 1983 1019 2038 Cumas
1036 2023 1053 2054 ,
1109 1977 1221 2037 sub
1249 1977 1728 2055 promontorium
1755 1977 2046 2036 Misenum
2081 1976 2397 2056 appellunt
2437 1976 2709 2035 Troiani.

443 2069 532 2128 Eo
565 2067 722 2125 enim
751 2065 983 2125 ducunt
1024 2064 1257 2137 omnia,
1300 2073 1372 2122 ut
1410 2084 1535 2122 non
1572 2063 1636 2121 in
1668 2064 1922 2138 Baiano,
1980 2064 2145 2139 quod
2188 2062 2376 2141 vulgo
2410 2062 2712 2132 creditur,

445 2152 728 2232 quodque
759 2152 902 2208 alias
934 2159 1249 2208 narratum
1293 2165 1370 2212 ex
1397 2147 1641 2207 Aurelio
1670 2149 1891 2209 Victor.
1926 2148 1997 2207 Ο.
2032 2149 2104 2206 G.
2127 2148 2201 2205 R.
2242 2167 2293 2205 c.
2328 2152 2371 2211 9
2415 2149 2714 2225 intelligi-

445 2248 580 2312 tur,
645 2236 749 2294 sed
791 2239 856 2292 in
889 2236 1157 2291 Cumano
1188 2235 1376 2291 littore
1421 2233 1817 2293 Troianorum
1861 2233 2061 2291 classis
2099 2232 2422 2290 stationem
2468 2232 2716 2292 habue-

443 2324 546 2384 rit.
633 2321 756 2379 Nec
784 2320 957 2377 aliter
993 2317 1246 2375 Ovidius
1281 2318 1420 2376 Met.
1452 2318 1612 2392 XIV,
1662 2324 1782 2383 107
1804 2338 1890 2395 sq.
1932 2318 2149 2392 tradit,
2202 2318 2311 2377 ubi
2341 2319 2575 2396 Virgilii
2603 2338 2717 2378 ve-

444 2405 631 2485 stigiis
675 2405 914 2464 insistit.
1009 2402 1293 2462 Procedit
1340 2402 1483 2462 inde
1519 2404 1747 2462 Aeneas
1797 2403 1875 2463 ad
1924 2404 2230 2482 Apollinis
2282 2406 2589 2481 templum
2651 2415 2719 2463 et

448 2491 711 2573 Sibyllae
738 2502 998 2549 antrum.

630 2577 948 2654 Templum
987 2576 1050 2634 in
1088 2583 1293 2634 monte
1334 2593 1459 2633 esse
1504 2574 1716 2634 debuit
1760 2571 1845 2656 (v.
1887 2577 1928 2638 9
1966 2593 2181 2647 mess,
2235 2573 2461 2653 quibus·
2510 2597 2714 2635 nst-s

448 2664 674 2744 Apollo
702 2660 1070 2742 praesidet)·
1056 2703 1073 2736 ,
1140 2679 1253 2720 nec
1289 2661 1462 2737 longe
1505 2681 1540 2717 a
1585 2661 1815 2737 Cumis,
1871 2659 2075 2737 itaque
2118 2658 2268 2718 salsa
2310 2670 2406 2719 est
2431 2662 2717 2741 vulga-’u

451 2750 686 2829 opinio,
732 2747 878 2806 dum
918 2748 1124 2805 ruinas
1157 2746 1362 2825 templi
1388 2746 1678 2825 Apollinis
1721 2747 1801 2804 ad
1829 2746 2025 2805 lacum
2050 2747 2360 2804 Avernum
2389 2757 2715 2807 ostentant

449 2834 788 2915 hospitibus
820 2831 936 2890 loci
979 2831 1228 2891 accolae.
1314 2832 1463 2903 Sed,
1508 2831 1557 2889 si
1588 2832 1652 2889 in
1688 2841 1892 2890 monte
1926 2832 2190 2889 Cumano
2233 2832 2353 2890 suit
2386 2834 2714 2913 templum,

450 2921 671 2980 iterum
721 2917 989 2977 dubitari
1023 2926 1254 2996 potest,
1309 2937 1387 2975 an
1422 2918 1749 2976 Cumarum
1786 2917 1922 2975 colli
1957 2918 2304 2994 impositum
2357 2918 2595 2995 fuerit,
2657 2932 2716 2978 et

449 3006 515 3064 in
549 3006 676 3084 ipsa
706 3004 889 3070 urbe,
938 3002 1103 3079 quod
1142 3003 1384 3062 Servius
1423 3003 1686 3080 putavit.
1770 3003 1896 3060 Silii
1933 3002 2173 3079 quidem
2214 3003 2566 3062 auctoritas
2606 3026 2717 3084 pn·

450 3111 590 3150 rum
617 3107 711 3146 me
733 3097 957 3169 movet,
1000 3088 1101 3146 lib.
1129 3088 1261 3160 XII,
1304 3091 1406 3162 86,
1447 3088 1555 3145 ubi
1583 3087 1839 3146 Annibal
1863 3089 2077 3146 Cumas
2110 3108 2487 3167 oppugnans,
2519 3091 2715 3150 adeo-

452 3195 569 3253 que
599 3173 749 3232 urbe
789 3173 1060 3231 nondum
1089 3181 1399 3251 receptus,
1450 3172 1597 3231 dum
1626 3173 1952 3251 perlustrat
1978 3172 2192 3246 aditus,
2215 3175 2557 3251 fulgentia
2587 3199 2717 3235 οη·-

452 3264 542 3318 ηἰι
587 3262 764 3318 Arois
806 3259 1034 3334 templa
1080 3260 1264 3335 iugo;
1308 3277 1450 3317 nam
1490 3256 1639 3317 nihil
1682 3258 1969 3337 impedit,
2012 3278 2131 3336 quo
2175 3260 2376 3316 minus
2404 3262 2715 3341 templum

450 3345 517 3403 in
558 3364 791 3402 summo
836 3344 987 3401 arcis
1026 3345 1248 3402 vertice
1283 3344 1544 3420 positum
1584 3343 1762 3401 etiam
1803 3352 1979 3402 extra
2008 3344 2237 3405 moenia
2279 3347 2559 3423 conspici
2603 3369 2717 3427 po-

451 3429 657 3489 tuerit.
742 3428 822 3487 At
847 3430 1176 3506 graviorem
1206 3428 1640 3487 dubitationem
1679 3429 1848 3504 facit,
1892 3428 2109 3505 quod
2091 3451 2156 3488 ιιι
2178 3429 2331 3487 urbe
2364 3431 2577 3490 media
2615 3434 2717 3492 lu·

455 3534 560 3574 cus
589 3522 646 3572 et
669 3523 895 3572 secreta
921 3514 1127 3611 religio
1150 3513 1439 3592 Sibyllae,
1484 3532 1635 3591 quae
1662 3515 1941 3593 contigua
1982 3524 2111 3573 erat
2141 3514 2391 3594 templo,
2439 3519 2564 3575 vix
2594 3537 2717 3576 esse

452 3599 683 3681 potuit,
747 3607 812 3656 et
845 3599 1039 3675 quod,
1081 3599 1131 3657 si
1167 3600 1232 3658 id
1280 3618 1505 3696 ponas,
1560 3609 1898 3659 ceterorum
1939 3599 2246 3674 locorum,
2306 3600 2717 3681 inprimisque

454 3685 905 3785 speluncarum,
948 3687 1097 3742 situs
1124 3705 1249 3743 non
1272 3684 1416 3742 satis
1441 3689 1741 3745 convenit.
1825 3685 2034 3763 Itaque
2056 3685 2291 3759 Paulus,
2337 3685 2445 3744 Vir
2478 3687 2715 3748 doctis-

456 3772 667 3845 simus,
709 3768 774 3829 in
802 3769 1036 3827 Puteol.
1065 3770 1315 3849 Αιιιίᾳᾳ.
1346 3770 1450 3827 sol.
1478 3770 1687 3829 XXIX
1708 3771 1921 3850 templi
1944 3770 2201 3830 locum
2181 3792 2249 3829 m
2276 3772 2641 3833 montium
2621 3795 2715 3834 ιιι·

454 3878 528 3936 go
559 3855 636 3914 ad
670 3856 885 3914 Cumas
917 3854 1325 3932 quaerendum
1368 3855 1729 3932 arbitratus,
1773 3855 1899 3914 eius
1935 3856 2140 3915 ruinas
2184 3876 2397 3914 arcum
2418 3856 2707 3934 [ἀέσαι.

457 3961 636 4019 quem
680 3948 935 4017 vocant,
991 3958 1114 3997 esse
1155 3940 1485 3999 contendit.
1569 3941 1660 4000 Ita
1700 3942 1870 3999 lucus
1910 3944 2181 4015 Rivius,
2242 3959 2353 4019 per
2394 3961 2591 4019 quem
2621 3944 2709 4003 vi·

456 4027 536 4104 ad
561 4046 698 4085 eum
727 4036 891 4100 erat,
931 4025 995 4083 in
1030 4025 1221 4100 silvis,
1273 4045 1530 4103 quarum
1572 4025 1851 4104 reliquias
1878 4026 1978 4085 ille
2012 4027 2179 4085 locus
2215 4025 2436 4101 habet,
2482 4038 2552 4088 et
2581 4048 2709 4109 spe—

457 4113 669 4172 luncae
698 4111 760 4170 in
787 4112 1128 4191 propinquo
1164 4120 1323 4170 sunt.
1409 4112 1504 4170 Ex
1533 4111 1605 4169 iis
1635 4121 1837 4169 tamen
1864 4111 2027 4188 locis,
2069 4113 2131 4170 in
2161 4112 2381 4188 quibus
2409 4113 2489 4171 de
2522 4115 2709 4195 Apol-

457 4195 595 4256 linis
624 4197 872 4256 Cumani
913 4197 1137 4275 templo
1181 4197 1409 4276 agitur,
1451 4196 1518 4255 in
1563 4215 1699 4255 arce
1741 4216 1846 4255 seu
1895 4197 2158 4277 acropoli
2196 4198 2535 4258 Cumarum
2563 4196 2707 4259 illud

456 4282 635 4340 fuisse
682 4282 1064 4341 manifestum
1107 4280 1199 4341 fit.
1285 4282 1525 4340 Scilicet
1567 4281 1953 4361 cogitandum
2004 4291 2171 4357 erat,
2220 4282 2456 4342 Aeneae
2514 4296 2706 4343 aetate

457 4365 671 4425 urbem
718 4368 1042 4427 Cumarum
1082 4365 1353 4427 nondum
1393 4367 1576 4427 fuisse
1593 4411 1614 4447 ,
1656 4386 1770 4427 nec
1800 4367 2070 4428 extitisse
2104 4376 2236 4428 tum
2271 4367 2387 4429 nisi
2417 4370 2701 4450 templu-
