2882 5028
444 332 600 406 960
907 326 994 401 P.
1046 322 1578 404 VIRGILII
1628 321 2184 400 MARONIS

546 514 859 589 Interea
888 507 1108 585 videt
1128 494 1437 586 Aeneas
1467 510 1547 585 in
1579 507 1783 585 valle
1813 507 2140 585 reducta
2230 563 2254 588 0
2358 499 2363 500 ἦ

447 613 862 692 seclusum
901 635 1224 707 nemm,
1281 626 1362 690 et
1394 611 1727 712 virgulta
1754 614 2115 690 sonantia
2149 610 2380 707 silvis,

580 822 687 877 703
725 824 1024 873 Praeterea
1053 820 1215 873 Witt.
1285 823 1507 890 Aeneas
1532 821 1676 872 vidie
1711 839 1794 892 pr.
1839 819 2027 874 Hamb.
2092 819 2233 872 vidie
2268 817 2439 870 etiam
2474 816 2545 869 in
2580 818 2713 870 aliis.

444 910 498 944 ν.
530 903 749 960 recepta
775 893 979 958 Meuag.
1018 908 1102 958 pr.
1137 908 1187 942 v.
1222 889 1317 941 inf.
1351 892 1488 952 vlu,
1524 893 1647 945 609.
1782 892 1889 943 704
1923 895 1997 941 Et
2045 891 2251 939 clusum
2284 887 2525 939 nox-vill.
2604 893 2719 939 Re-

443 961 653 1012 clusum
683 963 835 1012 Rom.
906 960 1029 1011 Mox
1061 958 1211 1012 libris
1237 959 1451 1028 optimis
1481 971 1534 1011 et
1560 959 1924 1010 vetustissimis
1957 959 2149 1010 insidet
2175 957 2336 1009 lectio
2367 958 2597 1024 silvae,
2646 958 2721 1008 uti

442 1029 632 1083 Medic.
678 1049 709 1081 u
751 1048 817 1080 m.
866 1046 941 1098 pr.
996 1031 1100 1094 (est
1141 1046 1204 1080 ea
1247 1028 1394 1099 prior
1435 1028 1662 1080 Medicei
1706 1028 1881 1079 lectio.
1927 1029 2069 1091 Wr.)
2106 1028 2240 1079 Gud.
2273 1029 2433 1078 Rom.
2469 1037 2536 1078 et
2582 1027 2721 1090 alis,

444 1102 581 1167 (cum
610 1101 659 1153 9.
691 1102 775 1154 10.
805 1103 887 1155 11.
916 1108 971 1149 et
1000 1102 1100 1150 San
1139 1098 1230 1150 all.
1266 1100 1350 1151 W
1344 1099 1413 1164 r.)
1451 1110 1503 1149 et
1530 1099 1605 1149 sie
1631 1098 1942 1149 emendabat
1966 1096 2275 1148 Benedictus
2305 1097 2363 1146 in
2394 1099 2543 1148 lunt.
2582 1098 2721 1148 Pes-

446 1169 520 1220 sis
547 1170 724 1237 itaque
752 1169 1081 1231 coniectare,
1104 1116 1395 1219 iectionem
1428 1167 1773 1236 antiquiorem
1809 1167 1972 1218 fuisse
1998 1167 2107 1217 sive
2155 1166 2334 1230 illam,
2385 1166 2509 1217 sire
2555 1168 2719 1218 siles

445 1238 604 1290 silvis
634 1249 804 1289 autem
839 1235 1112 1288 advenisse
1139 1254 1203 1288 ex
1233 1237 1402 1288 altero
1431 1237 1551 1289 loco
1578 1236 1672 1287 lib.
1708 1238 1800 1298 111,
1846 1237 1951 1291 442
1976 1241 2203 1288 Averna
2226 1239 2506 1287 sonantia
2539 1236 2719 1286 a'lvis.

444 1308 551 1361 Sed
588 1307 773 1371 silvis,
807 1305 949 1376 quod
977 1304 1168 1359 Medic.
1216 1325 1246 1357 a
1282 1325 1348 1358 m.
1398 1324 1503 1359 sec.
1539 1305 1722 1370 habet,
1770 1309 1872 1372 (est
1919 1324 1983 1357 ea
2031 1304 2195 1356 altera
2241 1305 2413 1356 lectio
2463 1305 2719 1357 Medioei.

453 1376 600 1443 Wr.)
637 1377 712 1428 ita
748 1385 807 1427 ut
841 1375 1139 1444 Aproniana
1176 1393 1290 1426 esse
1327 1374 1568 1426 videatur
1612 1375 1806 1439 lectio,
1853 1374 2213 1427 auctoritatem
2263 1374 2401 1425 facit
2441 1375 2717 1425 Medicum

444 1444 607 1499 Pierii
643 1455 699 1497 et
737 1446 920 1512 fragm.
960 1444 1160 1505 Vatie.;
1203 1444 1339 1496 adde
1377 1444 1531 1496 binos
1567 1461 1596 1495 e
1632 1445 1795 1496 Goth.
1843 1446 1917 1508 (et
1966 1444 2127 1496 Palat.
2171 1444 2318 1510 Wr.)
2407 1445 2627 1513 Estque
2661 1461 2717 1494 ea

446 1515 656 1568 doctior
690 1515 880 1566 lectio:
916 1532 1036 1565 nam
1069 1514 1316 1584 virgulta
1350 1515 1612 1565 sannatia
1646 1514 1799 1566 silvis
1829 1514 1962 1565 nihil
1997 1512 2139 1565 aliud
2171 1523 2325 1577 sunt,
2391 1530 2562 1581 quam
2601 1516 2716 1564 ω’]-

489 1586 612 1636 ιιΙεα
646 1584 915 1636 silvarum
937 1581 1013 1651 s.,
1070 1583 1307 1651 adeoque
1344 1583 1686 1653 simpliciter,
1737 1584 1915 1636 silvae
1950 1595 2212 1635 sonantes
2256 1600 2330 1634 sc.
2374 1583 2535 1633 venti
2574 1583 2715 1634 flam.

444 1604 618 1707 fitium
655 1654 792 1705 bene
842 1652 1122 1704 constituas
1157 1671 1210 1704 v.
1244 1670 1289 1703 a.
1330 1654 1502 1716 silvis,
1550 1652 1604 1702 h.
1644 1671 1690 1704 e.
1734 1653 2007 1716 silvarum,
2065 1652 2312 1703 arborum
2342 1654 2629 1719 strepitu,
2660 1663 2714 1703 nt

448 1726 583 1776 rivis
616 1734 883 1775 sonantes
923 1722 1127 1785 silvae,
1182 1732 1491 1773 resonantes
1536 1722 1638 1773 rivi
1685 1723 1911 1790 strepitu
1952 1723 2073 1773 sint.
2144 1724 2223 1771 Ut
2273 1739 2407 1773 vero
2448 1723 2563 1774 hoc
2604 1721 2710 1773 fiai

445 1792 647 1860 possit,
715 1801 774 1842 ut
807 1804 1005 1843 sonent
1039 1808 1131 1842 seu
1178 1801 1412 1861 strepant
1446 1792 1682 1854 arbores,
1715 1810 1929 1843 necesse
1963 1802 2073 1853 est,
2120 1789 2357 1858 Elysium
2395 1809 2563 1843 auru
2600 1809 2709 1842 suas

450 1874 507 1913 et
543 1861 817 1930 Zephyros
847 1860 1075 1922 habere3
1125 1860 1193 1911 de
1230 1877 1335 1928 quo
1371 1859 1603 1912 dubitari
1640 1863 1854 1930 nequit3
1914 1861 2206 1928 praeiverat
2251 1859 2355 1911 iam
2410 1862 2709 1912 Homerus:

447 1925 582 1983 ’.ἀλλ’
618 1928 732 1984 αἰεὶ
783 1924 1061 1998 Ζεφύροιο
1099 1939 1199 1982 etc.
1235 1929 1332 1982 Od.
1365 1929 1418 1995 δ,
1467 1931 1588 1984 567.
1625 1931 1748 1985 568.
1781 1930 1929 1983 Pind.
1964 1930 2044 1982 01.
2076 1928 2133 1998 β,
2172 1931 2273 1983 129
2308 1948 2392 1998 sq.
2468 1931 2710 1982 Conssad

449 2003 646 2067 Georg.
682 2001 774 2063 1V,
809 2002 931 2054 484.
997 1998 1080 2051 Ad
1115 1998 1279 2050 amnis
1312 1999 1588 2068 strepitum
1623 2001 1856 2051 referunt
1903 2000 1993 2051 alii
2038 2017 2154 2051 eum
2186 2001 2404 2050 Servio:
2459 2003 2556 2051 vir

447 2071 748 2137 „sonantia
779 2069 986 2130 silvae,
1025 2085 1160 2136 qnae
1196 2078 1277 2119 est
1311 2068 1457 2120 iuxta
1490 2078 1774 2138 praerupta
1808 2068 2085 2120 fluminis.“
2165 2068 2329 2137 Atqui
2364 2067 2559 2137 dices,
2602 2071 2709 2120 Le-

448 2140 545 2191 the
579 2139 780 2207 quietus
817 2145 873 2187 et
909 2136 1141 2204 placidus
1178 2137 1341 2189 amuis
1378 2148 1474 2189 est.
1542 2140 1738 2201 Reet03
1784 2157 1883 2190 nee
1926 2148 2102 2189 tamen
2151 2140 2267 2189 sine
2304 2137 2539 2190 aliorum
2576 2157 2709 2207 pm.b

449 2220 616 2260 tarum
658 2206 898 2274 exemplo
933 2208 1036 2257 hoc
1069 2206 1282 2258 fecisset
1316 2217 1511 2275 poeta,
1560 2208 1648 2275 qui
1698 2218 1754 2261 et
1801 2207 1905 2277 ipsi
1951 2208 2185 2259 amnibus
2232 2206 2292 2257 in
2327 2207 2471 2259 locis
2507 2209 2709 2270 inferis,

489 2276 770 2329 alustribus
806 2275 962 2326 etiam
1015 2286 1071 2325 et
1103 2276 1433 2327 arundiuosis
1481 2276 1718 2341 fluentis,
1765 2276 2013 2344 strepitus
2060 2277 2320 2328 tribuunt.
2392 2280 2460 2328 ln
2510 2279 2599 2330 his
2634 2291 2709 2329 est

501 2344 854 2408 ermesianax,
900 2344 954 2393 in
991 2361 1154 2395 verse.
1193 2363 1224 2395 a
1255 2343 1570 2397 Ruhnkenio
1611 2348 1808 2398 recusis
1854 2346 2017 2414 Epist.
2052 2346 2166 2398 crit.
2193 2347 2259 2398 11.
2292 2366 2348 2414 p.
2375 2349 2505 2403 286.
2546 2349 2639 2400 uhi
2660 2366 2708 2401 v·

450 2415 587 2466 doct.
611 2423 807 2465 uotam.
879 2411 1025 2463 Talis
1047 2429 1257 2482 quoque
1288 2414 1618 2482 Phlegethon
1649 2434 1768 2484 sup.
1794 2435 1895 2468 vss.
1932 2416 2055 2470 550.
2075 2416 2198 2471 551.
2267 2416 2493 2468 Gatrusi
2524 2436 2707 2469 enen—

451 2484 597 2536 datio
627 2492 772 2534 erat:
809 2483 1071 2534 sonantia
1101 2485 1254 2554 ripis.
1303 2484 1491 2536 saltem
1504 2485 1655 2537 -rivis
1684 2485 1978 2538 coniectare
2002 2485 2248 2538 debebat.
2323 2488 2468 2555 (Nec
2513 2489 2700 2551 a‘lsoe,

449 2572 549 2607 nee
578 2554 735 2606 silvis
765 2570 944 2606 verum
974 2570 1090 2604 esse
1117 2564 1278 2624 put05
1313 2555 1487 2606 silvae
1511 2552 1671 2623 friget
1695 2555 2036 2625 languetque,
2083 2555 2307 2607 maxime
2344 2574 2511 2626 quum
2548 2576 2703 2628 prae-

538 2733 664 2793 708
698 2748 825 2807 sqq.
867 2727 1031 2789 Haec
1070 2728 1190 2788 iam
1227 2730 1535 2789 manifeste

451 2835 530 2875 ex
571 2814 891 2874 Platonicis
940 2814 1194 2894 mythis;
1275 2836 1535 2894 quorum

451 2901 678 2961 fundus
725 2900 790 2959 in
829 2900 1342 2979 Pythagoreorum
1398 2902 1537 2981 opi-

451 2987 731 3047 nionibus
764 2987 1143 3045 substructus
1172 2995 1321 3046 erat.
1405 2987 1536 3047 Etsi

452 3073 608 3131 enim
639 3071 839 3151 opinio
868 3071 942 3130 de
971 3072 1175 3131 reditu
1201 3073 1534 3132 animarum

449 3158 515 3217 in
559 3159 743 3217 vitam
806 3158 1137 3217 communis
1190 3157 1533 3235 antiquitati

452 3243 599 3317 suit,
645 3263 769 3301 non
809 3243 884 3301 ab
914 3263 1032 3302 una
1066 3242 1414 3322 hypothesi,
1458 3253 1532 3303 ut

452 3337 734 3409 putatur,
779 3328 884 3387 sed
927 3350 962 3387 a
1000 3329 1180 3388 variis
1220 3328 1324 3388 illa
1347 3350 1531 3408 argu-

451 3414 670 3473 mentis
701 3426 762 3472 et
784 3413 1019 3473 indiciis
1048 3414 1224 3473 docte
1249 3415 1531 3474 indocte-

452 3518 569 3577 que
592 3499 779 3577 petita
808 3497 891 3581 (v.
920 3519 970 3560 c.
1002 3520 1035 3558 a
1075 3509 1290 3559 mutuo
1315 3501 1532 3560 interi-

452 3594 525 3645 tu
558 3593 816 3662 ortuque
845 3586 1115 3645 omnium
1136 3582 1386 3666 rerum),
1431 3595 1541 3661 aut

413 3708 418 3711 ,
450 3670 513 3730 in
556 3669 888 3729 subsidium
927 3671 1204 3731 adsumta
1247 3672 1377 3731 aliis
1420 3673 1538 3731 do·-

453 3756 662 3816 ctrinis
684 3755 1025 3816 fulciendis:
1055 3757 1286 3817 Platoni
1313 3766 1533 3835 tamen,

453 3842 501 3901 si
557 3862 681 3902 non
747 3842 1024 3901 doctrina
1073 3842 1147 3902 de
1207 3844 1535 3903 subeundis

453 3937 593 3987 ante
616 3927 938 3988 transitum
962 3928 1027 3987 iu
1051 3942 1279 3987 novum
1314 3950 1531 4009 corpus

394 4070 422 4081 ,Α
451 4013 673 4088 inseris,
717 4034 897 4091 quam
925 4023 987 4073 et
1024 4013 1301 4094 Aegyptii
1329 4024 1543 4076 tenue-

452 4119 554 4174 re,
600 4119 671 4157 ac
703 4098 777 4157 de
822 4101 1209 4180 purgatione,
1254 4121 1406 4179 quae
1437 4103 1541 4162 in-

360 4228 364 4232 >
450 4184 572 4243 itiis
601 4204 670 4242 ac
707 4189 965 4261 τελεταῖς
1015 4187 1394 4264 frequentata
1435 4189 1539 4247 su·-

449 4268 564 4328 isse
618 4270 897 4347 videtur,
964 4272 1280 4352 peculiaris
1335 4281 1538 4333 tamen

449 4354 628 4414 fuisse
687 4355 935 4417 videtur
985 4357 1088 4417 illa
1127 4357 1403 4419 doctrina
1446 4358 1536 4419 „de

1617 2729 1876 2791 bibenda
1904 2738 2039 2790 ante
2068 2729 2335 2791 reditum
2370 2732 2586 2793 Lethe.
2646 2754 2696 2792 v.

1621 2816 1697 2875 de
1728 2817 1875 2896 Rep.
1902 2818 1981 2891 X,
2025 2836 2087 2895 p.
2125 2818 2268 2882 765.
2294 2818 2424 2877 Frf.
2472 2841 2532 2900 p.
2566 2824 2697 2883 621.

1619 2901 1688 2961 A.
1728 2901 1932 2981 Steph.
2048 2902 2428 2982 Ingeniosum
2502 2907 2695 2983 utiquc

1619 2998 2019 3046 commentum
2039 3031 2056 3061 ,
2134 3008 2271 3047 cum
2327 3010 2499 3048 nova
2564 2992 2697 3065 viu,

1618 3094 1776 3133 nova
1807 3074 2089 3148 infantia,
2134 3074 2402 3134 ineunda
2431 3077 2533 3135 sit.
2579 3077 2696 3135 An·-

1616 3169 1873 3219 terotem
1901 3180 2038 3219 cum
2060 3160 2295 3219 inversa
2315 3162 2521 3221 facula
2549 3183 2697 3223 non-

1615 3245 1767 3304 nulli
1814 3244 1893 3304 ad
1927 3244 2044 3304 hoc
2084 3245 2282 3325 ipsum
2329 3247 2554 3326 dogma
2584 3269 2695 3307 non

1615 3331 1768 3389 male
1809 3331 2249 3405 traduxerunt,
2305 3334 2421 3392 etsi
2468 3335 2520 3393 is
2559 3356 2696 3414 prn-

1615 3418 1745 3496 prie
1788 3415 1864 3475 ad
1910 3417 2129 3477 amoris
2167 3417 2537 3478 oblivionem

1617 3502 1838 3562 etabat.
1873 3523 1933 3562 v.
1960 3502 2140 3563 ovid.
2171 3504 2241 3563 Δ.
2271 3506 2524 3565 Remed.
2564 3507 2695 3572 551.

1624 3608 1750 3666 sqq.
1816 3586 1937 3670 (—
1965 3589 2290 3648 reducta
2334 3593 2549 3665 valide,
2592 3593 2692 3651 is.

1618 3675 1818 3734 sinum
1845 3675 2131 3750 efficiens3
2171 3673 2299 3735 vid.
2323 3677 2467 3736 Not.
2496 3678 2578 3737 ad
2601 3680 2692 3738 Ge.

1614 3760 1691 3835 ll,
1741 3764 1914 3837 1684
1955 3759 2058 3820 ubi
2085 3780 2240 3838 quae
2267 3761 2597 3843 disputavi,
2632 3784 2690 3822 n

1607 3866 1783 3905 nune
1825 3847 2048 3925 egregie
2087 3846 2331 3907 firmata
2377 3849 2562 3909 video
2596 3870 2690 3932 pe

1616 3932 1826 3991 Silium
1854 3933 2042 4007 XVH,
2093 3937 2230 3998 63.:
2275 3936 2572 4018 „Campos
2593 3959 2687 4017 p·-

1622 4018 1776 4077 riter
1816 4019 2118 4096 vallesque
2169 4019 2482 4081 refusas
2534 4025 2684 4084 Lito-

1621 4123 1809 4182 raque
1841 4106 2180 4184 implerat.“

1710 4189 1853 4255 704.
1896 4192 2168 4268 virgulta
2199 4195 2484 4252 sonanda
2512 4196 2683 4257 silvis.

1622 4275 1785 4335 Inter
1828 4276 2029 4355 plures
2070 4276 2317 4353 modos,
2359 4279 2570 4357 quibus
2593 4300 2681 4337 ao-

1624 4361 1805 4441 cipias
1816 4407 1836 4441 ,
1902 4362 2278 4443 probabilior
2319 4375 2411 4425 est
2452 4363 2574 4441 hic,
2622 4372 2681 4423 nt
