2882 5028
426 373 580 450 648

919 335 1566 444 P.VIRG1L11
1614 366 2167 442 MARoMs

426 551 850 634 Praetendi
879 551 1185 646 taeda3‚
1240 564 1375 627 aut
1395 551 1595 627 haec
1630 552 1713 626 in
1741 548 2074 628 foedera
2109 552 2308 631 veni.

427 663 563 738 Me
589 658 651 732 si
679 653 835 732 fata
862 656 1065 732 meis
1093 668 1555 757 paterentur
1583 654 1879 732 ducere
1904 656 2145 731 vitam

2509 660 2640 736 340

427 759 845 862 AuspiciiS‚
902 771 983 835 et
1012 773 1301 860 sponte
1325 782 1507 835 mea
1545 782 2008 860 conponere
2039 782 2299 835 curas:

429 864 737 944 Urbem
769 863 1195 939 Troianam
1225 862 1576 964 primum
1606 861 2018 964 dulcisque
2048 885 2422 937 meorum

428 966 835 1069 Reliquias
866 966 1261 1060 colerem;
1312 966 1603 1043 Priami
1632 978 1840 1042 tecta
1881 966 2034 1043 alta
2055 978 2495 1062 manerent,

569 1177 676 1233 889
708 1175 865 1227 haud
900 1175 1036 1227 haec
1068 1173 1235 1228 Goth.
1269 1191 1353 1244 pr.
1454 1172 1562 1231 340
1582 1175 1890 1227 voluissent
1916 1174 1970 1225 d.
2005 1190 2135 1225 unus
2167 1172 2348 1225 Pierii.
2448 1170 2539 1228 341
2566 1183 2647 1224 aas

431 1259 631 1372 agnae
683 1245 870 1296 Hamb.
918 1244 1011 1296 alt.
1093 1262 1241 1295 meae
1296 1242 1437 1295 idem
1494 1262 1608 1296 cum
1667 1243 1871 1313 aliquot
1922 1243 2057 1295 aliis.

2146 1242 2215 1294 de
2254 1262 2421 1294 onere
2464 1241 2646 1294 Vratisl.

571 1325 628 1367 ee
656 1324 779 1366 ante
812 1314 1023 1366 Priami
1044 1313 1325 1366 seeundum
1351 1312 1508 1365 codd.
1533 1312 1692 1365 Pierii
1732 1324 1788 1364 et
1821 1329 1943 1364 suos
1975 1311 2186 1364 susutlit
2206 1263 2400 1365 fieins.
2467 1315 2538 1382 (ει
2568 1314 2646 1362 Pr·

433 1384 598 1440 Pal-t.
613 1421 631 1450 ,
663 1383 843 1437 colere
864 1382 1057 1435 Medic.
1075 1419 1092 1449 ,
1125 1383 1223 1435 sed
1246 1382 1597 1454 superscripta
1620 1401 1688 1435 m.
1730 1385 1815 1437 W
1807 1383 1878 1451 r.)

426 1572 813 1641 praetexere,-
856 1567 929 1618 ut
959 1577 1020 1617 se
1048 1579 1356 1637 nunquam
1387 1571 1521 1618 tae-

438 1652 552 1707 das
573 1690 589 1721 ,
640 1642 878 1725 (taedae
912 1647 1188 1722 coniugis
1216 1654 1362 1705 sunt
1388 1654 1522 1703 tae-

395 1725 551 1791 ‘dae
588 1731 824 1811 iugales.
875 1727 1100 1811 Wch.)
1153 1730 1343 1790 iustas
1395 1751 1520 1790 nu-

435 1816 627 1899 ptias,
663 1816 1067 1896 praetendisse
1085 1858 1102 1889 ,
1149 1835 1297 1896 prae
1326 1836 1387 1876 se
1412 1827 1521 1875 tu-

435 1903 604 1977 lisse,
647 1921 788 1961 suae
820 1921 956 1961 cum
988 1900 1217 1960 Didone
1259 1921 1521 1961 eonsue-

436 1987 636 2049 tudini
685 2006 903 2048 nomen
960 1985 1102 2046 iusti
1154 1988 1519 2048 matrimonii

439 2093 751 2151 nunquam
787 2071 1061 2132 tribuisse
1087 2114 1106 2148 ,
1164 2071 1355 2149 dicat3
1412 2093 1522 2132 nec

437 2159 592 2218 haee
619 2160 685 2215 in
701 2157 986 2236 foedera,
1034 2156 1097 2217 h.
1129 2176 1178 2217 e.
1198 2158 1265 2218 in
1294 2157 1403 2218 has
1428 2159 1522 2217 le-

438 2263 572 2323 ges,
615 2243 884 2302 consensi
901 2286 917 2315 ,
959 2251 1031 2301 ut
1053 2242 1278 2304 coniux
1317 2264 1522 2304 essem.

438 2329 520 2391 Et
577 2329 664 2387 sio
702 2328 823 2387 iam
876 2328 1178 2389 Guellium
1234 2331 1524 2413 accepisse

440 2413 637 2477 video.
1011 2431 1015 2436 ’

527 2500 654 2566 840
670 2536 748 2548 -
766 2495 910 2565 844.
929 2499 1293 2581 comparant
1308 2498 1524 2582 odyss.

440 2609 509 2664 π,
542 2585 664 2652 148
704 2604 792 2664 sq.
846 2589 997 2646 meis
1042 2589 1370 2665 auspiciis,
1437 2608 1523 2665 qs.

441 2691 576 2731 meo
619 2670 841 2748 ductu,
905 2672 1066 2732 idem
1108 2671 1274 2751 quod
1314 2687 1523 2750 sponte

443 2778 616 2833 mea,
661 2756 768 2816 sed
805 2757 1104 2833 ornatius,
1148 2777 1281 2817 meo
1322 2757 1524 2817 lubitu

445 2863 516 2903 ao
557 2842 892 2906 voluntate.
979 2839 1201 2925 (Rarus
1248 2852 1341 2903 est
1381 2863 1523 2903 usus

444 2929 771 2988 verborum
822 2933 970 2988 meis
1015 2931 1305 3006 auspiciis
1324 2973 1340 3002 ,
1417 2928 1525 2987 ubi

455 3014 531 3074 de
543 3015 723 3074 rebus
747 3014 965 3094 privati
996 3014 1209 3092 agitur.
1295 3016 1527 3074 Trans-

444 3101 569 3160 lata
599 3107 690 3158 est
720 3099 1069 3178 significatio
1106 3120 1139 3157 a
1168 3120 1236 3159 re
1266 3100 1525 3182 publica,

447 3206 484 3245 a
526 3184 808 3260 ducibus,
880 3184 986 3263 qui
1043 3193 1149 3243 aut
1203 3186 1364 3245 suis
1421 3193 1528 3244 aut

446 3269 731 3329 alienis
833 3268 1206 3347 auspiciis
1255 3303 1344 3317 —
1397 3271 1526 3330 Liv.

446 3355 616 3430 XXI,
650 3353 755 3418 40.
796 3383 883 3400 ·—·
919 3372 1017 3414 res
1069 3363 1304 3433 gerunt.
1389 3357 1528 3416 Vita

448 3448 581 3500 erat
622 3438 854 3498 Aeneae
906 3439 1278 3507 instituenda
1323 3440 1527 3500 alienis

447 3526 620 3606 quasi
647 3522 954 3602 auspiciis,
997 3523 1058 3587 h.
1087 3545 1137 3590 s.
1181 3526 1259 3585 ad
1298 3526 1527 3585 volun-

451 3619 638 3672 tatem
729 3608 980 3672 deorum
1067 3610 1163 3672 vel
1239 3612 1527 3673 fatorum.

458 3693 684 3777 Wch.)
755 3716 1100 3774 componere
1141 3719 1355 3770 ems,
1419 3717 1534 3756 ex-

451 3781 699 3861 quisito,
739 3800 836 3840 res
879 3782 1185 3841 ordinare:
1239 3803 1378 3841 nam
1421 3805 1534 3842 ca-

450 3889 554 3926 rae
589 3886 699 3947 pro
726 3866 974 3941 studiis,
1016 3867 1303 3946 negotiis,
1353 3877 1414 3927 et
1460 3868 1535 3926 de

453 3974 514 4012 v.
539 3973 886 4029 componere
928 3955 1000 4011 cs.
1039 3972 1170 4032 sup.
1203 3953 1284 4012 ad
1311 3953 1358 4029 I,
1386 3952 1535 4018 249.

454 4037 519 4097 si
545 4035 690 4098 mihi
720 4036 927 4097 vivere
970 4037 1207 4113 liceret,
1250 4039 1356 4098 ubi
1401 4040 1537 4098 vel-

452 4123 572 4183 lem
586 4167 603 4198 ,
631 4130 834 4182 tamen
862 4122 961 4182 vel
985 4124 1071 4182 sic
1097 4124 1308 4184 ceteris
1338 4123 1535 4186 omni-

452 4209 567 4271 bus
609 4209 966 4288 praeferrem
1007 4206 1125 4268 hoc
1141 4252 1158 4285 ,
1215 4219 1289 4270 ut
1330 4210 1535 4270 locum

446 4294 671 4355 ¹veteris
696 4293 910 4353 Troiae
936 4293 1253 4355 incolerem
1280 4296 1534 4355 urbem·-

456 4398 572 4457 que
593 4398 862 4440 eversam
902 4379 1242 4458 reficerem,
1290 4390 1532 4441 tantum

1605 1559 1801 1633 abest,
1846 1565 1918 1617 ut
1945 1555 2307 1637 Carthagine
2337 1556 2519 1616 vitam
2543 1555 2649 1615 exi—

1601 1664 1738 1725 gere
1761 1643 1980 1703 malim.
2080 1645 2456 1722 Argutantur
2490 1644 2652 1703 inter-

1602 1738 1819 1811 protes.
1905 1729 2229 1808 Reliquias
2270 1750 2532 1788 meorum
2562 1727 2653 1786 sli-

1602 1828 1700 1876 ter
1729 1815 1837 1876 vix
1862 1814 2156 1893 intelligas
2177 1859 2195 1890 ,
2240 1833 2425 1892 quam
2462 1816 2653 1873 cinero

1602 1911 1663 1961 et
1689 1920 1851 1978 ossa,
1895 1900 2163 1978 adeoque
2200 1900 2338 1959 loca
2373 1920 2442 1958 ac
2482 1898 2653 1980 sepul-

1605 2008 1705 2047 cra
1722 2032 1738 2062 ,
1784 1988 1848 2047 in
1875 1986 2091 2064 quibus
2113 1985 2217 2048 ina
2251 1985 2494 2045 condita
2524 1991 2653 2046 sunt.

1593 2071 1838 2153 (Cogita
1865 2071 1941 2131 de
1967 2071 2150 2131 sacris
2181 2073 2439 2131 mortuis
2467 2072 2656 2131 sacien-

1608 2159 1702 2217 dis
1743 2168 1806 2218 et
1843 2159 2169 2237 quotannis
2207 2158 2337 2217 sere
2373 2155 2657 2229 iterandis;

1608 2264 1729 2323 quo
1765 2247 1996 2332 spectat
2055 2243 2472 2322 imperfectum
2522 2241 2654 2301 cole-

1604 2352 1750 2393 rem.
1798 2362 1880 2376 —
1924 2332 2197 2407 primam:
2268 2339 2414 2389 ante
2476 2326 2654 2387 omnis.

1614 2418 1716 2477 W
1712 2416 1808 2474 ch.
1854 2415 1981 2475 vid.
2012 2414 2087 2488 Q.
2120 2414 2189 2474 V.
2224 2414 2500 2489 xxvlu,
2530 2418 2582 2485 3,
2607 2410 2655 2469 h.

1614 2499 1792 2583 Wr.)
1881 2501 2129 2560 Priami
2155 2512 2318 2560 tecta
2354 2508 2652 2575 manerent:

1607 2595 1984 2669 superessent
2007 2585 2237 2660 adhuc,
2266 2587 2395 2647 soil.
2418 2582 2656 2646 restituta

1608 2694 1644 2732 a
1690 2693 1803 2735 me.
1908 2672 2059 2732 Nam
2119 2672 2381 2733 alterum
2427 2672 2655 2732 ieiunum

1606 2768 1783 2818 esset:
1868 2757 2187 2819 voluissem
2261 2759 2500 2818 Troiam
2557 2771 2655 2815 nou

1607 2843 1827 2904 everti!
1866 2844 2133 2903 recidiva
2157 2846 2477 2922 Pergama
2488 2865 2510 2915 ,·
2565 2840 2653 2900 de-

1606 2930 1867 2990 lectatur
1919 2928 2037 2987 bac
2090 2947 2240 2987 voce
2304 2929 2563 3007 Virgilius
2611 2928 2657 2981 st

1609 3016 1785 3089 alibi,
1827 3014 1954 3073 sive
1987 3035 2019 3071 a
2053 3014 2314 3073 surculis
2348 3016 2468 3074 sive
2509 3034 2539 3070 a
2576 3028 2656 3068 se-

1610 3101 1771 3160 mine
1798 3100 2299 3181 repullulascente
2341 3101 2544 3179 petits3
2577 3115 2657 3154 re-

1611 3187 1817 3246 cidiva
1846 3188 2184 3266 posuissem
2205 3229 2225 3261 ,
2286 3184 2657 3252 restituissent,

1610 3272 1833 3331 iterum
1867 3271 2240 3331 excitassem.
2328 3271 2534 3331 Tribus
2564 3284 2657 3324 sn·

1608 3366 1731 3415 tem
1758 3357 1951 3416 modis
1978 3355 2227 3414 eandem
2257 3376 2387 3417 rem
2424 3354 2657 3416 deeim-

1609 3443 1728 3518 vit3
1772 3461 1849 3521 ne
1870 3443 2030 3503 sorte
2072 3443 2135 3500 in
2181 3442 2444 3502 animum
2484 3437 2655 3498 veniat

1608 3528 1804 3607 legere
1854 3529 1986 3588 Aut
2028 3528 2334 3601 recidiva,
2418 3526 2509 3586 vel
2543 3537 2657 3582 mm

1615 3614 1944 3673 Burmann.
1989 3613 2240 3671 colerem
2256 3612 2655 3691 proc-oleum

1593 3699 1880 3780 'positum
1909 3708 2158 3778 putare3
2216 3697 2525 3757 dicendum
2563 3710 2654 3773 ΡΟ·

1616 3785 1770 3859 tim,
1801 3786 2141 3863 posuissem
2166 3804 2278 3863 pro
2292 3801 2559 3862 ponerem
2575 3776 2652 3835 di-

1619 3880 1804 3931 ctum.
1862 3912 1865 3923 ·
1893 3868 2014 3931 Sed
2064 3877 2127 3928 et
2191 3870 2442 3929 alterum
2503 3871 2650 3925 recte-

1620 3953 1980 4035 (posuissem
2018 3975 2143 4013 non
2193 3965 2285 4013 est
2325 3950 2364 4014 i.
2405 3973 2458 4030 q.
2492 3965 2650 4028 pont·

1617 4063 1775 4111 rem3
1819 4041 1943 4100 vid.
1971 4060 2154 4118 supra
2197 4040 2335 4100 Not.
2378 4028 2647 4098 wandal-

1623 4159 1698 4171 —
1733 4125 1831 4186 Ad
1866 4125 1965 4185 illa
1989 4124 2238 4205 Heyuii:
2277 4122 2526 4201 „Tribus
2553 4135 2646 4176 an-

1617 4224 1736 4269 tem
1758 4213 1953 4270 modis
1980 4211 2231 4269 ecmdem
2266 4231 2387 4269 nem
2411 4204 2647 4266 aalma·

1614 4299 1703 4355 vit
1721 4320 1739 4355 .·
1759 4299 1798 4333 “
1852 4295 2002 4355 haec
2046 4295 2218 4355 addit
2256 4283 2645 4355 wandalica:

1613 4381 1726 4458 „Id
1757 4401 1904 4444 vero
1933 4381 2039 4457 fit,
2098 4383 2147 4441 si
2194 4400 2316 4443 rem
2358 4387 2426 4440 ut
2458 4380 2641 4435 σει-ω·
