2882 5028
477 292 679 423 1034*
979 345 1872 420 sxcURsUs
1978 349 2203 421 x111

466 534 654 593 nostri
704 536 992 594 sermonis
1033 536 1303 613 genium3
1375 536 1436 594 id
1483 555 1629 596 vero
1676 547 1799 611 est,
1857 537 2262 617 Pythagorae,
2312 537 2706 618 Empedoclis,

466 618 778 693 lleracliti,
820 620 1084 680 Platonis
1108 621 1381 680 Manibus
1404 622 1684 681 iniuriam
1707 625 1898 683 facere
1911 623 1984 702 ¹⁸¹).

632 708 817 784 Saepe
850 706 926 764 ad
955 705 1112 765 hanc
1139 709 1557 783 cogitationem
1586 708 1882 769 deductus
1910 718 1999 767 est
2035 711 2282 785 animus,
2330 728 2476 767 cum
2504 709 2572 767 in
2603 708 2711 767 hoc.

462 789 618 848 libro
685 790 1138 871 interpretando
1188 792 1660 868 Cudworthum,
1735 815 1871 853 cum
1925 795 2160 854 doctiss.
2216 803 2711 867 commentatore,

461 876 949 954 Bruckerumque
989 877 1353 958 inspicerem.
1444 879 1529 935 lta
1571 879 2008 955 Cudworthus,
2068 882 2201 958 qui,
2249 889 2502 960 praeter
2546 901 2711 939 aas·

461 960 611 1034 sius,
655 961 817 1021 aliud
841 964 1081 1022 tenuius
1114 984 1332 1043 corpus
1379 965 1608 1022 animae
1649 965 1819 1025 indui
1863 987 1898 1024 a
1938 967 2252 1025 Platonicis
2275 966 2549 1038 viderat,
2603 965 2712 1024 hoc

461 1047 711 1105 interius
753 1049 978 1106 aerium
1021 1058 1083 1107 et
1136 1050 1437 1128 spirituale
1501 1069 1718 1129 corpus
1768 1052 1834 1111 in
1870 1052 2178 1129 Virgilium
2226 1051 2565 1126 inferebat,
2647 1062 2711 1109 ut

460 1133 713 1191 cranius
752 1133 901 1192 illud
943 1136 1414 1212 integumentum
1468 1145 1621 1195 esset
1640 1136 1735 1207 id,
1779 1137 1943 1214 quod
1973 1138 2364 1196 admissorum
2409 1138 2709 1195 scelerum

461 1236 681 1297 poenas
709 1229 848 1297 post
886 1230 1141 1279 mortem
1167 1221 1327 1294 luat,
1394 1230 1646 1299 purgata
1681 1240 1826 1281 vero
1866 1222 2063 1281 anima
2099 1222 2357 1295 defluat,
2402 1231 2481 1280 ut
2510 1223 2710 1281 anima

460 1322 624 1362 nunc
646 1324 862 1383 corpus
906 1304 1251 1365 aethereum
1287 1306 1438 1365 illud
1478 1315 1540 1365 et
1583 1301 1890 1387 αὐγοειδὲς
1929 1317 2207 1367 ostentet.
2293 1308 2708 1367 subtilitatem

461 1387 621 1447 hanc
650 1399 811 1448 recte
844 1391 1075 1450 retudit
1104 1391 1492 1466 Moshemius,
1536 1411 1596 1471 p.
1634 1397 1814 1456 1081.
1862 1394 2041 1457 1045.
2129 1394 2210 1450 At
2233 1393 2394 1452 idem
2429 1394 2549 1452 alia
2587 1415 2707 1451 non

460 1475 657 1533 minus
686 1475 984 1536 subtiliter
1017 1496 1195 1555 super
1224 1472 1450 1557 εἰδώλῳ
1489 1478 1551 1535 in
1587 1478 1788 1536 inferis
1825 1478 1971 1537 locis
1995 1487 2316 1556 argutatur
2344 1479 2427 1537 ad
2475 1500 2537 1537 v.
2584 1484 2708 1542 292

461 1559 520 1618 h.
551 1560 610 1633 1.,
654 1559 800 1620 dum
833 1581 1048 1642 corpus
1078 1562 1228 1622 illud
1251 1563 1470 1621 subtile
1513 1572 1574 1620 et
1604 1572 1818 1622 tenue.
1877 1564 2042 1641 quod
2069 1566 2301 1622 animae
2334 1574 2545 1623 manet
2592 1565 2706 1622 im-

458 1645 744 1723 plicitum,
785 1650 964 1707 etiam
992 1668 1026 1705 a
1056 1669 1204 1726 corp⁴
1838 1657 2098 1707 animum
2125 1656 2472 1708 seruientem
2509 1650 2708 1708 inter-

457 1739 750 1810 pretatur.
837 1733 1020 1811 Atqui
1049 1734 1204 1813 apud
1841 1736 1924 1812 gis
1951 1735 2111 1814 apud
2139 1735 2500 1808 Homerum,
2545 1735 2707 1794 ultra

458 1835 676 1895 corpus
712 1827 911 1893 tenue,
974 1839 1050 1879 ex
1084 1829 1204 1878 vet<
1838 1840 1929 1878 ›ne
1969 1819 2120 1879 nihil
2158 1830 2250 1880 est
2295 1821 2702 1899 cogitandum,

456 1904 690 1978 quoties
732 1904 1012 1979 εἴδωλον,
1069 1904 1204 1963 umb
1838 1906 1933 1964 [lto
1987 1906 2199 1964 melius
2241 1906 2393 1964 haec
2438 1907 2705 1966 lortinns

456 1990 733 2067 GXPOBBit
765 1988 902 2067 (St-2⁰
930 1993 1360 2049 Diascrlauuno
1402 2024 1568 2067 upum
1594 2024 1699 2070 um
1713 2004 1870 2049 estrat
1897 1990 2162 2063 SubjetZ'ss
2212 2013 2345 2071 Pag-
2366 1997 2498 2057 216
2523 1995 2702 2073 sqq.),

455 2075 558 2149 qui
586 2074 736 2133 nihil
763 2076 885 2154 ipse
926 2076 999 2133 ab
1048 2076 1220 2134 initio
1266 2075 1470 2134 statim
1509 2077 1711 2155 ponit,
1770 2078 1874 2135 sed
1929 2080 2338 2136 annumeratis
2382 2078 2533 2135 locis
2574 2079 2702 2136 Ho-

456 2160 718 2234 mericis,
780 2161 926 2237 quid
967 2160 1107 2219 inde
1145 2161 1468 2235 efficiatur,
1525 2162 1718 2220 docet.
1805 2163 2085 2221 Animum
2129 2164 2559 2242 incorporeum
2599 2174 2703 2222 snt

456 2264 707 2323 corpus,
747 2246 912 2322 quod
948 2246 1158 2305 animis
1185 2267 1297 2323 pro
1329 2245 1605 2305 vehiculo
1633 2248 1738 2320 sit,
1782 2250 2069 2325 cogitare,
2115 2268 2328 2308 eorum
2363 2258 2701 2328 temporum

453 2327 881 2406 hominumque
915 2331 1232 2389 inventum
1263 2339 1385 2404 est,
1430 2333 1534 2408 qui
1572 2332 1647 2388 de
1683 2334 2016 2391 animorum
2047 2337 2287 2393 naturis
2316 2336 2437 2393 iam
2468 2335 2540 2391 ab
2579 2334 2696 2392 ali-

452 2433 571 2490 quo
616 2414 758 2473 inde
795 2425 1063 2495 tempore
1104 2416 1380 2474 subtilius
1432 2416 1764 2494 disputare,
1827 2428 1887 2478 et
1926 2418 2005 2478 ad
2036 2420 2325 2478 maiorem
2372 2420 2692 2479 verborum

452 2498 844 2560 subtilitatem
872 2499 1202 2561 orationem
1230 2521 1444 2561 acuere
1478 2501 1827 2563 didicerant.
1913 2505 1993 2563 At
2025 2513 2255 2563 veteres
2293 2505 2392 2564 isti
2431 2505 2694 2565 contenti

453 2597 644 2662 erant,
686 2606 781 2646 res
809 2588 885 2645 ad
916 2608 1153 2647 sensum
1181 2607 1484 2660 revocare,
1529 2591 1726 2648 sensui
1756 2590 2069 2649 oculorum
2094 2601 2154 2649 et
2185 2592 2527 2651 animorum
2550 2593 2697 2650 snb-

454 2673 660 2746 iioere,
717 2673 943 2751 mythis
983 2693 1095 2752 pro
1139 2674 1513 2751 dogmatibus
1559 2675 1661 2732 uti.
1749 2676 1940 2735 Multo
1972 2677 2185 2749 minus,
2244 2696 2354 2754 per
2385 2679 2695 2750 sermonis,

453 2778 572 2834 quo
596 2759 944 2835 utebantur,
986 2761 1280 2818 rationem
1311 2768 1369 2816 et
1400 2768 1710 2831 naturam,
1755 2761 1817 2818 in
1852 2762 2015 2820 illam
2052 2761 2392 2820 doctrinam
2434 2765 2698 2823 incidere

451 2845 652 2923 potuit
691 2853 891 2904 vetere
927 2864 1075 2904 aevo
1112 2845 1443 2921 quisquam,
1489 2854 1561 2903 ut
1595 2847 1859 2904 animum
1884 2848 2308 2925 incorporeum
2336 2851 2697 2926 cogitatione

452 2930 807 3009 conciperet.
905 2930 1257 3008 Expeditior
1292 2940 1355 2988 et
1397 2931 1629 2990 facilior
1672 2933 1790 2990 fuit
1832 2935 1929 2991 via
1972 2942 2114 3010 post
2150 2932 2316 2991 ideas
2360 2935 2699 2994 Platonicas

448 3015 664 3075 illatas.
750 3016 1250 3092 Quandoquidem
1281 3025 1478 3073 autem
1503 3015 1576 3088 ii,
1621 3017 1723 3092 qui
1752 3027 1893 3099 post¹
1910 3018 2204 3097 principes
2231 3019 2368 3077 illos
2400 3023 2698 3096 sapientes

449 3100 853 3178 philosophati
886 3111 1056 3176 sunt,
1102 3102 1276 3159 etiam
1306 3120 1443 3159 cum
1478 3102 1790 3161 subtiliore
1828 3114 1890 3162 et
1926 3123 2197 3162 sermone
2228 3114 2288 3162 et
2336 3109 2700 3184 cogitatione

447 3195 798 3261 uterentur,
854 3196 1053 3245 tamen
1101 3188 1196 3245 vel
1240 3187 1569 3245 secundum
1616 3187 1894 3264 antiquos
1943 3190 2074 3248 illos
2115 3190 2213 3248 vel
2257 3189 2559 3251 adversus
2599 3212 2699 3252 eos

448 3270 865 3350 disputabant,
912 3274 1127 3330 mirum
1169 3292 1292 3330 non
1320 3273 1497 3330 estin
1534 3274 1796 3332 Socratis
1827 3294 2129 3348 sermone,
2171 3277 2234 3334 in
2263 3277 2594 3337 Platonicis
2635 3290 2697 3338 et

445 3357 687 3434 reliquis
720 3358 887 3416 libris
918 3357 1343 3436 philosophicis
1372 3367 1468 3416 tot
1512 3378 1815 3436 superesse
1855 3361 2074 3440 poetici
2115 3360 2365 3419 alicuius
2402 3367 2701 3423 sermonis

446 3451 555 3501 aut
588 3441 885 3521 mythicae
924 3445 1022 3503 vel
1052 3443 1394 3521 allegoricae
1422 3444 1780 3502 narrationis
1809 3466 1920 3524 pro
1949 3447 2463 3507 demonstratione
2494 3452 2596 3510 vel
2624 3452 2699 3509 il-

445 3530 798 3587 lustratione
823 3529 1064 3607 vestigia
1090 3549 1160 3587 ae
1178 3530 1506 3606 fragmenta
1518 3527 1628 3610 **).
1687 3530 1871 3602 Quod
1908 3532 2101 3591 multo
2127 3533 2309 3610 magis
2335 3534 2397 3591 in
2439 3535 2578 3596 loco
2627 3538 2699 3595 de

445 3615 623 3674 rebus
660 3614 863 3672 inferis
906 3614 1172 3674 accidere
1218 3614 1456 3688 debuit,
1531 3634 1667 3672 cum
1707 3636 1742 3673 a
1782 3618 2151 3694 sequioribus
2198 3617 2582 3701 philosophis
2622 3623 2699 3681 de

446 3701 612 3774 sede,
655 3709 815 3759 sorte
861 3720 932 3758 ac
962 3700 1304 3759 conditione
1334 3700 1670 3758 animorum
1699 3711 1836 3779 post
1864 3713 2120 3762 mortem
2139 3748 2154 3775 ‚
2215 3703 2370 3763 nihil
2394 3709 2696 3783 subtilius,

446 3786 846 3866 exploratius,
892 3805 961 3844 ac
999 3785 1277 3846 disertius
1319 3785 1517 3844 afferri
1549 3797 1766 3864 posset.
1853 3790 2078 3848 Rerum
2108 3790 2356 3849 enimin
2388 3794 2510 3853 alio
2548 3795 2696 3854 orbe

582 4042 623 4107 ')
658 4041 933 4093 Meliorem
962 4042 1093 4093 viam
1126 4041 1348 4109 ingressi
1375 4055 1525 4110 sunt,
1576 4045 1663 4112 qui
1700 4055 1822 4112 post
1853 4045 1955 4096 ista
1993 4045 2156 4098 seculi
2190 4047 2347 4097 Lxx
2375 4064 2514 4097 anno
2555 4050 2688 4098 seri-

442 4110 1219 4231 {iazisslzirfzffmphssosophiam
1262 4114 1507 4167 subtilius
1538 4132 1855 4183 exposuere,
1904 4115 2139 4182 inprimis
2166 4118 2283 4168 VV.
2311 4117 2408 4167 CC.
2447 4120 2688 4169 Menneu

578 4264 655 4332 ¹⁸⁴³)
694 4267 771 4316 Ab
798 4266 899 4317 hoc
925 4267 1182 4336 principio
1214 4266 1302 4316 ubi
1330 4268 1567 4334 prosecta
1605 4269 1758 4320 Fuerit
1789 4269 1976 4332 oratio,
2007 4279 2113 4320 tum
2138 4269 2229 4322 illa
2260 4271 2449 4322 deduci
2479 4274 2687 4322 tandem

441 4343 620 4396 potest
642 4335 709 4385 ad
741 4354 803 4386 ea
826 4354 1051 4404 quoque,
1087 4355 1218 4404 quae
1242 4338 1523 4388 Gai-uerius
1554 4349 1861 4407 exsequutus
1886 4348 1967 4388 est
1998 4341 2312 4407 (Me-'moires
2335 4342 2404 4392 de
2430 4344 2684 4393 Litterae.

437 4403 500 4451 T.
537 4404 745 4467 XXXI,
795 4422 847 4471 p.
882 4407 1019 4472 164),
1050 4424 1162 4457 cum
1194 4406 1471 4458 ostendere
1493 4407 1668 4470 vellet,
1696 4425 1798 4476 quo
1827 4407 2046 4460 consilio
2074 4408 2219 4461 Plato
2246 4410 2422 4462 sabula
2448 4429 2570 4464 usus
2603 4411 2684 4462 sit.
