2882 5028
439 371 600 482 '944

926 401 1009 476 P.
1075 397 1612 478 v1Ro1L11
1673 360 2231 476 MARoMs

446 587 789 667 nisu-icti
818 586 1215 688 pendent3
1270 582 1533 679 sedet,
1588 597 2169 684 aeternumque
2200 584 2547 675 sedebit,

448 689 727 771 Infelix
761 691 1161 781 Theseus;
1215 688 1760 788 Phlegyasque
1795 689 2287 764 miserrimus
2318 690 2600 764 omnis

448 795 888 889 Admonet,
930 807 1011 870 et
1036 816 1323 891 magna
1355 805 1684 868 testatur
1719 816 1920 868 voce
1955 816 2103 895 per
2127 792 2498 870 umbras:

586 1004 690 1057 617
738 1004 1003 1055 Denticu'
1061 1001 1254 1054 Medic.
1318 1017 1433 1052 eum
1477 999 1556 1050 fra

1560 1015 1661 1067 gm.
1708 998 1878 1053 Vatic.
1929 1000 2209 1068 multisque
2254 1000 2398 1052 aliis.
2475 1002 2718 1056 Temere.

451 1088 559 1125 non
605 1073 842 1142 pendent
883 1070 1104 1141 deligati
1155 1072 1223 1122 de
1270 1079 1426 1134 rota,
1487 1068 1583 1120 sed
1646 1079 1798 1152 fotae
1849 1068 2044 1137 illigati
2105 1071 2349 1139 adeoque
2398 1070 2720 1122 distineatur

450 1141 695 1194 membris
728 1142 1012 1194 distractis.
1083 1141 1343 1209 (districti
1380 1149 1555 1190 tuetur
1590 1148 1748 1190 etiam
1798 1139 2012 1191 W'akef.
2061 1140 2130 1191 ad
2175 1140 2391 1192 Lucret-
2445 1143 2520 1206 Ὺ,
2573 1142 2722 1222 Πᾉ-ί.

460 1211 603 1277 uo.)

740 1213 845 1266 618
900 1214 1108 1263 Tereus
1169 1209 1297 1261 olim
1352 1207 1455 1260 ruit
1511 1208 1734 1260 Brodaei
1798 1208 2092 1259 emendatio
2160 1209 2451 1260 admodum
2517 1210 2723 1262 insuta.

452 1280 593 1334 Male
628 1280 815 1334 habuit
849 1280 991 1332 viros
1028 1279 1249 1345 doctos,
1295 1278 1437 1347 quod
1473 1277 1713 1328 Theseus
1748 1277 1888 1330 inter
1935 1277 2128 1346 impios
2177 1278 2396 1329 habitus
2451 1281 2574 1347 (sed
2625 1280 2722 1331 vid.

452 1351 634 1417 Not.);
671 1361 726 1402 et
759 1350 903 1420 quod
937 1349 1079 1401 idem
1114 1365 1229 1417 sup.
1264 1366 1314 1401 ν.
1349 1347 1455 1402 393
1495 1346 1636 1397 inter
1669 1364 1790 1411 eos,
1827 1344 1914 1414 qui
1952 1347 2056 1399 vivi
2090 1350 2279 1399 Orcum
2314 1349 2559 1415 ingressi
2595 1362 2723 1410 sant,

453 1431 768 1472 memoratus
805 1429 933 1471 erat.
1002 1419 1118 1470 Hoc
1157 1415 1364 1469 nomine
1397 1427 1642 1468 notarunt
1688 1416 1860 1468 locum
1906 1415 2010 1467 iam
2057 1427 2185 1467 vett.
2233 1419 2594 1471 Grammatiti
2647 1438 2722 1499 ap.

455 1489 594 1542 Geu.
627 1491 699 1552 X,
736 1490 821 1543 16.
889 1486 996 1540 Sed
1030 1505 1128 1539 nec
1163 1488 1230 1538 de
1267 1505 1324 1538 re
1363 1504 1508 1538 ressu
1542 1485 1621 1536 ibi
1654 1485 1957 1537 meminerat
1991 1496 2181 1554 poeta,
2235 1499 2286 1540 et
2322 1487 2486 1538 licuit
2538 1491 2593 1540 ei
2644 1488 2721 1540 lut

454 1558 611 1612 aliam
643 1558 869 1611 fabulam
903 1574 961 1608 se
999 1557 1069 1608 ui.
1137 1556 1216 1608 cf.
1252 1555 1287 1608 l.

456 1628 762 1698 Phleguas,
798 1626 933 1679 male
991 1625 1189 1679 ’bradi-

457 1785 726 1847 Ixionem
754 1805 993 1865 quoque
1018 1785 1138 1845 iam
1170 1806 1231 1847 v.
1255 1789 1374 1851 601
1409 1803 1541 1844 me-

456 1882 829 1948 moraverat;
882 1871 1015 1947 (sed
1070 1871 1197 1934 vid.
1240 1871 1307 1932 V.
1355 1871 1420 1930 L.
1461 1869 1542 1929 ad

457 1978 546 2019 vs.
578 1963 724 2023 602.
777 1961 873 2020 W
871 1958 956 2039 r.)
1001 1958 1269 2035 adeoque
1312 1957 1541 2014 enalla-

456 2062 530 2123 ge
571 2044 833 2119 numeri,
891 2064 1070 2121 quam
1119 2043 1390 2103 inserunt
1425 2042 1541 2102 viri

458 2129 656 2204 docti,
702 2147 907 2188 carere
945 2149 1280 2207 possumus.
1352 2128 1545 2188 radiis

460 2228 724 2272 mearum
773 2215 1027 2273 districti
1072 2216 1338 2291 pendent
1356 2256 1373 2288 ,
1438 2233 1544 2272 or·—

458 2309 632 2373 nate;
661 2308 830 2357 rotae
853 2299 1088 2377 illigatis
1113 2299 1397 2357 membris
1414 2299 1545 2356 dis-

455 2385 726 2444 tinentur
750 2425 770 2458 ‚
840 2382 941 2446 ἐπὶ
1001 2387 1223 2464 τροχοῦ
1276 2384 1546 2446 κατατεί-

456 2492 698 2546 νονται,
743 2469 1000 2550 petitum
1033 2489 1068 2527 a
1115 2471 1401 2530 tormenti
1438 2489 1546 2549 ge·-

457 2575 636 2631 nere,
678 2555 843 2634 quod
872 2556 1066 2634 ipsum
1095 2578 1209 2636 pro
1252 2556 1544 2635 supplicio

457 2642 769 2702 interdum
810 2642 955 2718 suit;
1006 2642 1082 2701 de
1139 2663 1259 2720 quo
1309 2644 1546 2720 copiose

460 2727 688 2802 Cerdo,
731 2728 816 2786 sic
842 2735 1044 2787 tamen
1064 2771 1082 2802 ,
1130 2738 1204 2787 ut
1233 2729 1409 2806 plura
1437 2746 1543 2805 ge-

462 2833 609 2874 nera
675 2822 1117 2872 tormentorum
1171 2813 1544 2889 confundam

459 2899 579 2959 hoc
604 2899 785 2976 igitur
808 2900 1044 2976 equulei
1066 2918 1251 2977 genus
1276 2899 1354 2958 ad
1378 2899 1545 2958 Ixio-

461 2986 553 3045 nis
580 3003 832 3063 poenam
860 2985 1216 3043 translatum
1248 2995 1356 3044 est.

546 3069 934 3135 617—625.
977 3069 1181 3129 Multis
1208 3070 1404 3129 modis
1446 3069 1543 3128 sa-

460 3154 603 3214 bula
639 3153 716 3213 de
754 3154 981 3214 Theseo
1033 3156 1148 3214 suit
1181 3163 1443 3214 tractata
1483 3164 1545 3213 et

463 3249 711 3315 ornata3
768 3240 907 3300 vide
969 3260 1029 3300 v.
1081 3261 1131 3299 c.
1177 3242 1358 3301 Ovid.
1398 3240 1543 3300 Met.

461 3325 586 3400 vll,
614 3323 740 3389 433
773 3345 892 3403 sq.;
937 3346 1046 3384 nec
1088 3327 1336 3402 mirum,
1375 3327 1543 3385 suere

461 3410 618 3469 enim
647 3411 880 3489 plures,
927 3411 1030 3488 qui
1071 3433 1191 3471 non
1228 3412 1410 3471 modo
1444 3421 1544 3471 at-

460 3496 748 3573 tigerant,
789 3497 895 3555 sed
930 3505 992 3555 et
1031 3499 1080 3555 T
1084 3499 1348 3557 heseides
1391 3518 1545 3556 con-

463 3580 762 3641 diderant.
820 3583 1039 3642 Actum
1071 3585 1248 3643 efiam
1274 3584 1349 3643 de
1380 3583 1545 3642 The-

460 3666 545 3726 sei
589 3676 650 3725 et
690 3666 944 3727 Pirithoi
993 3668 1279 3728 descensu
1318 3670 1387 3728 in
1426 3670 1544 3729 Mi-

460 3752 676 3831 nyade.
699 3773 759 3812 v.
791 3754 1042 3812 Pausan.
1069 3756 1150 3829 X,
1182 3759 1285 3830 28,
1310 3756 1454 3814 item
1482 3757 1546 3815 in

460 3838 780 3898 Heracleis.
864 3838 920 3896 N
921 3858 1017 3897 am
1083 3840 1372 3900 Hercules
1439 3842 1552 3901 de-

461 3943 674 3984 scensu
728 3923 807 3982 ad
858 3924 1182 3984 Cerberum
1238 3927 1553 3985 adducen-

460 4010 608 4070 dum
665 4010 730 4069 in
779 4009 1001 4069 inferos
1056 4012 1214 4071 facto
1270 4012 1554 4073 liberavit

464 4095 779 4156 Theseum.
822 4116 879 4155 v.
908 4094 1183 4175 Apollod.
1225 4097 1295 4173 11,
1335 4097 1398 4171 5,
1451 4105 1549 4174 12,

460 4202 520 4261 p.
569 4186 706 4250 122.
768 4181 951 4261 Apud
983 4182 1310 4242 Homerum
1337 4183 1453 4243 Od.
1489 4208 1548 4259 κ,

458 4270 585 4333 630
630 4287 715 4344 sq.
773 4267 1036 4327 Theseus
1089 4289 1224 4329 cum
1273 4268 1545 4341 Pirithoo

458 4350 524 4410 in
584 4351 793 4411 inferis
865 4353 1230 4414 substiterat.
1328 4355 1547 4415 Noster

457 4444 637 4514 poeta
664 4435 785 4496 hoc
812 4440 1120 4518 sequitur,
1161 4449 1234 4502 ut
1262 4440 1545 4519 Theseus,

1425 1556 1492 1608 ab
1548 1553 1727 1609 Heius.
1781 1565 1838 1607 et
1883 1557 2055 1609 Burm.
2104 1556 2422 1628 Phlegeas,
2474 1559 2721 1630 Flegeu,

1626 1784 1704 1843 ob
1732 1792 1976 1862 raptum
2013 1785 2452 1864 Proserpinae,
2501 1789 2713 1846 εεᾱωι.

1624 1870 1759 1931 Hoc
1782 1869 1996 1929 habitu
2033 1872 2447 1950 poenitentiae
2475 1883 2538 1931 et
2565 1894 2716 1932 snm-

1625 1957 1710 2016 mi
1734 1956 2021 2015 moeroris
2055 1977 2295 2016 sensum
2333 1959 2528 2039 prodi
2560 1970 2715 2039 puta.

1628 2041 1715 2101 lta
1741 2041 2023 2101 sedebant
2055 2042 2319 2102 Theseus
2335 2054 2402 2104 et
2420 2046 2720 2104 Pirithous

1625 2127 1691 2186 in
1723 2126 1929 2186 tabula
1962 2127 2280 2207 Polygnoti
2325 2152 2425 2210 ap.
2473 2133 2716 2191 Panna.

1627 2214 1707 2288 X,
1747 2214 1850 2276 29.
1936 2213 2015 2272 Et
2055 2215 2234 2274 talem
2274 2216 2585 2277 Theseum
2631 2236 2720 2276 se-

1630 2299 1872 2357 dentem
1911 2297 1976 2357 in
2001 2300 2191 2358 Sarda
2224 2320 2591 2381 expressum
2632 2306 2722 2363 vi-

1630 2383 1732 2442 des
1758 2403 1852 2463 ap.
1875 2385 2356 2448 Winckelmann.
2393 2410 2461 2448 n.
2487 2391 2582 2451 cI.
2657 2389 2719 2448 ln

1627 2478 1837 2550 patera
1865 2470 2094 2547 Italica,
2131 2474 2459 2534 Etruscam
2490 2486 2719 2548 vocant,

1629 2576 1781 2634 quae
1810 2557 2072 2616 Veronae
2099 2571 2418 2636 servatur,
2465 2562 2720 2621 Theseus

1628 2652 1905 2721 serpente
1946 2644 2361 2707 circumdatus
2402 2650 2715 2721 retinetur,

1630 2727 1888 2787 Hercule
1925 2728 2315 2806 adveniente,
2364 2755 2464 2812 ap.
2509 2736 2714 2793 Passer.

1629 2814 1779 2886 Pici,
1804 2815 2037 2874 Etrusc.
2060 2817 2229 2875 Tom.
2256 2818 2330 2894 11,
2359 2841 2418 2899 p.
2450 2822 2561 2886 49.
2608 2818 2714 2893 Qui

1629 2910 1960 2960 narrantur
1997 2911 2282 2977 στρωτοῖς
2344 2905 2416 2967 ἐν
2470 2906 2713 2985 lexicon

1628 2986 1922 3061 iacentes,
1968 2987 2092 3045 alto
2120 3008 2339 3067 sopore
2363 2993 2629 3070 sepulti,
2659 2994 2714 3050 in

1629 3071 1885 3131 Tartaro
1922 3073 2084 3151 apud
2119 3073 2458 3135 Hesiodum
2508 3077 2716 3155 Theog.

1628 3160 1773 3221 797.
1815 3161 1959 3232 798,
2002 3157 2080 3217 ad
2119 3162 2373 3239 periurii
2416 3183 2536 3242 per
2584 3169 2716 3242 sty-

1625 3260 1754 3319 gem
1790 3261 2044 3321 poenam
2072 3247 2399 3323 pertinent.
2461 3251 2588 3309 Sed
2614 3250 2717 3307 mi·

1625 3328 1901 3386 raculum
1933 3330 2020 3388 rei
2057 3330 2332 3392 additum
2380 3344 2479 3394 est
2521 3337 2590 3395 in
2636 3354 2716 3409 eo,

1626 3414 1790 3489 quod
1820 3414 2082 3474 Theseus
2116 3437 2263 3476 saxo
2303 3420 2579 3497 insidet,
2623 3441 2717 3481 net

1628 3498 1770 3558 inde
1802 3498 2004 3559 levare
2037 3522 2255 3580 eorpus
2298 3517 2531 3584 potest.
2576 3509 2716 3567 eous.

1630 3583 1827 3644 Schol.
1872 3585 2172 3666 Apollonii
2223 3590 2265 3662 l,
2327 3596 2473 3657 101.
2570 3595 2717 3654 Inter

1632 3681 1906 3730 auctores
1957 3672 2138 3733 huius
2191 3678 2575 3738 narrationis
2618 3682 2716 3738 suit

1629 3757 1928 3835 Panyasis.
1959 3779 2020 3817 v.
2060 3759 2305 3820 Pausau.
2347 3763 2391 3821 l.
2440 3785 2500 3825 c.
2545 3790 2714 3845 noo-,⁸

1636 3840 1790 3919 φυὲς
1817 3841 1882 3904 δὲ
1915 3841 2063 3923 (scil.
2093 3841 2298 3925 χρῆμά
2326 3849 2415 3928 τι)
2456 3845 2589 3914 cinti
2623 3853 2716 3913 rev*

1635 3925 1859 4007 χρωτὸς
1889 3923 2026 3991 ἀντὶ
2056 3931 2299 4008 δεσμῶν
2335 3938 2565 4008 σφίσιν
2611 3936 2714 4012 ἔφη

1632 4010 1750 4092 τήν
1811 4012 2053 4095 πέτραν.
2156 4016 2472 4079 Liberatus
2527 4030 2714 4080 tamen

1636 4108 1697 4157 et
1736 4099 2025 4159 reductus
2083 4121 2159 4161 ex
2207 4102 2423 4162 inseris
2460 4106 2714 4165 Theseu

1633 4184 1709 4243 ab
1776 4184 2035 4244 Hercule
2067 4209 2085 4261 3
2150 4188 2428 4247 Pirithoo
2494 4193 2712 4263 relicto,

1632 4290 1771 4330 cum
1797 4280 1994 4330 terrae
2019 4282 2219 4333 motus
2236 4274 2567 4337 Herculem
2586 4279 2711 4337 abs—

1630 4356 1975 4418 terruisset:
2031 4359 2307 4439 Apollod.
2368 4360 2442 4435 11,
2494 4366 2560 4437 5,
2613 4367 2710 4435 ¹23

1630 4441 1795 4503 unde
1822 4453 2026 4525 patet,
2069 4448 2132 4505 in
2165 4444 2455 4507 Heraclea
2491 4446 2708 4527 antiqui
