2882 5028
585 329 1198 405 AENEmos
1253 330 1463 406 Lm.
1506 330 2032 426 urse-98

2287 340 2437 413 457

302 517 436 594 Vix
467 541 556 593 ea
583 514 788 593 fatus
816 523 1070 594 eram:
1099 530 1450 592 tremere
1473 515 1920 610 omniavisa
1945 504 2442 617 repentess-90

208 620 694 722 Liminaque‚
758 619 1187 721 laurusque
1220 619 1395 712 dei;
1451 632 1826 719 totusque
1857 622 2165 695 moveri

209 730 426 800 Mons
461 726 794 818 circum,
854 736 931 800 et
961 726 1272 822 mugire
1307 723 1554 820 adytis
1585 723 1886 798 cortina
1914 722 2253 803 reclusis,

212 826 576 903 Submissi
609 828 957 930 petimus
993 840 1290 903 terram
1307 887 1328 921 ‚

1387 840 1469 902 et
1492 851 1641 901 vox
1674 824 1931 901 fertur
1956 824 2051 901 ad
2090 827 2326 905 auris:

209 929 691 1007 Dardanidae
727 930 905 1006 duri
927 991 948 1028 ‚
1005 955 1207 1032 quae
1240 955 1382 1006 vos
1420 956 1460 1005 a
1494 932 1738 1030 stirpe
1770 943 2197 1029 parentum

210 1035 454 1112 Prima.
479 1033 665 1111 tulit
699 1033 973 1132 telluS,
1028 1033 1313 1110 eadem
1349 1057 1491 1108 vos
1530 1033 1781 1109 ubere
1819 1032 2029 1108 laeto

1054 1139 1489 1239 Antiquam
1522 1136 1904 1238 exquirite
1932 1149 2296 1224 matrem,

210 1138 554 1238 Adcipiet
589 1137 950 1219 reduces.

2344 1041 2447 1118 95

207 1244 336 1318 Hic
364 1241 659 1318 domus
694 1246 1015 1318 Aeneae
1048 1243 1347 1317 cunctis
1392 1238 1939 1316 dominabitur
1969 1241 2151 1337 oris;

207 1349 295 1421 Et
323 1347 482 1421 nati
513 1358 929 1439 natorum,
991 1345 1241 1446 etqui
1270 1357 1700 1421 nascentur
1731 1341 1828 1419 ab
1862 1342 2029 1421 illis.

327 1521 399 1574 90
431 1532 564 1573 erae
611 1517 856 1571 Parthas.
903 1517 959 1571 in
1004 1536 1170 1587 marg.

1310 1520 1377 1573 91
1425 1518 1605 1569 Limin
1682 1535 1751 1568 ue
1795 1527 1850 1568 et
1890 1516 1930 1570 l.
1981 1516 2087 1568 duo
2139 1534 2226 1585 ap.
2274 1520 2447 1572 Burm-

208 1587 380 1641 limina
411 1601 550 1642 sunt
585 1588 788 1641 zalich.
857 1606 964 1659 que
997 1598 1122 1658 post
1167 1588 1358 1640 limina
1407 1587 1565 1656 plane
1615 1604 1647 1637 a
1687 1595 1769 1637 est
1822 1603 1854 1638 a
1897 1586 2082 1639 Franc-
2152 1588 2450 1659 laurosque

208 1658 440 1711 Rottend.
476 1667 609 1710 tert.
644 1677 675 1710 a
711 1676 779 1708 m.
826 1676 907 1727 pr.

207 1727 396 1779 Lucret-
430 1731 522 1794 Vl,
560 1726 687 1782 594.
730 1729 816 1781 W
808 1728 877 1795 r.)

208 1866 431 1920 Pieriani.

209 1953 302 1987 var.
332 1936 453 1989 lect.
490 1936 586 1989 vel
620 1947 738 1990 soso
772 1940 976 2004 sprot„

208 2008 327 2078 ipsis
358 2009 494 2063 Ven-

210 2145 275 2205 de
294 2148 468 2209 Batto
503 2149 714 2208 locum
762 2107 855 2225 dp·
892 2145 1185 2209 Herodot.
1223 2154 1318 2207 et*

209 2234 413 2295 callim.
438 2236 504 2295 in
531 2232 736 2312 Apoll.
769 2233 850 2297 65
879 2253 1005 2311 sqq.

282 2323 359 2384 90
374 2356 452 2366 —
468 2325 582 2386 93.
600 2318 877 2377 Sollenne
904 2318 1126 2378 scilicet
1146 2318 1282 2393 hoc,

208 2412 491 2484 tamquam
546 2403 815 2464 numinis
869 2413 1092 2463 sortem
1149 2403 1285 2463 edi-

210 2492 320 2551 turi
353 2491 699 2573 praesentia
713 2535 730 2565 ,
786 2499 859 2551 ut
894 2499 1026 2551 tots
1068 2498 1286 2550 natura

210 2597 415 2639 numen
458 2578 728 2639 sentiat:
793 2596 1109 2636 commune
1161 2577 1286 2640 ἑπι-

212 2667 480 2741 φανείαις
517 2665 781 2724 deorum
800 2706 816 2737 ‚
861 2663 1042 2721 etiam
1089 2661 1155 2721 in
1196 2664 1289 2720 se·-

209 2750 302 2809 stis
326 2760 384 2809 et
408 2751 603 2811 sacris
620 2793 637 2823 ,
665 2767 817 2827 quae
844 2748 907 2806 in
935 2768 1147 2809 eorum
1172 2747 1292 2807 ho-

210 2855 403 2896 norem
460 2834 952 2897 celebrabantur.
1066 2832 1292 2893 Notum

210 2921 298 2980 vel
336 2942 413 2981 ex
462 2918 819 2983 Callimachi
867 2919 945 2979 Η.
987 2919 1052 2978 in
1098 2919 1294 2999 Apoll.

126 3022 127 3035 ¹
210 3026 294 3086 pr.
333 3018 394 3067 et
432 3005 670 3089 Spanh.
716 3005 793 3064 sd
846 3025 896 3066 e.
955 3005 993 3064 l.
1086 3007 1292 3064 omnia

214 3092 414 3153 deinde
466 3114 587 3175 per
641 3090 864 3171 species
920 3089 1298 3151 redduntur:

213 3178 533 3260 liminaque
574 3180 920 3257 laurusque.
987 3196 1048 3236 v.
1086 3177 1294 3236 Burm.

218 3266 390 3324 Mons
421 3270 695 3337 circum,
767 3261 1058 3342 Cynthus.
1144 3263 1296 3321 Nam

218 3352 490 3431 templum
562 3352 631 3409 in
683 3368 895 3428 campo
947 3350 1171 3423 situm3
1236 3367 1296 3406 v.

221 3434 413 3497 Exere.
472 3436 552 3496 de
613 3434 759 3495 Delo
802 3436 867 3494 in
916 3434 1082 3493 Misc.
1124 3433 1297 3496 Obss.

218 3526 431 3582 eortina
447 3568 466 3600 ,
517 3517 740 3600 ὅλμος,
796 3520 1147 3600 operculum
1187 3518 1302 3579 tri-

219 3607 410 3685 podis,
452 3608 660 3686 mugit
678 3650 697 3682 ,
753 3615 941 3666 vento
987 3605 1302 3666 subterra-

223 3710 327 3752 neo
361 3714 394 3752 e
441 3712 664 3773 specu,
736 3692 834 3752 cui
867 3691 1148 3772 imposita
1195 3699 1302 3768 est,

223 3788 487 3857 surgente
504 3824 521 3853 ,
557 3777 853 3857 siquidem
876 3777 1121 3839 credere
1145 3778 1304 3853 licet,

227 3862 298 3922 sd
320 3864 591 3945 Delphici
624 3864 886 3944 tripodis
926 3863 1120 3923 instar
1153 3862 1306 3923 haec

139 3928 159 3959 ²
226 3948 393 4010 fuisse
420 3950 805 4011 adumbrata.
877 3950 952 4009 cf.
982 3950 1302 4030 Spauhem.

228 4034 300 4094 ad
332 4036 406 4096 H.
429 4037 496 4096 in
532 4036 601 4095 D.
627 4056 691 4098 v.
720 4040 820 4102 90.
874 4035 1073 4115 adytis
1108 4038 1304 4096 reclu-

226 4122 305 4178 sis
318 4166 337 4195 ,
394 4122 529 4203 ipso
585 4123 798 4203 templi
850 4122 1142 4203 penetrali
1196 4141 1305 4201 per

228 4217 452 4268 motum
515 4217 715 4268 terrae
766 4209 1078 4290 patefacto.
1156 4204 1307 4288 (vid.

228 4290 360 4351 Not.
386 4294 466 4354 ad
492 4293 593 4369 Vl,
620 4297 721 4359 81.
753 4291 977 4375 Wch.)
1026 4297 1128 4360 93.
1149 4293 1306 4353 Sub-

230 4382 395 4438 missi
439 4382 705 4457 petimus
762 4394 978 4440 terram
1003 4425 1021 4455 ,
1089 4379 1308 4461 exqui-

1089 1936 1160 1991 96
1194 1952 1312 2005 exq.
1341 1946 1548 1988 serram
1581 1933 1785 1986 Zulich.
1821 1951 1886 1985 ex
1918 1943 2139 2005 mterpr.

981 1660 1220 1724 (movere
1266 1656 1539 1724 scripsisse
1591 1654 1869 1725 Virgilium
1918 1667 2069 1726 putat
2117 1657 2332 1711 Wakef.
2380 1658 2452 1709 utl

1016 1728 1088 1782 93
1123 1738 1178 1778 et
1214 1726 1368 1777 deest
1398 1725 1553 1782 Leid.
1604 1735 1660 1776 et
1713 1725 1930 1778 Oudart.
2001 1727 2076 1778 ad
2119 1744 2293 1778 auras
2342 1727 2448 1780 ali-

208 1806 322 1865 quot
354 1798 490 1852 Pier.
526 1814 639 1849 sec.
673 1797 858 1849 Hamb.
896 1806 952 1847 et
992 1796 1151 1849 Witt.
1221 1814 1271 1847 v.
1304 1813 1463 1865 supra
1498 1815 1549 1847 v.
1581 1795 1672 1850 40.

502 1868 778 1936 (Ceterum
811 1866 917 1917 vid.
953 1867 1021 1930 Q.
1055 1868 1122 1916 V.
1158 1865 1200 1929 1,
1234 1867 1287 1919 2.
1328 1868 1414 1919 W
1406 1866 1475 1932 r.)

1809 1794 1880 1849 94
1916 1795 1985 1845 de
2032 1797 2204 1865 stirpe
2248 1794 2452 1867 aliquot

1611 1866 1683 1919 95
1727 1866 1877 1915 laeta
1921 1882 2008 1946 pr.
2049 1865 2302 1919 Rottend.
2351 1885 2450 1936 pro

2278 1935 2454 1992 98a1»

1365 2146 1508 2224 site,
1575 2146 2024 2227 provolvimus-5
2097 2147 2453 2207 Lucretiano

1368 2232 1656 2310 loquendi
1681 2251 1866 2292 more.

1454 2316 1538 2383 94
1562 2351 1648 2365 --
1675 2322 1777 2384 98.
1821 2318 2185 2394 Graculum,
2244 2338 2455 2398 magna

1369 2424 1508 2465 cum
1580 2414 1712 2464 arte
1766 2403 1968 2465 verbis
2032 2404 2455 2482 sententiisque

1369 2490 1660 2570 ambiguis
1689 2500 1751 2550 et
1779 2490 2048 2550 obscuris
2078 2498 2455 2571 conceptum,

1373 2578 1637 2651 ltaliam,
1708 2576 1871 2637 unde
1914 2578 2229 2637 Dardanus
2276 2577 2458 2655 origi-

1376 2682 1513 2722 nem
1561 2661 1783 2721 habere
1822 2663 2157 2738 serebatur,
2197 2663 2459 2742 respicit,

1376 2747 1502 2808 vid.
1542 2748 1648 2807 inf.
1685 2752 1831 2814 168:
1879 2757 2058 2827 atque
2096 2746 2241 2807 hinc
2284 2750 2461 2806 Dar-

1375 2834 1642 2892 danidas
1657 2877 1676 2909 ,
1722 2853 1848 2894 non
1899 2837 2150 2893 Teucros
2191 2842 2299 2893 aut
2345 2832 2460 2892 alio

1375 2919 1649 2994 nomine,
1722 2939 1887 2978 nunc
1939 2920 2265 3000 appellatos
2324 2918 2463 2977 vult

1375 3004 1641 3065 Macrob.
1671 3005 1696 3063 1
1728 3005 1791 3063 in
1823 3007 1921 3063 So.
1949 3006 2106 3085 Scip.
2132 3010 2172 3070 7
2202 3014 2264 3063 et
2292 3006 2460 3064 Serv.

1377 3092 1456 3151 ad
1481 3089 1545 3151 h.
1575 3091 1616 3150 l.
1668 3090 1828 3166 duri,
1855 3091 2091 3151 labores
2117 3099 2211 3150 tot
2241 3110 2461 3170 exper-

1378 3180 1457 3252 ti,
1500 3171 1972 3258 πολυτλήμονες.
2069 3177 2230 3235 Uber
2277 3190 2464 3235 ten-ae

1384 3263 1633 3341 antiqua
1662 3262 1947 3342 loquendi
1972 3264 2165 3323 forma
2187 3262 2253 3322 iu
2275 3282 2465 3322 orna-

1384 3359 1513 3408 tum
1530 3369 1724 3427 versa,
1752 3369 1812 3410 v.
1843 3348 1920 3408 ad
1950 3349 1994 3425 l,
2027 3351 2173 3424 581,
2201 3347 2263 3408 b.
2293 3349 2329 3407 l.
2352 3368 2466 3428 pro

1381 3434 1693 3514 ipsosolo.
1778 3435 1998 3494 Versus
2035 3439 2137 3501 97.
2162 3439 2245 3499 98
2288 3435 2468 3494 nobi..
2563 3460 2568 3473 ·

1385 3520 1591 3579 lissimi
1630 3520 1719 3579 illi
1760 3519 2062 3579 Homerici
2114 3529 2259 3580 sunt
2298 3520 2467 3579 Iliad.

1384 3630 1445 3681 v,
1470 3610 1614 3670 307.
1642 3609 1767 3670 308
1814 3610 1956 3668 Νῦν
1994 3602 2064 3668 δὲ
2103 3602 2178 3686 δὴ
2216 3607 2468 3670 Αἰνείαο

1388 3692 1495 3774 βίη
1539 3686 1841 3774 Τρώεσσιν
1872 3685 2118 3769 vivifiea,
2165 3692 2294 3755 Καὶ
2329 3697 2463 3755 παῖ-

1388 3780 1490 3851 δες
1527 3777 1799 3851 παίδων,
1854 3777 1951 3839 τοί
1997 3799 2103 3840 κεν
2147 3772 2471 3857 μετὸπισθε
2528 3781 2530 3784 ⁴

1384 3862 1707 3946 γένωνται,
1780 3881 1857 3922 ex
1906 3863 2170 3943 Neptuni
2217 3883 2471 3945 persona

1389 3948 1572 4026 dicti3
1622 3969 1785 4009 nunc
1839 3949 2197 4025 feliciterjn
2248 3961 2472 4012 sortem

1387 4036 1681 4116 Apollinis
1710 4036 1883 4096 versi.
1954 4036 2337 4112 Memorabile
2363 4046 2473 4112 est,

1392 4122 1559 4201 quod
1596 4121 1657 4182 h.
1706 4122 1744 4181 l.
1790 4121 2036 4182 Servius
2077 4121 2312 4182 babetz·
2357 4123 2474 4182 Or-

1380 4209 1545 4287 pheo
1580 4207 1749 4269 hunc
1792 4207 2182 4268 Homericum
2236 4227 2476 4269 versum

1395 4295 1656 4355 alterum
1715 4315 1836 4353 esse
1890 4294 2213 4354 sublatum.
2319 4296 2477 4353 Item

1405 4379 1682 4461 Orpheus
1740 4381 1813 4439 de
1867 4380 2111 4441 oraculo
2170 4379 2478 4458 Apollinis
