2882 5028
60 1583 79 1646 Ι

86 2079 95 2120 ἱ

89 3894 135 4223 ...ο-ιιι-’ΛὶΓ
84 3858 89 3863 ”

815 347 1006 420 AD
1111 346 1766 422 LIBRUM
1869 348 1957 421 11
2374 358 2526 432 393

238 544 381 595 mm
411 534 492 593 ab
520 534 790 595 Admeto
819 534 1046 615 Argivo
1091 535 1157 596 in
1194 556 1393 616 pugna
1431 545 1732 597 nocturna
1772 534 1882 620 (sc.
1928 557 2079 616 quae
2127 549 2298 619 capta
2348 541 2530 602 Troia

238 622 408 681 sacta
434 620 558 703 est)
579 666 596 697 ,
643 631 705 679 et
728 621 1129 702 Lycomedem
1155 624 1433 682 Creontis
1465 624 1506 682 s.
1540 623 1615 681 ab
1641 623 1940 703 Agenore;
1986 623 2269 684 Aethram
2308 647 2343 684 a
2390 627 2526 687 filiis

240 707 552 786 agnitam3
598 709 1025 787 Astyanactem
1049 708 1123 767 de
1152 709 1309 768 turri
1356 708 1688 786 deiectum3
1749 709 1982 768 Aeneae
2021 730 2278 770 uxorem
2323 713 2528 792 Eury-

242 792 461 868 dicen5
504 793 854 873 Astynoum
886 815 920 853 a
950 794 1335 875 Neoptolemo
1361 796 1776 871 intersectum3
1816 794 2194 855 Helicaonem
2222 798 2287 855 in
2319 799 2527 858 eadem

242 882 639 1024 νυκτομαχίῗ
667 881 1085 956 vulneratum,
1129 880 1415 940 Eioneum
1460 900 1698 940 caesum
1743 902 1775 937 a
1819 881 2239 961 Neoptolemo,
2299 884 2527 943 Adme-

196 1021 199 1024 Α
230 974 387 1024 1οω
416 985 453 1021 a
489 964 604 1024 Phi
632 976 864 1043 octete3
907 966 1243 1026 Coroebum
1274 987 1306 1024 a
1339 966 1657 1043 Diomede3
1700 967 2003 1030 Priamum
2047 968 2122 1026 ab
2156 989 2258 1028 ara
2289 969 2526 1029 abstra-

241 1059 424 1110 ctum
470 1061 535 1109 et
576 1061 718 1110 ante
756 1054 919 1112 fores
965 1071 1202 1111 caesum
1258 1073 1290 1110 a
1336 1053 1760 1131 Neoptolemo;
1816 1052 2149 1128 Axionem,
2209 1055 2427 1114 Priami
2467 1058 2525 1131 s.,

243 1136 329 1195 ab
371 1138 732 1218 Eurypylo,
776 1141 1109 1218 Agenorem
1137 1159 1171 1196 a
1202 1137 1612 1220 Neoptolemo.
1702 1140 1886 1213 Quod
1911 1140 1960 1197 si
2003 1139 2160 1199 idem
2205 1141 2526 1200 Pausanias

180 1229 201 1242 ⁴
240 1222 505 1282 Iaescbei
534 1223 785 1285 Iliadem
816 1244 1069 1306 parvam
1103 1242 1371 1283 seorsum
1412 1233 1742 1301 memorat,
1795 1233 1865 1284 ut
1912 1244 1963 1283 c.
2002 1230 2087 1292 26
2130 1245 2224 1306 pr.
2272 1246 2330 1305 p.
2377 1231 2526 1303 862,

245 1309 596 1369 seiunctam
630 1308 794 1371 hanc
827 1319 1067 1392 partem
1113 1311 1392 1370 carminis
1433 1331 1471 1369 a
1514 1310 1748 1390 reliquo
1800 1330 2053 1392 corpore
2095 1330 2233 1371 eum
2273 1310 2527 1372 habuis-

240 1413 312 1453 ’e
357 1405 640 1562 ⁸ngsed⁸
662 1481 879 1556 Euseb.
915 1479 1268 1562 Hieronymi
1308 1481 1593 1542 MCCLIV
1635 1480 1884 1541 Ανσιίιιο
1932 1482 2182 1541 Milesio
2202 1526 2221 1557 ,
2282 1492 2526 1564 praeter

684 1549 719 1580 *1

248 1567 694 1646 Aethiopidem
712 1613 730 1644 ,
795 1568 870 1629 de
905 1590 1027 1648 qua
1066 1589 1127 1629 v.
1164 1569 1416 1628 Excurs.
1454 1567 1603 1626 XIX
1647 1566 1724 1626 ad
1771 1568 1818 1643 I,
1876 1565 2025 1643 489,
2061 1567 2354 1629 tribuitur
2412 1570 2528 1629 Ilia·

194 1699 211 1738 ὀ
246 1658 527 1713 muana
568 1648 785 1734 (Ἰλίου
815 1653 1069 1737 πέρσις).
1155 1656 1305 1713 Cum
1352 1673 1528 1713 nemo
1573 1652 1723 1711 alius
1762 1652 1945 1713 huius
1987 1654 2267 1712 carminis
2310 1655 2524 1713 memi-

249 1740 446 1814 uerit,
492 1740 846 1821 interpolati
866 1741 1221 1819 Hieronymi
1252 1740 1401 1799 levis
1427 1739 1758 1799 auctoritas
1803 1758 1930 1798 esse
1957 1740 2171 1818 possit:
2215 1760 2352 1799 nam
2397 1741 2526 1799 sive

240 1845 331 1883 ex
368 1826 681 1906 margine,
752 1846 873 1905 quo
915 1827 1049 1906 quis
1098 1825 1301 1885 similis
1339 1825 1620 1885 carminis
1663 1833 1795 1882 erat
1834 1824 2222 1898 recordatus,
2280 1826 2404 1884 sive
2448 1844 2523 1884 ex

249 1911 764 1992 interpretatione
818 1911 1226 1992 Aethiopidis,
1295 1910 1604 1991 irrepsisse
1660 1909 1857 1970 videri
1900 1919 2116 1990 potest.
2207 1912 2524 1971 Enimvero

253 2017 499 2056 omnem
529 1998 971 2058 dubitationem
1001 1997 1166 2057 tollit
1209 1997 1403 2057 Procli
1447 1998 1849 2075 fragmentum
1895 2016 1927 2055 e
1967 1995 2328 2055 bibliotheca
2374 1999 2525 2057 Soo-

254 2084 535 2160 rialensi,
580 2085 646 2143 in
676 2104 801 2163 quo
835 2092 1249 2164 argumentum
1276 2077 1469 2146 ’Πίου
1495 2081 1782 2161 πέρσιδος
1810 2076 1876 2163 β’
1912 2075 2224 2163 Ἀρκτίνου
2259 2083 2524 2143 breviter

256 2170 610 2250 exponitur.
700 2171 1091 2252 complexum
1118 2168 1275 2227 illud
1310 2178 1439 2228 erat
1463 2167 1634 2227 libris
1668 2167 1723 2226 11
1761 2157 2078 2227 novissima
2110 2169 2352 2243 Troiae,
2381 2170 2524 2229 inde

260 2254 336 2313 ab
367 2275 525 2334 equo
554 2251 823 2316 Troiano
857 2256 932 2314 ab
957 2255 1197 2315 Achivis
1225 2255 1436 2314 relicto
1453 2299 1470 2327 ‚
1516 2262 1578 2312 et
1609 2253 1878 2313 substitit
1903 2254 2015 2313 sub
2044 2255 2306 2315 reditum
2333 2254 2523 2314 Achi-

260 2361 499 2402 vorum.
590 2342 982 2402 Conveniunt
1020 2343 1304 2422 pleraque
1344 2361 1483 2399 cum
1519 2338 1843 2418 virgiliana
1889 2339 2262 2418 narratione,
2317 2341 2407 2400 ita
2451 2349 2524 2401 ut

261 2436 528 2488 statuere
552 2429 770 2505 liceat,
802 2423 944 2487 =eam
975 2428 1051 2487 ad
1082 2426 1311 2486 Arctini
1343 2420 1533 2488 Ἰλίου
1565 2424 1820 2504 nepetam
1842 2426 2100 2484 maxime
2129 2445 2254 2484 esse
2303 2427 2523 2487 adum-

258 2514 516 2575 bratam.
611 2517 705 2574 Ex
743 2535 807 2573 ea
838 2513 1182 2588 etiamilla,
1228 2533 1381 2591 quae
1420 2532 1499 2570 ex
1527 2510 1776 2571 Arctino
1816 2511 2055 2591 Dionys.
2102 2511 2292 2573 Halic.
2336 2513 2437 2574 lib.
2477 2514 2524 2589 1,

257 2621 309 2660 c.
338 2605 445 2666 68.
475 2605 587 2678 69,
619 2601 699 2659 de
727 2596 991 2661 Palladio
1023 2609 1378 2673 narrantur,
1422 2600 1490 2658 in
1516 2596 1636 2657 hoc
1663 2599 1925 2657 carmine
1950 2599 2151 2658 locum
2173 2620 2349 2663 suum
2372 2600 2524 2658 bene

256 2686 483 2747 habere
524 2696 803 2768 potuere.
889 2686 1216 2746 Suboritur
1249 2685 1412 2744 inter
1451 2682 1602 2742 baec
1638 2684 1924 2763 suspicio,
1986 2705 2108 2744 non
2148 2685 2321 2744 aliam
2367 2686 2525 2744 forte

265 2774 444 2833 fuisse
466 2768 661 2835 Ἰλίου
690 2772 907 2855 πὲρσιν
939 2771 1263 2832 Pausaniae
1294 2771 1406 2829 sub
1431 2767 1670 2829 Leschei
1698 2770 1938 2828 nomine
1962 2769 2267 2830 laudatam
2284 2814 2301 2845 ,
2345 2791 2526 2850 quam

270 2856 435 2917 hanc
461 2860 647 2937 ipsam
686 2859 921 2919 Arctini
947 2859 1188 2918 nomine
1233 2855 1398 2937 apud
1434 2855 1717 2915 Proclum
1753 2855 2138 2935 inscriptam:
2194 2877 2334 2915 nam
2376 2877 2525 2915 cou-

280 2943 546 3004 tinuatur
569 2948 635 3005 in
674 2965 745 3004 ea
775 2945 1046 3005 narratio
1074 2944 1275 3003 Iliadis
1300 2961 1524 3021 parvae
1548 2960 1738 3020 usque
1764 2941 1842 3000 ad
1870 2941 2024 3019 Equi
2054 2942 2116 2999 in
2158 2942 2371 3000 urbem
2415 2941 2525 3000 de-

283 3028 616 3091 ductionem
642 3032 1012 3113 perductae3
1056 3039 1118 3089 et
1143 3029 1208 3088 in
1235 3028 1465 3088 Tabula
1496 3027 1674 3087 Iliaca
1697 3027 1878 3087 solius
1899 3025 2142 3085 Leschei
2175 3046 2395 3086 nomen
2440 3035 2528 3086 est

277 3117 643 3197 appositum,
693 3126 832 3177 cu'm
860 3126 1064 3176 tamen
1082 3117 1277 3177 ’Πίου
1305 3113 1515 3196 πέρσις
1540 3133 1820 3194 expressa
1847 3132 1971 3172 esse
2001 3113 2302 3173 videatur.

439 3204 760 3280 Sacadae,
806 3223 967 3277 non,
1011 3208 1083 3261 ut
1109 3201 1288 3279 vulgo
1325 3199 1569 3277 legitur,
1613 3200 1832 3275 Aeaei,
1880 3198 2118 3278 Argivi,
2161 3192 2351 3261 Ἰλίου
2380 3197 2527 3281 πέρ-

271 3309 369 3352 σιν
409 3308 485 3349 ex
530 3288 843 3348 Athenaeo
881 3288 1044 3363 xm,
1084 3307 1144 3368 p.
1189 3289 1316 3352 610
1361 3287 1424 3344 C.
1463 3282 1567 3365 (cf.
1607 3284 1894 3347 Maussac.
1945 3285 2025 3343 ad
2066 3283 2423 3365 Harpocrat.
2463 3287 2526 3345 in

267 3372 582 3457 καθελών)
631 3375 964 3435 laudarunt
999 3372 1119 3431 iam
1171 3371 1303 3445 alii,
1359 3371 1542 3429 etiam
1583 3371 1834 3431 Ursinus
1874 3371 1955 3431 ad
1997 3371 2202 3450 virgil.
2271 3372 2527 3431 Carmen

268 3461 414 3521 illud
439 3462 711 3542 lyricum
740 3460 919 3521 suisse
948 3459 1157 3518 credo:
1208 3478 1347 3516 nam
1377 3456 1494 3515 suit
1523 3457 1623 3516 ille
1653 3457 1930 3517 musicus.
2015 3457 2253 3517 Primus
2289 3453 2360 3520 τό
2406 3482 2524 3518 πυ-

271 3544 457 3612 aaz&
486 3544 734 3623 αὔλημα
771 3543 1003 3627 ηὔλησε
1054 3542 1325 3623 Delphis:
1366 3543 1540 3602 Paus.
1581 3542 1655 3618 11,
1701 3548 1805 3616 22,
1848 3541 2012 3622 quod
2044 3544 2272 3603 factum
2319 3543 2528 3623 primis

269 3636 470 3694 statim
481 3633 723 3715 Pythiis
747 3630 842 3693 ol.
868 3631 1128 3705 XLVIII,
1148 3633 1187 3693 8
1220 3640 1281 3689 et
1310 3629 1514 3688 alteris
1542 3629 1636 3688 Ol.
1664 3630 1731 3703 L,
1757 3634 1830 3693 3:
1860 3649 1916 3688 v.
1940 3628 2112 3688 Paua.
2129 3629 2208 3704 X,
2223 3634 2286 3705 7,
2299 3649 2357 3708 p.
2382 3628 2526 3694 814.

272 3722 482 3780 Statua
512 3720 642 3780 eius
669 3719 1009 3799 ingentibus
1034 3736 1171 3776 cum
1198 3716 1359 3775 tibiis
1387 3714 1455 3774 in
1493 3713 1778 3774 Helicone
1803 3715 2032 3775 stabat:
2075 3714 2250 3777 Paus.
2288 3715 2394 3790 lx,
2424 3718 2528 3789 30,

270 3825 329 3886 p.
372 3809 519 3871 768.
611 3805 933 3867 Excidium
980 3803 1070 3863 Ilii
1108 3822 1234 3874 non
1271 3802 1472 3861 minus
1509 3802 1850 3882 persequuti
1895 3800 2213 3876 videntur,
2293 3801 2399 3878 qui
2454 3797 2528 3862 τὰ

281 3889 519 3972 Tamtu&
571 3892 912 3952 condidisse
956 3897 1315 3964 narrantur,
1378 3888 1543 3946 inter
1586 3907 1738 3964 quos
1778 3888 2079 3967 &agr-us,
2135 3885 2243 3946 vix
2285 3885 2529 3959 dixeris,

275 3998 387 4055 qus
427 3978 585 4053 fide,
643 3978 918 4038 omnium
958 3975 1188 4056 primus
1230 3974 1351 4032 iam
1396 3981 1538 4032 ante
1579 3971 1909 4033 Homerum
1952 3981 2371 4054 argumentum
2411 3970 2530 4032 hoc

274 4072 557 4124 metasse
584 4065 898 4124 serebatur
919 4107 936 4138 ,
979 4082 1094 4122 sec.
1126 4060 1347 4120 Aelian.
1380 4058 1452 4119 V.
1476 4058 1554 4119 H.
1582 4058 1740 4137 xlv,
1782 4064 1899 4137 213
1937 4059 2013 4119 de
2051 4058 2297 4138 reliquis
2346 4063 2529 4143 Τρωϊ-

274 4154 399 4214 nair
431 4152 786 4212 auctoribus
819 4168 1001 4229 supra
1029 4147 1257 4207 dictum
1289 4154 1398 4205 est.

435 4237 627 4299 Fuere
683 4250 749 4299 et
808 4233 1176 4314 Tragoedias
1232 4230 1449 4292 Troiae
1501 4230 1801 4291 excidium
1863 4231 2045 4291 titulo
2090 4231 2528 4311 praeferentes:

272 4321 360 4382 uti
388 4322 703 4407 Iophontis
733 4317 935 4386 ’mov
963 4318 1173 4403 πέρσις
1196 4316 1355 4399 apud
1388 4315 1555 4378 Suid.
1585 4314 1646 4376 h.
1679 4337 1740 4377 v.
1768 4335 1844 4376 ex
1887 4325 2051 4378 certa
2092 4316 2367 4377 virorum
2415 4312 2530 4372 do-

148 4488 169 4519 ,
273 4418 494 4474 ctutum
523 4408 983 4474 emendatione.
1068 4404 1273 4483 Neque
1312 4401 1661 4463 Nicomachi
1703 4402 1928 4485 Πέρσις
1969 4398 2013 4483 ἢ
2060 4398 2370 4480 Πολυξένη
2413 4397 2530 4457 alio
