2882 5028
560 378 1174 459 AENEIDOS
1228 380 1448 458 LIB.
1500 380 1634 475 IV,
1687 386 2122 462 369—380

199 567 603 646 Amissam
631 564 992 663 classem,
1045 567 1304 642 socios
1335 592 1379 643 a
1413 578 1676 643 morte
1705 565 1999 646 reduxi.

198 675 392 748 Heu
426 666 651 745 furiis
685 670 1004 746 incensa
1031 667 1288 749 seror!

2309 386 2464 465 653

1391 676 1624 748 Nunc
1655 692 1902 768 augur
1925 670 2244 770 Apelle,
2309 573 2463 652 376

198 781 441 853 Nunc
471 773 749 871 Lyciae
778 786 1071 868 sortes»,
1123 797 1339 850 nunc
1367 787 1448 848 et
1472 776 1663 849 Iove
1702 773 1983 848 missus
2007 772 2104 848 ab
2140 776 2315 876 ipso

93 904 100 909 ·
204 883 618 978 Interpres
644 875 917 952 divom
949 874 1109 953 fert
1139 874 1464 952 horrida
1492 877 1693 952 iussa
1736 900 1884 977 per
1914 900 2156 959 auras,

212 980 533 1058 Scilicet
562 982 626 1055 is
666 982 989 1081 Superis
1014 980 1244 1056 labor
1276 993 1427 1074 est3
1479 1003 1567 1055 ea
1598 1003 1780 1055 cura
1811 979 2122 1079 quietos

212 1083 620 1162 Sollicitat.
682 1087 967 1186 Neque
1000 1095 1082 1161 te
1111 1097 1392 1181 tenen,
1436 1106 1705 1184 neque
1737 1080 1942 1158 dicta
1969 1078 2278 1163 refello,
2309 1091 2463 1165 380

320 1226 493 1302 375.
548 1242 851 1319 seems,

1053 1228 1154 1301 37
1158 1231 1225 1303 6.
1276 1223 1555 1297 Funus

355 1410 460 1466 375
493 1411 734 1463 Eiectum
758 1411 825 1464 el.
855 1410 1019 1464 Prisc.
1045 1409 1142 1465 lib.
1167 1413 1266 1466 vn
1306 1419 1362 1464 et
1404 1428 1519 1494 sup.
1553 1428 1723 1464 versu.
1794 1409 2012 1463 classim
2050 1409 2155 1463 duo
2190 1408 2372 1462 Heius.
2406 1427 2457 1461 v.

208 1497 334 1549 sup.
366 1480 435 1532 ad
458 1481 547 1545 111,
576 1482 628 1536 5.
698 1482 976 1550 sociosque
1000 1480 1116 1547 vel,
1151 1495 1207 1533 et
1244 1500 1289 1533 s.
1328 1481 1507 1545 multi,
1555 1492 1612 1533 ut
1653 1481 1793 1533 solet
1832 1478 2023 1550 copula
2065 1479 2201 1531 male
2247 1479 2462 1531 intrudi.

206 1551 403 1602 Potest
429 1548 516 1600 hic
541 1567 719 1600 versus
749 1561 873 1619 post
905 1551 1231 1620 superiorem
1258 1549 1559 1617 languidior
1584 1549 1781 1601 videri:
1833 1549 2007 1619 itaque
2045 1551 2146 1601 lac.
2173 1551 2370 1616 Bryant
2394 1549 2461 1600 V.

210 1619 271 1671 C.
311 1636 430 1669 eum
457 1617 740 1670 delendum
767 1637 883 1671 esse
909 1621 1174 1672 censebat.
1246 1622 1389 1688 (Non
1416 1620 1634 1687 languet
1667 1620 1755 1671 hic
1794 1636 2002 1681 versun
2048 1618 2462 1670 commodissime

211 1688 359 1741 enim
386 1687 601 1740 classem
627 1688 902 1758 sociosque
928 1707 959 1740 a
989 1707 1047 1740 se
1074 1699 1309 1741 servatos
1352 1698 1725 1740 commemorat
1754 1687 1892 1738 Dido
1910 1726 1927 1752 ,
1974 1688 2160 1758 quibus
2202 1688 2460 1739 destituto

207 1762 424 1810 Aeneae
451 1775 517 1808 ne
553 1756 789 1809 licuisset
815 1757 1020 1829 quidem
1050 1757 1216 1828 ipsam
1246 1759 1491 1810 deserere
1521 1757 1822 1825 Italiamque
1853 1768 2051 1825 petere.
2086 1756 2237 1809 Ovid.
2270 1759 2367 1827 Ep.
2395 1757 2460 1820 11,

209 1826 285 1882 45
312 1844 394 1895 sq.
431 1844 461 1877 a
488 1825 631 1877 Iahn.
658 1826 831 1879 laud.:
868 1833 971 1893 „At
1004 1826 1201 1880 laceras
1230 1827 1385 1879 etiam
1413 1845 1618 1898 puppes
1649 1827 1848 1878 furiosa
1868 1826 2058 1890 refeci,
2094 1828 2188 1892 Ut,
2222 1843 2323 1896 qua
2359 1826 2461 1877 de-

211 1913 454 1959 sererer,
499 1895 649 1947 firma
698 1895 873 1949 carina
923 1897 1120 1948 foret.“
1177 1900 1263 1950 W
1255 1897 1320 1964 r.)

210 1966 423 2018 minore
445 1964 598 2017 litera
619 1964 840 2030 initiali,
868 1976 1014 2018 recte
1053 1966 1311 2036 scripsere
1346 1965 1630 2020 Wunder-l·
1666 1975 1721 2016 et
1759 1964 1907 2016 Jahn.
1965 1965 2107 2033 Wr.)

211 2035 373 2088 abest
395 2053 429 2086 a
462 2035 647 2086 Franc.
699 2033 768 2086 ab
792 2036 907 2088 aleo
932 2035 1024 2088 alt.
1052 2036 1239 2087 Hamb.
1267 2053 1381 2088 cum
1403 2036 1530 2087 Exc.
1558 2036 1729 2086 Burm.
1752 2052 1799 2084 ν.
1826 2052 1941 2103 sup.
1965 2036 2087 2089 356.

1473 1898 1579 1953 376
1629 1908 1825 1948 auctor
1856 1901 1926 1949 A.
1963 1897 2169 1964 Hagen.
2239 1898 2259 1964 (
2308 1896 2460 1962 ariis,

2223 1964 2464 2088 3γέᾝέ

212 2123 340 2158 rum
366 2102 484 2173 sert
512 2103 676 2156 Goth.
704 2122 809 2156 sec.
877 2104 929 2156 l».
958 2104 1106 2157 dicta
1131 2103 1323 2157 Medic.
1348 2114 1401 2156 et
1421 2105 1591 2157 Colot.
1621 2102 1818 2156 Ursini.
1855 2103 2018 2185 §quod
2060 2120 2247 2154 vereor
2288 2120 2354 2154 ne
2381 2119 2463 2184 ’ex

210 2173 404 2225 ultima
426 2173 724 2243 praegressi
745 2190 858 2226 voc.
881 2172 1085 2242 syllaba
1113 2183 1285 2225 ortum
1320 2174 1417 2235 sit;
1466 2184 1587 2225 sunt
1619 2182 1791 2224 autem
1824 2171 1880 2224 lu
1923 2172 2027 2224 duo
2060 2173 2268 2225 codices
2308 2188 2459 2224 unius

209 2242 400 2296 instar.
445 2244 587 2310 Wr.)
652 2242 848 2294 Eadem
869 2243 1093 2294 varietas
1126 2261 1240 2314 sup.
1264 2262 1313 2293 v.
1342 2244 1464 2298 226.

1601 2243 1708 2297 379
1758 2242 1847 2293 his
1885 2244 1944 2293 S.
1980 2240 2119 2310 vulg.
2161 2250 2284 2294 ante
2321 2241 2459 2294 Pier.

211 2323 271 2365 et
316 2311 396 2363 sie
439 2312 645 2382 aliquot
684 2312 838 2364 codd.
878 2330 963 2381 ap.
1007 2312 1187 2364 Heins.
1257 2312 1346 2363 Iu’o
1384 2312 1587 2364 Probus
1626 2322 1681 2364 et
1731 2309 1907 2363 Schol.
1959 2311 2113 2363 Statii
2164 2328 2249 2381 ap.
2306 2310 2460 2363 eund.

208 2383 444 2434 Versum
476 2383 669 2434 Fuscus
694 2380 951 2433 recitabat
975 2382 1114 2451 apud
1144 2387 1395 2435 Senecam
1432 2386 1641 2434 suasor.
1681 2400 1734 2450 p.
1774 2380 1860 2434 31.
1933 2381 2174 2444 (Scilicet
2213 2380 2460 2451 superio-

209 2450 367 2503 ribus
394 2450 633 2522 adiungit
660 2450 873 2505 Wakef.
915 2454 997 2505 W
990 2451 1058 2522 r.)

212 2630 356 2670 sum
398 2608 467 2668 in
505 2607 600 2668 his
644 2608 898 2688 querelis
940 2607 1015 2668 de
1049 2606 1303 2688 perfidia

212 2705 279 2756 et
300 2696 542 2774 ingrato
569 2695 785 2756 animo.
854 2696 1133 2754 Ceterum
1160 2702 1301 2753 ante

214 2781 429 2841 oculos
495 2780 672 2840 fuisse
739 2779 984 2840 videtur
1037 2780 1301 2860 primum

211 2867 475 2946 Calypso
495 2865 712 2945 Odyss.
753 2887 801 2942 ε,
843 2869 966 2932 130
1001 2885 1121 2943 sq.,
1165 2873 1301 2925 tum

210 2950 526 3031 Euripidis
580 2950 787 3010 Medea
835 2970 899 3011 v.
969 2948 1096 3015 476
1149 2969 1298 3028 sqq„

211 3040 382 3098 sorte
411 3046 475 3096 et
509 3035 773 3096 Ariadne
809 3034 1029 3095 Catulli
1060 3034 1123 3095 in
1156 3035 1302 3115 Epi-

212 3123 368 3183 thal.
431 3121 552 3188 149
604 3141 731 3200 sqq.
819 3117 1094 3202 (eiectum
1134 3123 1303 3179 litore

211 3229 335 3290 pro
361 3210 428 3266 in
455 3209 597 3266 litus
618 3207 952 3266 notandum
977 3224 1099 3264 esse
1126 3205 1305 3265 docui

214 3294 298 3355 ad
338 3291 487 3352 Aen.
532 3291 633 3368 111,
670 3295 815 3357 292.
870 3291 1125 3351 Ovidius
1162 3291 1301 3354 Met.

209 3378 384 3453 xm,
414 3379 560 3445 536.
601 3380 820 3436 eiectus
843 3379 910 3436 in
936 3377 1102 3436 litote
1130 3376 1304 3437 dixit.

118 3532 134 3545 ι
223 3460 451 3545 Wch.)
482 3467 657 3541 regni
682 3465 978 3540 isuper-te.-
1004 3482 1134 3542 sup.
1165 3459 1311 3527 214.

184 3551 534 3621 νιίιπηὶηιιιηι
583 3548 834 3608 Aenean
870 3550 936 3605 in
980 3569 1172 3625 mgna
1215 3568 1312 3605 re-

218 3637 407 3714 cepit.
457 3635 751 3693 amissam
760 3633 1013 3691 classem
1028 3652 1312 3692 sc.reno-

217 3720 368 3782 vavi
410 3727 473 3778 et
497 3719 730 3777 reduxi.
769 3719 934 3777 Ser-v.
956 3741 981 3790 ;
1041 3718 1305 3794 classem,

216 3823 379 3886 quae
409 3804 474 3864 in
500 3823 737 3865 summo
778 3802 1117 3863 discrimine
1159 3823 1304 3863 ver-

217 3891 501 3966 sabatur,
545 3889 762 3949 utiam
785 3908 898 3968 pro
937 3889 1146 3948 amissa
1188 3886 1305 3947 ha-

216 3977 352 4036 beri
389 3982 626 4057 posset,
684 3994 810 4034 una
851 3994 989 4034 cum
1031 3974 1304 4035 Troianis

220 4063 304 4122 ad
329 4062 462 4122 loca
488 4068 627 4120 tuta
653 4059 863 4119 reduci
896 4060 1058 4121 iussi.
1144 4059 1307 4142 (Noli

217 4147 347 4208 huc
388 4146 727 4225 zeugmatis
759 4145 1008 4224 figuram
1040 4144 1307 4206 advoca-

217 4253 323 4310 re,
364 4232 654 4292 convenit
681 4228 799 4291 hoc
823 4232 1175 4311 perturbato
1204 4232 1306 4291 su-

217 4318 518 4380 ribundae
576 4315 823 4376 Didonis
880 4317 1111 4393 animo,
1166 4336 1309 4376 sen-

218 4404 444 4481 tentias
485 4410 768 4483 cognatas
807 4401 895 4463 ita
933 4401 1141 4462 efferre
1161 4445 1180 4479 ,
1237 4410 1309 4463 ut

1196 2452 1304 2507 380
1337 2450 1608 2504 Sollicitet
1632 2450 1767 2504 alter
1795 2449 1985 2502 Hamb.

1383 2608 1648 2668 Verbum
1700 2607 1780 2667 ad
1836 2607 2099 2689 priorem
2138 2607 2459 2689 pertinens,

1381 2697 1624 2753 servavi
1637 2736 1656 2769 ‚
1717 2693 2064 2774 supprimat.
2120 2694 2229 2753 cfr.
2282 2694 2461 2754 etiam

1381 2798 1502 2839 vas.
1534 2782 1869 2844 376—78.
1900 2776 2071 2860 W.)
2145 2781 2295 2839 Cum
2312 2778 2463 2839 haec

1383 2874 1790 2924 enumerasset
1831 2864 1897 2923 in
1937 2862 2196 2924 Aeneam
2248 2866 2462 2925 merita

1382 2970 1456 3009 ac
1480 2948 1766 3009 beneficia
1790 2968 1892 3008 sua
1911 2992 1928 3024 ,
1971 2949 2178 3010 dolore
2203 2958 2266 3011 et
2293 2950 2462 3010 furiis

1381 3044 1588 3094 tantae
1615 3034 1731 3094 viri
1753 3033 2040 3113 perfidiae
2060 3053 2275 3095 amens
2314 3035 2463 3094 sub-

1383 3120 1542 3180 iicit:
1582 3122 1730 3179 Heu
1751 3118 1945 3198 furiis
1979 3123 2222 3180 inc-enm
2242 3121 2461 3201 jer-or!

1382 3208 1560 3266 Nunc
1589 3205 1959 3284 aliquamdiu
1998 3206 2270 3267 oratione
2312 3206 2461 3266 sub-

1385 3292 1592 3351 sistere
1646 3290 1947 3371 putanda3
2013 3291 2170 3352 sicut
2217 3291 2461 3352 omnino

1385 3396 1494 3458 per
1513 3376 1826 3437 intervalla
1852 3377 2113 3458 singulae
2135 3378 2464 3437 sententiae

1379 3461 1880 3544 pronuntiandae.
2003 3462 2279 3544 Inprimis
2344 3461 2464 3537 hoe

1391 3547 1721 3609 tenendum
1758 3568 1818 3608 v.
1860 3550 1986 3612 380
2024 3558 2084 3607 et
2111 3558 2252 3628 post
2273 3552 2418 3614 881.

1467 3636 1613 3698 378.
1643 3636 1786 3698 379.
1827 3633 2071 3693 horrida
2098 3636 2289 3709 issara,
2320 3633 2461 3713 qui-

1366 3714 1499 3779 bus
1527 3737 1734 3799 parere
1760 3718 1971 3797 aliquis
1998 3716 2249 3780 horreat
2276 3719 2462 3780 adeo-

1385 3823 1504 3883 que
1532 3802 1822 3864 hactenus
1846 3803 2149 3868 terribilia.
2238 3808 2464 3884 quietos

1384 3910 1500 3971 pro
1556 3910 1693 3961 eos;
1763 3898 1830 3949 at
1887 3898 2112 3967 quanta
2166 3910 2305 3951 cum
2362 3891 2463 3951 vi!

1386 3975 1692 4035 Consentit
1792 3975 2148 4054 Epicureum
2232 3975 2463 4056 dogma,

1389 4079 1503 4121 nec
1533 4069 1731 4120 tamen
1756 4061 1833 4121 ad
1855 4059 1975 4121 hoc
1990 4061 2316 4141 respexisse
2347 4062 2465 4121 dici

1390 4145 1572 4206 debet
1602 4145 1777 4207 Dido.
1873 4143 2120 4227 (Apollo
2142 4181 2214 4193 —
2234 4148 2465 4225 Iffoiae

1390 4243 1571 4291 sortes
1600 4276 1620 4308 ‚
1683 4232 1907 4292 iussere
1960 4241 2162 4311 petere
2205 4232 2464 4308 Italiam;

1390 4314 1509 4377 hoc
1567 4336 1644 4377 ex
1697 4317 2078 4397 sequentibus
2129 4316 2463 4394 intelligen-

1392 4401 1556 4464 dum.
1579 4403 1768 4463 Weh.
1808 4403 1882 4463 cs.
1900 4422 1988 4463 vs.
2012 4402 2155 4467 375.
2178 4398 2351 4484 Wr.)
2391 4401 2464 4463 In
