2882 5028
515 359 668 433 686
888 344 2381 426 EXGURsstluxIv

517 544 760 626 quidem
802 540 1022 602 Aetolis
1063 538 1299 599 ademta
1340 559 1374 597 a
1414 537 1734 614 Romanis,
1807 536 1951 597 hine
2003 536 2413 599 Acarnanibus
2459 538 2751 614 restituta,

514 630 719 712 paullo
776 636 916 708 post
967 627 1346 686 Acarnanum
1411 624 1664 683 concilio
1734 624 2026 683 eximitur
2080 644 2174 704 ep.
2234 624 2362 683 Liv.
2422 624 2605 699 XLV,
2660 629 2754 691 81.

513 717 906 776 Anactorium
932 730 1076 771 vero
1109 711 1342 769 colonia
1370 710 1488 770 suit
1525 709 1976 769 Corinthiorum
2021 707 2106 790 (v.
2156 709 2363 789 steph.
2403 710 2547 790 Byz.
2591 709 2655 771 h.
2700 730 2752 770 v.

514 812 577 861 et
600 798 817 859 Strabo
848 800 925 871 X,
960 817 1018 876 p.
1046 794 1233 879 452);
1285 796 1359 854 iis
1396 796 1598 873 itaque
1640 794 1942 855 ademtum
1999 816 2032 854 a
2079 796 2397 872 Romanis,
2439 796 2755 876 Dionysius

512 893 735 947 umet.
817 882 1004 944 Iidem
1033 881 1322 941 Corinthii
1352 881 1682 940 Leucadem
1706 889 2027 940 tenuerant
2055 879 2139 963 (v.
2169 882 2386 940 Strabo
2410 901 2472 963 p.
2505 884 2637 942 ead.
2668 882 2752 963 Β.)

513 992 652 1032 cum
693 979 823 1031 toto
864 967 985 1028 hoc
1016 966 1387 1027 Acarnaniae
1436 975 1640 1027 tractu
1676 967 1957 1043 littorali,
2017 967 2194 1026 etiam
2226 967 2641 1044 Ambraciam,
2687 968 2757 1027 de

513 1076 628 1138 qua
657 1055 797 1116 vide
822 1053 1099 1134 mythum
1129 1053 1480 1131 antiquioris
1507 1053 1638 1113 aevi
1680 1073 1773 1132 ap.
1800 1053 2083 1113 Antonin.
2121 1054 2317 1113 Liber.
2359 1074 2410 1113 c.
2453 1053 2517 1117 4.
2559 1053 2753 1114 Schol.

511 1142 784 1222 Apollon.
815 1141 911 1216 lv,
949 1143 1110 1205 1212
1136 1148 1197 1198 et
1229 1142 1410 1205 1216.
1500 1139 1800 1198 Oeniadae
1819 1139 2064 1198 tandem
2101 1138 2507 1215 Acarnanum,
2550 1151 2755 1221 captae

512 1250 550 1288 a
578 1226 838 1288 Laevino
866 1234 929 1284 et
946 1224 1168 1286 Aetolia
1191 1223 1587 1300 contributae,
1633 1222 1718 1305 (v.
1747 1224 2109 1302 Liv.xxV1‚
2133 1225 2242 1307 24)
2272 1246 2418 1284 mox
2450 1245 2602 1305 pace
2625 1245 2754 1286 mm

512 1314 733 1375 Aetolis
751 1311 924 1372 victis
953 1311 1106 1371 sacta
1134 1309 1548 1370 Acarnanibus
1578 1319 1721 1370 sunt
1759 1310 2092 1374 restitutae.
2142 1330 2202 1371 v.
2246 1312 2373 1372 Liv.
2419 1312 2753 1387 XXXVIII,

517 1404 630 1476 113
672 1419 791 1478 quo
828 1399 988 1456 sacto
1035 1397 1189 1456 forte
1234 1396 1456 1456 iterum
1500 1405 1726 1456 veteres
1763 1397 1993 1456 incolae
2040 1399 2204 1457 suere
2245 1396 2507 1457 reducti.
2596 1398 2754 1458 Inter

511 1483 661 1546 haec
717 1492 918 1542 tamen
974 1481 1172 1541 omnia
1226 1481 1305 1541 ad
1372 1500 1440 1540 ea
1470 1525 1487 1556 ,
1559 1501 1711 1560 quae
1762 1482 2063 1563 Augustus
2116 1482 2287 1559 fecit,
2349 1483 2618 1543 maxime.
2660 1503 2752 1545 re—

513 1568 768 1649 spexisse
828 1567 1022 1628 videri
1077 1566 1256 1627 debet
1311 1577 1507 1648 poeta.

1422 1832 1832 1844 *ῃ*-

1016 2024 1865 2134 EXCURSUS
1981 2025 2238 2112 XIV

729 2179 894 2248 De
1022 2178 1732 2248 Herculeo
1868 2178 2531 2246 Tarento.

672 2336 769 2411 111,
814 2336 931 2402 551
982 2339 1150 2396 Hinc
1188 2340 1356 2396 sinus
1397 2338 1715 2410 Hem-ulei,
1786 2338 1844 2395 si
1882 2356 2023 2395 vera
2070 2347 2154 2393 est
2191 2335 2430 2415 sama,
2510 2338 2752 2394 Tarenti

510 2424 796 2482 Cemitur.
889 2423 1057 2496 Quae
1106 2423 1181 2482 de
1222 2423 1483 2482 Tarante
1527 2420 1709 2481 heroe
1756 2430 1818 2480 et
1870 2420 2232 2494 Phalantho,
2289 2419 2749 2480 Parthenien-um

505 2508 754 2569 ductore
798 2505 881 2589 (v.
924 2508 1120 2569 Strab.
1160 2509 1258 2583 VI,
1306 2529 1365 2590 p
1407 2511 1535 2574 278
1583 2528 1710 2587 sqq.
1768 2508 1839 2568 cs.
1887 2528 2019 2587 sup.
2064 2507 2142 2566 ad
2180 2507 2262 2567 1v
2319 2509 2545 2587 Georg.
2589 2505 2746 2587 125),

502 2596 743 2655 Servius
777 2604 839 2654 et
877 2596 974 2655 alii
1007 2596 1107 2654 hic
1153 2603 1518 2669 memorant,
1568 2594 1760 2653 aliena
1810 2603 1969 2653 sunt.
2053 2594 2204 2652 Nam
2242 2593 2459 2667 Taras,
2506 2595 2749 2653 Tarenti

502 2681 810 2754 conditor,
868 2681 1206 2740 notissimus
1255 2681 1352 2740 ille
1405 2679 1504 2739 vel
1556 2699 1589 2738 e
1645 2679 2108 2739 Tarentinorum
2150 2681 2346 2738 numia
2393 2676 2482 2759 (v.
2534 2678 2747 2739 Eckbel

498 2772 638 2848 post
689 2765 995 2842 Golzium,
1060 2766 1346 2846 Magum,
1406 2764 1763 2824 Pellerinum
1810 2766 2028 2844 Suppl.
2068 2766 2184 2824 JV
2220 2785 2305 2823 au
2344 2766 2614 2824 Recueil
2651 2764 2746 2822 des

500 2852 833 2912 Medaitles
858 2854 947 2911 ad
961 2852 1058 2932 pl.
1091 2852 1164 2929 11,
1201 2855 1321 2929 10),
1364 2850 1622 2931 Neptuni
1648 2850 1764 2910 fuit
1790 2850 1985 2925 filius,
2032 2849 2301 2928 nihilque
2341 2849 2538 2909 habet
2588 2870 2744 2910 eom-

499 2958 679 2998 mune
716 2958 853 2997 cum
893 2938 1168 2998 Hercule.
1252 2935 1625 2997 Phalantbus
1663 2946 1895 3013 autem,
1953 2954 2127 3014 quem
2175 2935 2420 2995 Servius
2461 2947 2742 2996 octavum

498 3024 573 3082 ab
629 3023 886 3083 Hercule
939 3024 1111 3099 facit,
1178 3023 1338 3083 ultra
1391 3031 1691 3082 trecentos
1750 3042 1938 3081 annos
1987 3029 2125 3102 post
2166 3023 2426 3081 Troiana
2469 3031 2742 3101 tempor·

496 3109 671 3169 vixit.
713 3108 853 3169 vide
880 3109 979 3167 vel
1004 3110 1255 3169 Simson.
1298 3109 1574 3168 Chronic.
1661 3108 1864 3186 Neque
1893 3126 2006 3188 per
2046 3107 2347 3188 prolepsin
2388 3106 2565 3185 loqui
2602 3125 2741 3187 poe-

496 3204 623 3253 tam
680 3192 1007 3253 admodum
1054 3194 1262 3269 velim,
1324 3194 1490 3273 quod
1529 3192 1869 3253 Mazochius
1914 3194 2223 3274 amplexus
2261 3202 2351 3252 est
2409 3192 2490 3251 de
2555 3191 2732 3253 Tabb

496 3282 881 3338 Hemcleens.
911 3279 1122 3337 Prodr.
1159 3299 1208 3338 c.
1242 3278 1303 3355 4,
1348 3280 1453 3340 ubi
1479 3279 1685 3339 multis
1711 3278 1784 3338 de
1811 3280 2072 3340 Tarento
2116 3289 2321 3339 vetere
2359 3279 2509 3358 agit.
2601 3279 2737 3338 Nam

493 3367 589 3423 Io.
627 3367 904 3438 Iuvenis,
954 3363 1058 3442 qui
1091 3364 1166 3423 de
1192 3366 1446 3446 Αηιίφι.
1483 3377 1539 3424 et
1561 3386 1696 3424 var.
1738 3364 2000 3444 joanna
2051 3364 2736 3445 Tar-ent.sc1·ipmt,ni·

491 3448 612 3509 hil
629 3449 704 3508 de
751 3469 858 3509 suo
902 3449 1126 3510 attulit.
1207 3451 1430 3510 Ceteris
1473 3451 2006 3511 Grammaticorum
2044 3449 2207 3530 apud
2244 3450 2536 3510 Servium
2580 3451 2735 3530 nugis

490 3534 946 3616 praeferendum
1005 3535 1154 3610 hoc,
1222 3537 1387 3614 quod
1450 3537 1737 3616 Pompon.
1787 3537 1924 3596 snb.
1979 3535 2189 3596 habet.
2253 3538 2589 3595 Turenum:
2638 3533 2735 3594 ιώ

491 3622 773 3679 Herculis
807 3623 993 3680 tutela
1024 3622 1189 3699 ficit,-
1250 3626 1315 3680 in
1355 3644 1429 3680 ea
1478 3621 1826 3681 servabatur
1870 3624 2154 3681 Herculi-s
2201 3642 2394 3680 aenea
2442 3626 2661 3701 imago
2696 3640 2734 3677 a

489 3709 766 3785 Lysippo
775 3706 965 3785 facta
985 3752 1001 3779 ,
1048 3728 1237 3788 quam
1284 3707 1516 3767 Fabius
1550 3710 1737 3766 Max.
1778 3710 2036 3767 secmedo
2073 3708 2227 3765 bello
2270 3709 2521 3767 Punico
2558 3712 2735 3765 925oeoe

489 3794 555 3850 in
590 3794 955 3870 Capitolium
981 3794 1279 3851 transtulit
1311 3789 1396 3874 (v.
1427 3792 1575 3852 Plin.
1601 3793 1881 3868 XXXIV,
1914 3799 1973 3870 7,
2011 3814 2058 3857 s.
2101 3790 2228 3875 18).
2314 3792 2439 3851 Sed
2471 3793 2729 3871 Pompo-

490 3878 624 3937 nius
648 3897 679 3936 e
710 3878 1001 3938 Strabone
1040 3878 1251 3937 sumsit
1283 3879 1386 3938 lib.
1437 3879 1536 3950 Vl,
1580 3900 1639 3958 p.
1685 3881 1809 3943 378
1852 3879 1929 3955 B,
1972 3878 2135 3938 unde
2182 3889 2382 3937 tamen
2434 3878 2729 3958 posterius

485 3973 722 4023 tantum
781 3963 1087 4023 firmatur:
1166 3974 1226 4022 at
1269 3965 1433 4043 ptius
1477 3963 1663 4039 illud,
1718 3965 1881 4043 quod
1925 3965 2253 4024 Tarentum
2300 3963 2414 4022 sub
2456 3961 2727 4022 lla-mli·

487 4050 674 4109 tutela
704 4049 849 4124 suit,
885 4049 996 4123 etsi
1015 4049 1082 4108 id
1111 4068 1188 4108 ex
1213 4068 1283 4108 eo
1311 4050 1618 4130 probabile
1646 4050 1838 4109 facere
1864 4051 2081 4131 possis,
2123 4048 2288 4128 quod
2330 4047 2517 4108 ductu
2560 4056 2725 4127 poet·

483 4134 729 4196 modum
773 4154 845 4194 eo
904 4155 980 4194 ex
1034 4134 1470 4195 Lacedaemone
1512 4136 1747 4195 colonia
1786 4136 2146 4211 Herculem,
2204 4144 2415 4215 utpote
2456 4131 2723 4194 Her-adi·

484 4220 697 4282 darum
724 4241 970 4281 suorum
995 4231 1334 4298 auctorem,
1379 4222 1651 4301 inprimis
1680 4223 1944 4301 religiose
1982 4222 2175 4281 colere
2212 4220 2452 4295 debuit,
2514 4228 2577 4278 et
2628 4236 2721 4276 re·

481 4308 800 4389 periuntur
832 4307 998 4367 numi
1032 4308 1495 4367 Tarentinorum
1533 4326 1667 4366 cum
1705 4308 1977 4368 Herculis
2018 4307 2240 4388 capite,
2287 4316 2347 4366 et
2388 4324 2527 4364 cum
2568 4303 2721 4362 ner·

484 4395 613 4454 cule
653 4395 945 4474 clavigero
988 4393 1219 4454 leonem
1259 4392 1612 4469 suffocante;
1669 4391 1754 4473 (v.
1795 4414 1957 4455 nunc
1998 4391 2236 4454 Eckhel.
2278 4391 2557 4452 Docti-iun
2596 4387 2721 4447 Nu·
