2882 5028
452 327 602 405 172
936 323 1018 399 P.
1073 319 1608 405 VIRGILII
1658 320 2200 397 MARONIS

443 510 841 591 Permittit
867 507 1117 610 patria
1136 515 1171 585 Ρ
1220 504 1572 607 hospitio
1609 506 2144 607 prohibemur
2172 515 2495 584 arenae!
2551 513 2710 588 540

440 615 662 698 Bella
702 613 948 709 cient,
1000 611 1423 712 primaque
1457 623 1726 686 vetant
1762 613 2192 687 consistere
2230 623 2463 686 terra.

447 720 528 794 Si
563 741 816 816 genus
848 715 1298 791 humanum
1334 726 1415 790 et
1456 713 1820 790 mortalia
1861 715 2214 790 temnitis
2241 739 2499 792 arma:

440 828 545 899 At
574 833 885 923 sperate
913 817 1112 893 deos
1139 842 1548 894 memores
1580 816 1802 893 fandi
1833 831 2070 919 atque
2111 816 2460 898 nefandi.

442 929 613 1005 Rex
641 937 806 1001 erat
832 928 1143 1000 Aeneas
1173 921 1445 1017 nobiS,
1510 946 1674 1023 quo
1706 922 1986 997 iustior
2019 922 2240 1019 alter,

441 1034 610 1107 Nec
642 1029 934 1130 pietate
967 1023 1119 1101 suit
1149 1049 1301 1101 nec
1332 1022 1554 1100 bello
1592 1026 1850 1100 maior
1880 1031 1961 1101 et
2002 1027 2259 1105 armis,

448 1137 714 1227 Quem
748 1132 812 1206 si
841 1128 1000 1204 fata
1031 1129 1288 1204 virum
1322 1142 1672 1227 servant,
1727 1130 1792 1204 si
1820 1129 2169 1206 vescitur
2203 1153 2389 1204 aura

450 1235 815 1314 Aetheria
835 1294 856 1333 ,
907 1257 1177 1335 neque
1212 1230 1474 1310 adhuc
1506 1231 1961 1310 crudelibus
1992 1233 2328 1310 occubat
2352 1230 2708 1309 umbris:

2547 1030 2710 1105 545

583 1427 689 1483 540
715 1428 961 1498 patriam
996 1443 1077 1496 pr.
1122 1426 1315 1478 Mox-et.
1356 1444 1387 1477 a
1414 1444 1484 1477 m.
1530 1443 1635 1478 sec.
1705 1426 1808 1478 hoc
1836 1427 2017 1496 spatio
2048 1425 2255 1492 Menag.
2287 1443 2368 1493 pr.
2398 1423 2533 1475 miro
2560 1440 2708 1474 casu.

441 1495 543 1551 541
581 1496 866 1549 consulere
892 1497 1108 1547 Oudart.
1134 1495 1361 1548 sollenni
1387 1494 1658 1547 varietate.
1748 1494 1851 1548 542
1885 1507 1940 1546 et
1959 1493 2114 1545 deest
2142 1495 2194 1544 in
2221 1493 2506 1556 nonnullis,
2541 1493 2712 1543 etiam

442 1564 714 1626 Pierianis.
853 1566 957 1619 543
1004 1566 1138 1616 deas
1176 1568 1330 1616 Voss.
1404 1564 1683 1635 fandique
1719 1561 1956 1634 nefandi
1992 1564 2236 1633 quinque·
2256 1582 2340 1633 ap.
2382 1563 2560 1614 Heius.
2624 1565 2713 1682 Sela

444 1635 590 1698 Alb.;
638 1634 743 1686 vid.
791 1637 855 1697 Q.
903 1637 971 1686 V.
1015 1636 1268 1699 XXXV,
1300 1635 1386 1688 25.
1429 1635 1577 1701 Wr.)
1715 1633 1819 1688 545
1856 1633 1983 1685 Non
2012 1636 2223 1703 pietate
2266 1632 2486 1684 Dorvill.
2556 1630 2626 1682 be
2676 1651 2711 1683 ο

441 1723 545 1757 nec
575 1722 680 1756 sec.
706 1705 897 1755 Moret.
968 1709 1248 1771 Argutatur
1276 1704 1330 1755 h.
1359 1704 1394 1755 l.
1427 1706 1601 1755 Bnrm.
1677 1703 1731 1753 ui
1771 1721 1884 1754 cum
1925 1702 2108 1754 Servio
2133 1702 2410 1753 discrimen
2449 1699 2577 1753 facit
2612 1701 2711 1752 in-

440 1784 526 1825 ter
553 1772 751 1825 bellum
775 1783 831 1824 et
856 1792 1038 1836 arma3
1090 1791 1214 1824 sune
1254 1774 1473 1824 eandem
1507 1790 1618 1825 rem
1691 1771 1922 1824 eclarant
1955 1772 2050 1822 sed
2078 1771 2246 1841 tropis
2281 1771 2519 1823 diversis.
2568 1763 2707 1837 (vid.

441 1843 741 1896 Weichert.
782 1843 846 1895 ad
891 1843 1070 1894 Valer.
1113 1842 1191 1894 Fl.
1234 1843 1373 1905 VIII,
1410 1844 1533 1896 470.
1572 1845 1656 1896 W
1650 1842 1721 1910 r.)
1860 1841 1967 1897 546
2003 1855 2057 1892 et
2105 1844 2345 1894 vescitur
2382 1858 2463 1910 pr.
2510 1840 2707 1893 Hamb.

441 1910 547 1968 547
580 1930 757 1982 neque
787 1912 971 1964 adhuc
991 1922 1286 1964 constanter
1312 1911 1467 1964 codd.
1500 1912 1679 1964 Heius.
1705 1919 1759 1963 et
1784 1911 1936 1962 multi
1958 1910 2092 1962 Pier.
2145 1914 2222 1981 (et
2252 1910 2498 1962 meliores
2530 1908 2709 1961 Cortii

443 1982 512 2034 ad
533 1982 727 2034 Lucan.
756 1983 896 2042 VIII,
932 1980 1054 2036 742.
1099 1983 1242 2047 Wr.)
1294 1981 1386 2032 alii
1426 2001 1542 2034 nec.
1616 1994 1847 2051 occupat
1888 1991 1996 2031 tres
2038 1983 2209 2033 Burm.
2290 1978 2605 2033 crudelibus
2655 1999 2709 2031 ο.

444 2051 611 2104 undis
664 2050 978 2103 emendabat
1018 2053 1111 2106 Io..
1149 2051 1427 2104 Schrader.
1510 2051 1669 2121 Atqui
1715 2048 1936 2103 umbrae
1973 2061 2095 2102 sunt
2126 2068 2226 2119 pro
2275 2054 2410 2102 Orco
2427 2089 2443 2115 ,
2503 2050 2706 2101 Morte.

442 2230 577 2290 sup.
609 2211 756 2269 νὼίι
779 2208 994 2285 hiems,
1044 2218 1104 2268 et
1140 2208 1247 2269 ins.
1285 2210 1360 2286 11,
1397 2214 1518 2275 811
1608 2230 1789 2289 quam
1818 2208 2085 2270 humana
2124 2209 2216 2270 ira
2250 2209 2484 2289 exigere
2509 2228 2544 2265 a
2577 2228 2709 2268 vo-

452 2297 734 2357 Vulcano
761 2307 1096 2373 superante.
1136 2295 1525 2372 adnavimus,
1608 2296 1701 2355 bis
1722 2305 1945 2376 potest,
1975 2293 2149 2377 (haec
2177 2296 2335 2354 enim
2364 2302 2506 2354 sunt
2532 2315 2709 2354 mor*-

442 2381 801 2464 appulimus,
840 2390 911 2440 ut
936 2382 1145 2461 poetae
1168 2383 1382 2441 solent.

527 2468 673 2534 639.
718 2467 988 2545 Furium,
1034 2470 1159 2528 sive
1200 2468 1250 2527 is
1286 2466 1363 2526 M.
1396 2466 1525 2525 Fu-

438 2554 567 2615 rius
606 2554 819 2613 Antias
863 2574 970 2613 seu
1012 2553 1331 2614 Bibaculus
1381 2552 1519 2628 fuit,

438 2639 539 2701 VI.
563 2639 777 2701 Annal.
805 2641 1124 2719 praeivisse
1146 2648 1357 2721 poetae
1383 2639 1520 2697 Ma-

440 2725 608 2787 crob.
623 2727 725 2803 vl,
747 2732 803 2801 1,
835 2726 1155 2786 existimat:
1210 2727 1390 2803 Quod
1401 2746 1519 2804 ge-

437 2833 554 2872 nus
631 2812 743 2872 hoc
799 2812 1164 2871 hominum?
1229 2815 1485 2870 Saltu-no
1501 2853 1518 2884 ,

436 2911 674 2974 sancte,
719 2912 932 2957 create.
1024 2899 1146 2958 Sed
1190 2916 1268 2957 ex
1313 2896 1408 2956 his
1458 2906 1519 2955 et

436 2984 728 3043 similibus
756 2992 932 3063 poeta
960 2983 1068 3043 vix
1090 2983 1350 3044 multum
1373 3003 1525 3061 pro-

437 3069 618 3129 ficere
647 3070 880 3149 potuit:
924 3088 1038 3128 nec
1062 3076 1173 3128 n'os
1203 3088 1279 3127 ex
1307 3069 1522 3127 talium

437 3155 902 3235 comparatione.
1011 3153 1378 3234 Antiquitati
1425 3163 1525 3213 ta·-

436 3260 576 3301 men
603 3240 859 3300 debetur
885 3239 1024 3316 boc,
1047 3258 1138 3299 ne‘
1153 3242 1279 3301 eius
1309 3249 1523 3299 aucto-

434 3329 679 3389 ritatem
746 3327 809 3385 in
860 3324 955 3385 his
1002 3326 1381 3405 negligamus.
1435 3359 1524 3372 —-

435 3435 593 3495 quae
621 3425 751 3472 tam
779 3411 1036 3471 barbara
1057 3416 1290 3491 patria,
1329 3422 1516 3484 terra,

428 3502 740 3578 penninit.
847 3517 1059 3577 graeco
1127 3517 1295 3558 more
1371 3517 1522 3577 pro:

434 3605 588 3665 quae
616 3594 780 3644 terra
810 3595 935 3644 tam
949 3584 1208 3644 barbara
1237 3592 1329 3643 est
1350 3582 1520 3656 baec,

432 3681 506 3732 ut
574 3671 902 3753 permittat.
1015 3668 1159 3736 540.
1233 3672 1520 3747 Hospitio

424 3758 813 3835 prohibemus·
835 3778 1078 3830 arenae,
1126 3766 1357 3829 ornate,
1385 3777 1520 3835 pro,

435 3863 470 3900 a
511 3844 750 3918 littore,
796 3843 870 3902 ab
926 3862 1172 3902 escensu
1210 3843 1271 3901 in
1316 3843 1521 3916 littus;

432 3949 578 3989 mox
599 3933 874 4007 primam
899 3942 1116 3988 terram
1144 3928 1318 3988 dixit.
1365 3927 1518 4009 (vid.

434 4014 511 4090 Q.
545 4015 617 4075 V.
649 4015 925 4090 XXVIII,
954 4020 1015 4079 2.
1051 4012 1219 4096 Wr.)

517 4100 663 4167 542.
706 4100 976 4179 Agnosce
1021 4101 1239 4180 poetici
1265 4119 1519 4159 sermo-

431 4188 525 4247 nis
561 4186 858 4263 indolem;
917 4207 1029 4268 pro
1073 4186 1413 4245 abstracto:
1471 4186 1529 4245 si-

432 4274 908 4350 humam'tatem,
950 4271 1346 4333 humanitatis
1381 4273 1519 4333 iura

430 4369 494 4419 et
526 4359 743 4433 officia,
788 4368 848 4419 et
880 4360 1212 4421 vindictam
1244 4358 1516 4436 iniuriae,

1611 2384 1766 2441 talia
1811 2384 2012 2463 arma)
2060 2403 2171 2462 pro
2210 2380 2397 2440 nihilo
2440 2380 2705 2441 ducitis:

1609 2468 1820 2528 saltem
1848 2468 2000 2529 illud
2030 2476 2338 2550 reputate,
2383 2466 2528 2528 deos
2567 2487 2705 2527 esse

1603 2554 1746 2615 iusti
1803 2555 2126 2633 iniustique
2180 2555 2551 2634 inspectores
2597 2555 2704 2613 in-

1600 2640 1911 2719 iuriaeque
1941 2640 2091 2699 adeo
2117 2642 2382 2715 ultores;
2424 2643 2601 2702 θεαῖν
2632 2634 2704 2702 δ’

1600 2724 1963 2789 ὑποδείσατε
2001 2731 2191 2807 μῆνιν
2224 2726 2439 2804 odyss.
2487 2728 2545 2806 β,
2593 2731 2702 2793 66.

1602 2812 1675 2872 In
1722 2825 1954 2891 sperate
1999 2812 2150 2872 inest
2192 2813 2364 2871 notio
2412 2816 2525 2873 τοῦ
2564 2832 2705 2869 me—

1602 2910 1785 2974 tuere,
1834 2897 2000 2977 quod
2027 2899 2309 2976 frequens
2340 2906 2430 2955 est
2452 2898 2706 2957 Graecis

1607 2985 1946 3062 Latinisque
1986 2985 2194 3064 poetis.
2259 2980 2414 3064 (vid.
2457 2983 2532 3042 de
2581 2982 2705 3043 hac

1606 3090 1676 3129 re
1724 3070 2022 3130 subtiliter
2071 3070 2478 3149 disputantem
2519 3068 2706 3129 Hoo-

1606 3175 1736 3236 gev.
1772 3157 1850 3215 ad
1881 3157 2074 3234 viger.
2116 3178 2165 3216 c.
2196 3156 2267 3217 V.
2295 3165 2439 3216 sect.
2470 3155 2597 3214 VII.
2637 3176 2702 3236 p.

1607 3241 1754 3306 244.
1788 3264 1915 3321 sqq.
1952 3242 2108 3300 adde
2150 3240 2423 3302 Huscbk.
2464 3240 2543 3299 ad
2585 3241 2700 3300 Ti—

1605 3327 1752 3387 buu.
1783 3328 1830 3402 I,
1867 3333 1927 3404 9,
1952 3334 2055 3393 23.
2093 3326 2259 3407 Wr.)

1695 3412 1842 3480 544.
1899 3414 2262 3472 Oeconomia
2304 3412 2592 3472 carminis
2629 3411 2701 3470 in

1606 3499 1725 3559 hoc
1757 3520 2008 3560 occursu
2037 3499 2268 3558 Aeneae
2285 3508 2347 3557 et
2372 3499 2700 3572 sociorum,

1607 3596 1670 3645 et
1727 3586 1791 3645 in
1835 3583 2059 3663 horum
2103 3586 2382 3645 laudibus
2438 3586 2702 3658 Aeneae,

1607 3692 1782 3751 quem
1812 3671 2170 3751 ignorabant
2195 3691 2294 3730 eas
2331 3670 2560 3745 audire,
2606 3679 2705 3728 est

1604 3758 1929 3838 praeclara.
2029 3761 2254 3817 Iustior
2293 3760 2523 3835 pietate
2543 3799 2561 3829 ,
2627 3764 2704 3815 ut

1605 3844 1785 3923 vulgo
1821 3843 1987 3922 iungi
2016 3843 2212 3918 video,
2259 3841 2403 3902 mibi
2448 3840 2700 3920 quidem

1607 3930 1995 3989 durissimum
2046 3930 2308 3989 videtur.
2418 3929 2702 3987 Praestat

1604 4017 1848 4094 iungere
1917 4025 1978 4074 et
2029 4016 2480 4095 interpungere:
2548 4013 2699 4087 Quo

1604 4105 1816 4160 ιἰιειὶοι·
1844 4104 2017 4176 aller,
2067 4104 2207 4161 Nec
2239 4122 2307 4179 p.
2354 4097 2417 4158 h.
2440 4120 2491 4159 e.
2550 4098 2698 4174 Quo

1604 4207 1716 4246 nec
1744 4188 1898 4247 alter
1921 4187 2155 4262 iustior,
2200 4206 2310 4246 nec
2344 4187 2535 4246 maior
2580 4185 2700 4245 suit

1601 4274 1829 4353 pietate
1847 4318 1863 4347 ,
1908 4273 2066 4333 bello
2091 4283 2154 4333 et
2194 4272 2396 4333 armis.
2453 4263 2692 4351 Ἀμφό-

1602 4382 1795 4443 τερον,
1839 4354 2126 4440 βασιλεύς
2170 4352 2232 4421 τ’
2273 4351 2514 4441 &recede
2550 4380 2695 4438 κρα-
