2882 5028
379 343 585 421 .oe4
922 317 2095 455 'EchRsUsv

430 536 549 596 iam
575 532 676 593 alii
713 542 777 593 et
805 533 1010 615 ⁴nuper
1043 535 1131 596 m.
1172 534 1425 595 Homius
1469 534 1533 593 in
1562 534 1849 596 Element.
1877 535 2083 595 Critic.
2165 535 2304 595 Non
2338 544 2547 595 tamen
2580 535 2698 595 de-

429 624 595 683 suere
638 620 758 681 iam
806 621 948 680 olim
999 623 1105 699 qui
1155 619 1568 680 defenderent.
1654 622 1771 680 Sed
1820 621 2365 683 Grammaticorum
2408 618 2704 682 veterum

428 707 728 769 levissima
772 714 862 765 est
894 707 1072 783 ratio,
1115 715 1189 765 ut
1229 705 1488 765 alterum
1528 706 1608 765 ad
1639 706 1889 769 Aeolum
1907 753 1924 784 ‚
1969 708 2226 771 alterum
2251 706 2536 787 respectu
2564 707 2701 767 Ae—

431 813 607 867 neae,
654 791 888 851 dictum
921 792 1018 852 sit.
1101 790 1420 851 Artificum
1460 802 1661 852 autem
1683 836 1700 868 ,
1744 794 1961 871 quibus
1992 793 2171 853 animi
2200 803 2402 853 motus
2436 793 2503 854 in
2534 792 2704 853 deo-

430 899 571 941 rum
610 898 715 937 ore
745 878 832 937 ita
870 887 1015 937 sunt
1053 877 1426 959 exprimendi
1443 922 1461 953 ,
1526 897 1601 937 ne
1645 879 1899 958 placida
1924 879 2188 939 numinis
2228 880 2504 938 maiestas
2544 878 2705 939 inde

432 966 777 1040 minuatur,
832 964 1104 1042 exemplo
1133 973 1196 1024 et
1222 963 1492 1038 ratione,
1535 963 1615 1022 ad
1639 984 1821 1041 quam
1844 967 2130 1046 Spenci‘us
2154 976 2480 1046 provocat,
2523 965 2704 1025 tueri

431 1059 674 1133 poetam
707 1050 911 1110 nolim.
1000 1050 1149 1108 Nam
1191 1049 1429 1109 diversa
1470 1058 1560 1109 est
1601 1050 1664 1108 in
1706 1049 1800 1109 his
1829 1052 2089 1130 poetices
2133 1060 2195 1110 et
2221 1052 2499 1132 plastices
2533 1051 2702 1112 ratio

436 1146 616 1216 atque
644 1135 897 1196 indoles.
980 1136 1207 1195 Plastes
1249 1137 1405 1194 enim
1436 1136 1535 1195 vel
1563 1134 1765 1214 pictor
1805 1137 1960 1196 iram
1997 1137 2175 1197 etiam
2216 1137 2436 1218 placidi
2476 1137 2703 1197 vultus

435 1223 772 1304 exprimere
796 1230 1025 1303 potest3
1085 1232 1147 1281 et
1175 1222 1239 1281 in
1275 1222 1543 1300 Neptuni
1576 1241 1679 1280 ore
1706 1223 1858 1282 iram
1891 1224 1976 1283 ita
2001 1223 2164 1302 pingi
2194 1244 2395 1304 posse,
2454 1233 2527 1282 ut
2556 1223 2704 1302 pla-

435 1310 558 1370 cidi
597 1308 808 1369 vultus
835 1307 1083 1385 vestigia
1114 1327 1237 1366 non
1277 1308 1460 1366 modo
1486 1317 1802 1385 maneant,
1846 1329 2061 1369 verum
2100 1311 2278 1368 etiam
2303 1311 2493 1388 ipsam
2534 1310 2701 1368 iram

434 1403 774 1475 temperent
800 1402 861 1452 et
889 1393 1188 1472 mitigent,
1230 1413 1404 1453 nemo
1447 1392 1706 1453 dubitat.
1794 1394 2019 1455 Verum
2046 1406 2253 1476 poeta,
2299 1415 2439 1453 cum
2466 1398 2699 1472 gravi-

326 1482 329 1484 *
435 1495 525 1541 ter
560 1492 920 1540 commotum
965 1488 1027 1538 et
1060 1480 1384 1556 placidum
1437 1479 1739 1558 sigillatim
1776 1500 1969 1540 unum
2014 1490 2153 1561 post
2191 1482 2451 1540 alterum
2495 1479 2700 1560 ponit,

438 1567 692 1627 diversis
721 1565 902 1625 animi
932 1584 1170 1625 sensum
1212 1585 1283 1624 ac
1318 1565 1758 1625 contrariarum
1785 1587 1994 1628 rerum
2029 1567 2381 1646 imaginibus
2419 1565 2702 1645 impellit,

438 1653 707 1731 adeoque
743 1652 1001 1711 alterum
1045 1651 1234 1710 altero
1263 1651 1560 1710 subeunte
1593 1651 1839 1731 iugulat.
1882 1653 2118 1715 Dixeris
2133 1699 2150 1729 ,
2192 1676 2353 1712 nunc
2394 1671 2519 1710 esse
2540 1652 2705 1729 pla-

436 1739 641 1798 cidam
656 1782 675 1814 ,
720 1758 858 1797 cum
899 1746 1077 1797 antea
1107 1737 1313 1795 suisset
1337 1741 1611 1815 graviter
1639 1752 1987 1798 commotus.
2078 1737 2261 1817 Atqui
2304 1737 2454 1796 nihil
2492 1737 2703 1796 evenit

438 1825 615 1902 novi,
655 1844 778 1902 quo
814 1822 1108 1902 placatior
1142 1822 1318 1882 reddi
1348 1822 1645 1902 potuerit:
1707 1825 1945 1885 viderat
1969 1846 2131 1885 mare
2156 1824 2496 1901 turbatum,
2542 1844 2703 1904 pro-

438 1911 615 1991 spicit
656 1919 716 1968 et
753 1909 921 1970 videt
962 1909 1267 1968 disiectam
1312 1908 1544 1968 Aeneae
1582 1910 1855 1971 classem.
1908 1910 2056 2010 quid
2095 1913 2160 1971 in
2203 1910 2323 1970 hoc
2361 1920 2526 1983 erat,
2573 1929 2703 1987 quo

440 1995 766 2071 exhilarari
799 1996 1042 2074 posset?
1100 1995 1405 2054 Meliorem
1433 1998 1732 2054 rationem
1772 2018 1844 2056 ac
1884 1998 2047 2057 viam
2086 1995 2448 2056 defendendi
2478 2005 2704 2074 poetae

323 2086 329 2091 ’
440 2080 865 2162 suppeditabat
890 2081 1302 2155 Brundesius,
1350 2079 1461 2141 Vir
1487 2101 1786 2157 summus,
1831 2083 2051 2143 artium
2077 2084 2538 2160 litterarumque
2578 2102 2704 2161 po-

438 2169 706 2228 litiorum
737 2167 1000 2245 egregius
1043 2167 1302 2239 arbiter,
1350 2186 1492 2225 cum
1532 2177 1594 2226 et
1624 2168 1769 2246 ipsis
1796 2169 1986 2250 poetis
2021 2188 2151 2229 eam
2180 2171 2369 2248 legem
2406 2166 2705 2247 scriptam

442 2263 501 2314 et
531 2255 606 2313 ab
629 2252 894 2312 Homero
927 2249 1063 2334 (ut
1046 2274 1111 2311 ιιι
1135 2253 1266 2333 ipso
1296 2252 1579 2333 Neptuno
1610 2254 1824 2334 Odyss.
1857 2278 1903 2330 ε,
1948 2258 2076 2320 282
2100 2253 2254 2338 sqq.)
2284 2264 2347 2313 et
2373 2262 2702 2333 praestan-

440 2340 668 2402 tissime
698 2358 935 2417 quoque
986 2347 1161 2418 poeta
1200 2338 1582 2399 observatum
1626 2359 1750 2398 esse
1809 2340 2062 2416 diceret,
2121 2352 2195 2401 ut
2241 2341 2596 2419 dignitatem
2640 2347 2705 2398 et

445 2426 806 2487 maiestatem
834 2425 1083 2484 deorum
1111 2424 1292 2484 etiam
1316 2425 1381 2483 in
1407 2426 1500 2484 ira
1531 2426 1631 2484 vel
1667 2427 2058 2486 exsultatione
2097 2428 2292 2487 aliove
2319 2424 2542 2484 affectu
2567 2426 2705 2484 ani-

444 2513 527 2573 mi
568 2521 911 2587 servarent,
966 2510 1134 2589 eique
1178 2510 1472 2571 hactenus
1514 2512 1924 2590 consulerent,
1966 2534 2043 2573 ne
2071 2512 2282 2574 faciem
2325 2522 2433 2573 aut
2456 2512 2547 2571 ira
2586 2522 2704 2571 tu-

443 2609 707 2659 mentem
746 2607 855 2657 aut
889 2598 1111 2658 rictum
1161 2596 1454 2657 cachinno
1484 2598 1836 2676 diductum,
1858 2615 1861 2618 ’
1881 2600 2210 2679 legentium
2246 2600 2443 2658 sensui
2471 2598 2704 2657 obiice-

443 2695 602 2746 rent.
690 2685 884 2744 Etiam
928 2683 995 2743 in
1044 2684 1191 2743 illis:
1274 2684 1438 2760 Quos
1483 2705 1594 2762 ego
1627 2717 1712 2730 —
1740 2688 1851 2746 sed
1883 2699 2155 2762 praestat
2195 2685 2491 2766 placidam
2534 2684 2704 2743 illam

445 2773 543 2831 dei
580 2771 951 2831 maiestatem
986 2790 1021 2828 a
1057 2779 1236 2849 poeta
1277 2789 1401 2828 esse
1432 2769 1756 2849 proditam.
1843 2773 2175 2850 Tamquam
2204 2771 2466 2831 numinis
2491 2771 2705 2849 itaque

444 2858 756 2939 proprium
792 2856 1037 2917 omnino
1064 2854 1408 2916 habendum
1438 2875 1562 2914 esse
1575 2856 1899 2934 placidum
1921 2872 2139 2936 caput,
2185 2857 2350 2935 quod
2377 2866 2438 2915 et
2457 2856 2704 2935 placato

444 2954 508 3004 et
535 2945 692 3004 irato
725 2943 1008 3003 convenit
1033 2962 1103 3001 ac
1128 2953 1348 3017 manet,
1393 2941 1661 3020 adeoque
1684 2940 1746 3018 h.
1775 2943 1814 3002 l.
1853 2944 2003 3003 mari
2032 2944 2230 3004 efferri
2257 2943 2436 3002 etiam
2467 2942 2547 3000 ab
2575 2942 2705 3001 ira-

445 3040 529 3090 to.
617 3030 736 3087 Sed
774 3048 887 3087 nec
917 3026 1124 3102 video,
1180 3047 1366 3105 quare
1397 3031 1671 3106 graviter
1703 3042 2028 3088 commotus
2075 3030 2150 3089 de
2186 3029 2354 3108 gravi
2396 3049 2468 3087 ac
2511 3025 2706 3087 vehe-

446 3125 646 3174 mente
671 3115 794 3189 ira,
841 3134 956 3192 qua
985 3114 1429 3189 exardesceret,
1475 3124 1782 3194 acceptum
1823 3115 1916 3176 sit.
2005 3117 2110 3175 Est
2149 3116 2306 3174 enim
2347 3113 2499 3174 nihil
2536 3112 2707 3172 aliud

446 3221 659 3280 quam,
738 3199 902 3277 quod
945 3198 1294 3296 Neptunus,
1365 3219 1505 3258 cum
1553 3210 1753 3259 ortam
1796 3201 2029 3278 subito,
2084 3204 2295 3281 ignota
2341 3200 2416 3258 de
2469 3219 2702 3269 caussa,

445 3294 860 3366 tempestatem
900 3285 1209 3357 sensisset,
1278 3284 1366 3343 lei
1419 3286 1709 3345 miraculo
1748 3287 2055 3347 turbatur.
2159 3289 2264 3346 Est
2311 3285 2703 3345 Homericum

449 3372 791 3455 συγχυθείς.
882 3370 1064 3448 Ell'ert
1089 3369 1292 3448 itaque
1320 3379 1502 3447 caput
1538 3391 1744 3446 suum,
1787 3373 2000 3449 vultu,
2045 3394 2164 3451 quo
2191 3391 2313 3431 esse
2345 3371 2517 3446 solet,
2548 3371 2704 3449 pla-

448 3461 584 3518 cido
604 3502 621 3532 ,
671 3457 775 3536 qui
801 3456 900 3515 dei
927 3475 1050 3514 esse
1085 3456 1250 3514 solet.
1336 3455 1533 3516 Aliam
1571 3457 2008 3518 dubitationem
2049 3461 2243 3519 tacere
2271 3458 2489 3537 possit,
2535 3454 2706 3535 quod

448 3544 715 3625 Neptuni
754 3550 815 3601 et
855 3542 1088 3601 animus
1130 3553 1191 3600 et
1228 3562 1294 3601 os
1336 3551 1517 3620 atque
1561 3543 1799 3619 vultus,
1845 3545 2335 3625 mythologorum
2377 3564 2449 3601 ac
2483 3552 2707 3622 poeta-

447 3651 586 3691 rum
618 3648 929 3703 consensu,
961 3628 1163 3708 paullo
1182 3627 1428 3703 tristior,
1453 3628 1782 3689 iracundus
1811 3640 1871 3689 et
1902 3642 2117 3691 torvus
2140 3630 2481 3701 exhibetur,
2514 3627 2705 3687 adeo-

449 3735 565 3795 que
583 3714 906 3795 placidum
934 3727 1120 3792 caput
1148 3713 1200 3772 ei
1223 3725 1466 3793 praeter
1497 3725 1790 3788 naturam¹
1815 3718 2003 3777 tribui
2027 3716 2289 3777 videtur.
2374 3714 2569 3774 Multa
2604 3712 2707 3772 hic

449 3802 568 3861 dici
611 3809 894 3881 possunt;
936 3819 1074 3859 nam
1127 3799 1188 3859 in
1232 3800 1455 3859 talibus
1494 3799 1789 3860 disertum
1827 3823 1898 3863 ac
1926 3803 2192 3863 ‘doctum
2234 3820 2359 3860 esse
2391 3821 2516 3861 non
2552 3799 2704 3860 adeo

450 3887 693 3947 difficile
718 3894 841 3962 est;
882 3885 988 3945 sed
1017 3887 1128 3945 etsi
1158 3886 1421 3966 Neptuni
1452 3885 1759 3964 'ingenium
1789 3898 1850 3948 et
1886 3910 1952 3948 os
1979 3886 2049 3951 τό
2079 3891 2369 3969 μειλίχιον
2394 3887 2553 3947 Iovis
2579 3907 2705 3946 non

450 3992 683 4052 semper
721 3971 945 4031 habere
986 3973 1163 4047 solet,
1219 3981 1420 4031 tamen
1462 3972 1578 4032 ista
1617 3972 1824 4033 'vultus
1858 3976 2139 4050 tristitia,
2189 3993 2309 4053 qua
2345 3993 2378 4030 a
2403 3973 2549 4033 love
2578 3972 2706 4032 dis·-

449 4060 755 4132 cernitur,
793 4078 917 4117 non
960 4058 1039 4116 ad
1066 4058 1217 4117 iram
1244 4078 1315 4115 ac
1352 4059 1621 4118 furorem
1657 4062 1944 4139 assurgit3
1988 4061 2091 4119 sed
2128 4070 2220 4119 est
2246 4058 2454 4120 vultus
2478 4059 2704 4119 severi-

448 4155 577 4220 tas,
635 4144 824 4203 barba
863 4143 1065 4223 paullo
1110 4141 1465 4222 hispidiore,
1538 4164 1707 4204 coma
1758 4147 1957 4206 minus
1998 4156 2226 4221 comta,
2301 4145 2504 4204 fronte
2558 4165 2705 4204 con-

437 4239 668 4292 tracta.
752 4227 818 4289 Si
861 4237 1063 4289 autem
1093 4238 1409 4327 poetarum
1445 4229 1579 4289 loca
1620 4240 1796 4306 sunt,
1853 4232 1918 4291 in
1960 4232 2177 4311 quibus
2225 4231 2350 4292 oris
2389 4230 2704 4291 truculen-

448 4318 537 4377 tia
562 4327 671 4376 aut
698 4315 879 4375 animi
913 4314 1164 4374 saevitia
1194 4315 1398 4393 paullo
1437 4314 1723 4395 insignior
1751 4316 1804 4376 ei
1832 4318 2161 4395 tribuitur,
2211 4317 2580 4392 videndum,
2629 4336 2705 4374 an

449 4413 630 4484 poeta
691 4422 818 4465 nou
893 4400 1096 4484 potius
1152 4400 1365 4478 maris,
1436 4402 1606 4463 cuius
1662 4403 1984 4485 imperium
2051 4404 2200 4467 deus
2251 4402 2468 4479 habet,
2542 4404 2703 4481 inge-
