2882 5028
807 274 815 281 ’
909 337 997 411 P.
1050 289 1586 414 vlnelnu
1649 330 2209 409 MARoMs

432 339 582 423 184

434 524 780 624 Semper
824 519 1135 617 honos,
1192 542 1665 621 nomenque
1700 528 1975 697 ltuum,
2024 515 2481 620 laudesque·
2531 483 2717 593 rna·

1592 647 1645 696 n
1817 634 1905 696 nt

435 732 659 824 Quae
703 750 840 801 me
902 749 1252 828 cumque
1296 737 1588 801 vocant
1628 646 1928 803 {ri-lae:
2018 724 2147 800 Sic
2188 720 2439 819 fatua,
2504 723 2721 800 ami-

1608 853 1793 904 Cum

2556 836 2715 906 610

432 933 735 1010 Ilionea
764 933 965 1033 petit
1010 930 1300 1026 dextra,
1355 927 1736 1033 laevaque
1768 935 2217 1022 Serestum3

434 1042 626 1118 Post
666 1035 885 1131 alios»,
914 1032 1380 1136 fortemque
1410 1039 1656 1132 Gyan,
1688 1032 2153 1136 fortemque
2183 1031 2711 1110 Cloanthum.

544 1138 981 1241 Obstupuit
1011 1139 1275 1239 primo
1310 1137 1692 1239 adspectu
1730 1138 2058 1216 Sidonia
2090 1135 2325 1231 Dido,

438 1364 533 1400 nus
568 1347 733 1407 bene3
769 1346 867 1398 sed
899 1356 1136 1399 remanet
1169 1345 1449 1399 difficultas
1484 1347 1538 1398 in
1574 1347 1737 1398 verbo
1766 1343 2123 1408 lusu-abunt,-
2157 1361 2268 1395 rem
2304 1342 2517 1411 optime

439 1416 635 1469 divisse
667 1415 799 1468 mihi
831 1415 1035 1473 videtur
1069 1415 1301 1485 Heynius
1335 1417 1392 1467 iu
1427 1419 1556 1468 Not.
1595 1416 1738 1483 Wr.)

438 1486 591 1543 male.
637 1485 844 1606 1polum
884 1486 1013 1537 dum
1053 1504 1096 1538 s.
1132 1498 1360 1557 pascent
1399 1486 1591 1538 Hamb.
1631 1485 1783 1538 alter.
1822 1485 2021 1605 dpaleu
2044 1484 2233 1536 misere
2262 1481 2537 1533 emendat.
2574 1484 2711 1533 Bro-

439 1556 605 1609 daeus

722 1554 870 1607 Mise.
910 1557 995 1610 17.
1059 1556 1240 1626 pascit
1291 1555 1495 1608 Medic..
1537 1574 1582 1607 c.
1614 1555 1683 1607 al.
1719 1572 1819 1638 apu

1891 1553 2073 1606 Heius.
2124 1553 2269 1623 quod
2307 1551 2545 1603 mireris.
2586 1551 2709 1618 (vid.

442 1628 511 1690 Q.
545 1626 615 1676 V.
652 1625 745 1688 Vl,
777 1626 832 1679 5.
898 1626 1040 1677 Vera
1072 1622 1234 1676 lectio
1282 1638 1473 1696 pascet
1508 1635 1674 1677 exstat
1709 1636 1866 1677 enam
1912 1623 1969 1675 in
2015 1622 2202 1686 Palae,
2251 1633 2345 1685 et,
2386 1633 2443 1673 ut
2482 1622 2710 1682 videtur,

439 1693 498 1747 iu
521 1696 670 1747 Rom.
711 1691 856 1759 Wr.)
884 1707 1076 1763 poscet
1107 1694 1293 1760 fragm.
1328 1695 1500 1747 Vatic-

1637 1696 1742 1748 610
1778 1712 1884 1764 quo
1919 1711 2026 1745 aee.
2063 1692 2350 1759 Hamburg.
2381 1702 2436 1742 et
2462 1690 2709 1742 Parthas.

440 1776 635 1816 vocem
682 1763 819 1815 alter
852 1762 1108 1815 Rotteud.
1161 1781 1192 1814 a
1226 1781 1295 1814 m.
1332 1781 1437 1816 see.
1486 1774 1541 1815 et
1577 1764 1739 1816 Goth.
1773 1781 1878 1814 see.
1930 1761 2058 1831 (vid.
2108 1764 2174 1825 Q.
2211 1763 2277 1812 V.
2317 1762 2406 1824 vl,
2443 1762 2501 1814 2.
2568 1761 2705 1825 Wr.)

440 1834 546 1888 611
574 1835 923 1905 Sergestum,
961 1836 1302 1895 Sereserum,
1340 1836 1630 1905 Segestam
1665 1832 1734 1885 al.
1768 1831 1859 1884 hic
1894 1842 1952 1884 et
1984 1829 2131 1883 alibi.
2170 1849 2218 1882 v.
2256 1833 2428 1881 Burm.
2470 1840 2530 1880 et
2571 1829 2704 1880 Pier.

441 1904 760 1973 Sergestum
807 1911 864 1952 et
910 1905 1190 1954 Serestum
1239 1919 1396 1953 unum
1445 1901 1768 1972 eundemque
1832 1919 1980 1965 esse,
2045 1911 2275 1952 statuere
2323 1899 2484 1950 video
2540 1901 2609 1950 V.
2654 1899 2705 1949 C.

439 1971 666 2022 Brunek.
696 1973 739 2035 1,
769 1968 894 2029 343,
931 1971 1075 2040 quod
1113 1970 1197 2022 vix
1231 1972 1398 2022 feram
1430 1989 1498 2023 ue
1534 1970 1589 2022 in
1624 1971 1762 2024 malo
1799 1971 2011 2040 quidem
2042 1979 2235 2039 poeta3
2273 1977 2329 2020 et
2368 1969 2502 2037 quid
2539 1968 2703 2019 facie-

441 2058 556 2092 mus
603 2039 778 2091 versui
824 2041 956 2102 XII,
1003 2040 1103 2095 561
1158 2042 1455 2093 Mnesthea
1501 2045 1923 2113 Sergestumque
1968 2052 2133 2091 vocat

442 2108 627 2161 stum?
694 2108 861 2160 Etiam
905 2127 1027 2161 mox
1073 2110 1302 2192 Gigqm,
1353 2112 1527 2163 Giam.

434 2181 621 2262 ptimo
655 2179 843 2229 eodem
890 2196 1044 2230 seusu
1094 2197 1213 2249 capl
1247 2197 1346 2247 par
1379 2190 1479 2232 est.
1529 2181 1609 2249 (et
1655 2179 1761 2231 vid.

2210 2052 2327 2091 orte
2415 2058 2492 2090 ue
2542 2042 2701 2090 Sere-

1666 2111 1771 2165 613

1862 2111 2054 2161 timum
2088 2127 2172 2160 ma
2195 2109 2318 2160 ebat
2404 2108 2563 2171 eins„
2610 2106 2701 2158 aed

1855 2216 1869 2231 .
1909 2180 1978 2231 V.
2011 2179 2267 2243 XXVIII,
2302 2179 2353 2233 6.
2422 2176 2710 2229 Medioeus

441 2265 500 2300 ιιι
534 2246 720 2300 ordine
757 2242 973 2299 exhibet
999 2250 1174 2320 prim,
1211 2259 1266 2300 et
1301 2268 1332 2302 o
1366 2249 1791 2320 superscriptam.
1839 2247 1984 2316 Wr.)

444 2388 756 2451 videntur.
841 2387 916 2447 Et
947 2388 1373 2449 Callimachum
1413 2410 1526 2449 ex-

442 2493 716 2556 pressum
759 2493 883 2533 esse
921 2495 956 2533 a
1002 2484 1243 2551 nostro,
1288 2477 1407 2535 iam
1451 2476 1525 2535 ab

443 2562 621 2621 Anna
691 2561 870 2620 Fabri
940 2562 1184 2640 aliisque
1259 2572 1322 2621 et
1386 2572 1526 2621 ante

446 2667 653 2707 omnes
681 2667 717 2706 a
742 2647 1041 2707 Germano
1068 2647 1316 2707 Valente
1347 2647 1426 2706 ad
1464 2645 1527 2708 h.

442 2732 485 2794 l.
529 2743 621 2793 est
662 2742 972 2809 notatum,
1014 2734 1081 2792 in
1123 2732 1247 2792 Del.
1299 2738 1529 2797 176-

454 2821 756 2904 Τείρεσιν,
814 2817 861 2900 ἦ
867 2821 1005 2882 νίκα
1071 2824 1320 2881 πλεῖστα
1386 2812 1527 2881 κατ’

443 2898 598 2986 ἠέρα
624 2903 1067 2986 βουκολέονται.
1142 2906 1292 2964 Cum
1323 2902 1527 2963 tamen

444 2990 867 3050 Lucretianum
895 2990 943 3064 1,
970 2993 1097 3055 232
1130 2992 1288 3049 unde
1327 2991 1533 3049 aether

444 3076 643 3134 sidera
665 3076 921 3154 pascit?
964 3084 1024 3133 et
1065 3075 1177 3134 alia
1217 3074 1383 3152 loca,
1426 3077 1549 3135 itt--

443 3159 653 3241 primis
691 3159 763 3235 V,
805 3159 932 3225 384
962 3181 1121 3240 sqq„
1166 3160 1531 3221 multoma-

443 3245 531 3325 gis
571 3244 766 3306 videri
814 3246 1045 3324 possint
1079 3254 1294 3324 poetae
1330 3246 1533 3306 animo

444 3330 761 3394 insedisse:
814 3332 1165 3391 Servianum
1230 3331 1534 3413 interpre-

442 3417 730 3479 tationem
779 3437 900 3476 uon
936 3416 1114 3498 plane
1154 3436 1416 3496 spernas,
1462 3427 1534 3476 ut

445 3503 525 3563 ad
552 3501 1051 3583 philosophorum
1070 3501 1408 3581 opinionem
1432 3522 1532 3562 re-

445 3589 632 3665 feras,
687 3608 808 3667 qua
868 3597 1030 3647 astra
1095 3588 1340 3648 marinis
1405 3600 1530 3649 ter-

443 3673 724 3753 renisque
779 3672 1136 3735 humoribus
1204 3678 1532 3736 attenuatis

447 3753 864 3842 (ἇπορῤοίαις)
895 3759 975 3819 ali
1000 3760 1392 3841 putabantur,
1407 3761 1531 3823 vid.

445 3845 641 3905 Cerda
712 3854 772 3904 et
844 3845 882 3905 Ι.
941 3845 982 3905 1.
1057 3868 1091 3905 a
1149 3847 1571 3924 Burmann03„

446 3930 952 4010 quemadmodum
970 3931 1073 3990 iris
1096 3931 1384 3993 imbibere
1412 3934 1531 3992 im-

445 4016 602 4077 bres.
675 4038 733 4077 v.
791 4016 871 4076 ad
931 4017 1149 4077 Tibull.
1207 4018 1267 4094 1,
1307 4017 1384 4094 4,
1427 4018 1531 4083 44.

448 4099 671 4184 (Verba
710 4104 895 4181 polus
936 4102 1134 4162 sidem
1167 4107 1376 4181 pascit
1407 4105 1531 4164 lin-

444 4208 594 4267 guae
652 4187 808 4248 ratio
862 4208 1056 4267 neque
1109 4188 1189 4248 ad
1247 4187 1408 4250 hauc
1456 4190 1531 4248 ab

445 4274 682 4355 Heynio
723 4283 1252 4352 commemoratam
1293 4276 1533 4356 opinio-

446 4380 582 4421 nem
632 4360 1072 4422 aceommodari
1113 4361 1376 4441 patitur,
1424 4383 1533 4422 ne—

1611 2409 1729 2469 que
1763 2389 1851 2448 ita
1896 2387 2175 2466 intelligi:
2218 2388 2422 2447 stellae
2465 2387 2528 2446 in
2564 2384 2700 2465 polo

1612 2488 1809 2536 errant
1857 2506 1947 2521 —
2003 2473 2122 2534 hoc
2190 2482 2279 2532 est
2350 2476 2699 2555 βουκολεεῖ·

1614 2569 1767 2625 σθαι
1784 2595 1857 2606 -
1879 2586 1897 2637 3
1925 2560 2035 2620 sed
2047 2560 2327 2638 Virgilius
2356 2560 2506 2619 (licit
2526 2576 2696 2637 aper-

1613 2658 1693 2724 te,
1738 2647 1878 2726 polo
1903 2646 2094 2705 inesse
2120 2646 2280 2706 vires
2307 2645 2511 2705 alendi
2543 2642 2694 2704 side-

1613 2753 1702 2792 ra·
1724 2734 1830 2794 W
1820 2731 1951 2813 οῘῑο)
2029 2736 2173 2797 609.
2201 2735 2344 2796 610.
2369 2735 2534 2791 Sunt
2559 2731 2693 2788 iun-

1611 2817 1836 2899 genda:
1888 2818 2269 2896 Quocunque
2316 2818 2555 2892 abiero,
2593 2816 2697 2873 be-

1614 2904 1808 2963 neficii
1843 2904 2073 2983 accepti
2109 2923 2338 2962 memor
2368 2924 2494 2964 ero.
2556 2899 2699 2982 (Aut

1612 2990 1819 3069 inepta
1843 3009 1988 3049 usus
2012 2998 2103 3048 est
2133 2998 2312 3070 poeta
2345 2985 2694 3069 hyperbola,

1615 3086 1724 3136 aut
1750 3074 1900 3134 haec
1924 3075 2012 3134 ita
2039 3074 2383 3153 accipienda
2414 3083 2591 3134 sunt:
2633 3070 2694 3129 In

1618 3162 1709 3221 iis
1733 3162 1945 3236 ten-ia,
1987 3161 2053 3220 in
2095 3161 2314 3239 quibus
2352 3160 2692 3229 consedere,

1618 3257 1693 3307 ut
1721 3247 2002 3327 perennis
2033 3247 2111 3306 sit
2142 3246 2409 3320 beneficii
2441 3246 2537 3307 tui
2574 3261 2693 3304 me-

1617 3333 1809 3396 moria
1829 3377 1846 3409 ,
1891 3332 2164 3392 efficiam.
2230 3336 2337 3393 W
2326 3330 2409 3414 r.)
2490 3350 2692 3390 nsane-

1618 3416 1784 3494 bunt,
1813 3419 2012 3477 animo
2040 3438 2203 3495 meo;
2249 3438 2560 3496 nunquam
2591 3434 2691 3474 ex-

1620 3503 1841 3564 cident.
1933 3508 2058 3568 610
2082 3536 2167 3550 -
2195 3508 2339 3573 613.
2381 3505 2600 3563 Laetus
2638 3505 2697 3556 et

1615 3598 1821 3669 gratus
1840 3588 2292 3649 benevolentiae
2319 3598 2380 3647 et
2410 3585 2692 3649 amicitiae

1587 3673 1865 3734 ..affectus
1914 3675 1981 3735 in
2031 3673 2127 3733 his
2174 3676 2444 3736 versibus
2493 3675 2691 3735 obser-

1617 3760 1873 3820 vandus.

1704 3850 1849 3911 613.
1895 3846 2182 3926 Respexit
2222 3844 2284 3906 h.
2321 3847 2362 3907 l.
2405 3847 2585 3907 Silius
2622 3838 2689 3913 11,

1617 3931 1747 3996 412
1790 3952 1918 4011 sqq.
1973 3952 2153 3990 casus
2196 3941 2288 3991 est
2326 3934 2585 4006 fortuna,
2625 3933 2689 3985 ut

1615 4019 1821 4078 statim
1865 4038 1924 4077 v.
1965 4017 2110 4083 615.
2213 4023 2358 4083 616.
2398 4014 2687 4079 Immani—

1617 4103 1726 4162 bus·
1767 4106 1884 4163 oris
1928 4103 2165 4182 Libyae,
2210 4104 2379 4164 cuius
2418 4105 2687 4164 immanes

1616 4199 1679 4249 et
1714 4189 1823 4248 seri
1852 4189 2102 4265 incolae,
2135 4189 2260 4249 sive
2287 4190 2470 4250 etiam
2495 4183 2684 4250 horri-

1620 4276 1733 4335 dae
1776 4284 1839 4334 et
1877 4294 2117 4356 asperae
2157 4277 2534 4355 incultaeque
2570 4283 2683 4332 ter-

1618 4380 1738 4422 rae.
1784 4361 2071 4442 Pompon.
2112 4363 2248 4422 Sab.
2287 4362 2375 4424 de.
2406 4364 2679 4439 intempe·

1820 1416 1972 1488 polis
1997 1416 2129 1466 dum
2164 1432 2210 1466 s.
2243 1359 2717 1475 nonnuuaeessd:
2815 1414 2817 1421 ⁴
