2882 5028
532 347 732 422 1010
968 334 1863 414 EXCURSUS
1965 334 2332 411 111.1V

521 557 635 614 per
669 553 875 593 ‹sm-as.
951 528 1242 607 eqtidem
1300 525 1464 585 antri
1510 527 1861 607 adspectum
1903 526 2102 584 animo
2152 544 2561 606 conceperam
2602 525 2757 586 hunt

529 630 600 681 ut
629 620 829 700 plures
859 615 1088 689 aditus,
1132 621 1545 689 seu-naeuus,
1590 613 1994 687 subterranei,
2058 610 2135 669 ad
2182 612 2505 691 penetrale
2556 613 2775 692 aliquod

529 725 764 764 sacrum
804 704 866 761 in
916 701 1130 759 intimo
1169 717 1408 759 recessu
1449 698 1772 772 ducerent,
1833 698 2103 756 clausum
2138 697 2324 759 illud:
2406 718 2544 776 quo
2591 707 2777 780 aperte

528 791 786 870 Sibyllae
828 789 995 846 intus
1045 784 1429 844 vaticinantis
1478 791 1637 857 vox,
1694 803 1802 864 per
1846 773 2015 843 fore?
2046 792 2319 863 patentes
2365 785 2628 860 audita,
2700 804 2779 864 pe

528 886 802 948 centum,
843 891 948 931 seu
978 889 1087 951 per
1116 883 1320 930 omnes
1346 877 1598 947 meatus,
1642 879 1703 928 et
1735 869 1919 944 ostia,
1958 869 2276 929 serebatur.
2364 869 2552 929 Haec
2578 890 2780 950 sequn-

527 971 627 1021 tus
657 981 790 1019 sum
814 958 892 1017 ad
923 977 1011 1016 vs.
1041 955 1143 1019 42.
1172 959 1272 1022 48.
1988 975 1991 978 ·

698 1047 856 1119 Iam,
899 1043 949 1101 si
979 1042 1290 1101 Strabonis
1323 1041 1522 1100 locum
1558 1060 1635 1100 ex
1667 1040 1944 1121 Ephoro,
1997 1039 2101 1098 lib.
2147 1040 2215 1113 V,
2258 1060 2317 1119 p.
2364 1040 2509 1106 244
2538 1043 2612 1118 C,
2655 1043 2807 1102 coa—3

527 1134 710 1206 feras,
756 1150 880 1189 non
914 1147 1039 1187 uno
1071 1128 1207 1187 loco
1241 1126 1381 1186 olim
1418 1123 1490 1189 τὸ
1537 1134 1820 1208 μαντεῖον
1865 1125 2049 1184 fuisse
2073 1125 2382 1205 intelligas.
2476 1128 2648 1188 Erat
2682 1132 2787 1208 pri·

529 1238 692 1277 mum
722 1236 841 1275 non
882 1213 1054 1290 longe
1097 1233 1131 1271 a
1174 1214 1354 1292 Styge
1397 1212 1611 1288 situm,
1665 1221 1729 1271 et
1770 1205 1874 1274 διά
1918 1235 2104 1273 τινων
2143 1205 2517 1293 ὀρυγμάτων
2547 1248 2632 1259 -
2671 1213 2791 1286 ταῖς

529 1302 739 1376 ξένους
780 1300 866 1374 εἷς
896 1295 963 1361 τὸ
994 1304 1278 1376 μαντεῖον
1315 1297 1596 1379 δέχεσθαι
1636 1305 1850 1357 narrat
1882 1297 2251 1371 sacerdotes,
2293 1294 2457 1360 noh}
2511 1297 2656 1363 ὖπδ
2700 1305 2795 1382 γῆς

530 1386 871 1469 ἱδρυμένον.
955 1382 1101 1443 Mox
1133 1403 1166 1440 a
1192 1402 1330 1462 rege
1370 1384 1568 1462 aliquo
1608 1384 1952 1443 interfectos
1987 1383 2354 1458 sacerdotes,
2416 1379 2495 1446 τό
2535 1385 2612 1448 δὲ
2646 1411 2797 1466 μιν·

526 1480 689 1535 τεῖον
727 1471 812 1534 ἔτι
847 1468 1099 1549 (Ephori
1132 1478 1426 1548 tempore,
1483 1468 1587 1547 qui
1619 1469 1877 1547 Philippi
1916 1468 2260 1527 Macedonis
2294 1478 2581 1548 tempore
2620 1472 2799 1548 vixit]

528 1555 855 1638 συμμένειν
899 1553 1271 1634 μεθεστηκός
1318 1554 1403 1628 εἰς
1450 1553 1653 1636 ἕτερον
1692 1549 1901 1617 τόπον.
1988 1555 2169 1614 Poeta
2215 1563 2427 1613 noster
2468 1556 2695 1635 itaque
2735 1558 2804 1615 ad

527 1642 830 1721 antiquius
867 1639 1019 1698 illud
1050 1641 1356 1699 oraculum
1383 1640 1676 1719 respicere
1705 1638 2030 1720 putandus.

696 1726 961 1786 Edoctus
987 1745 1021 1782 a
1053 1725 1277 1804 Sibylla
1302 1726 1557 1800 Aeneas,
1605 1744 1788 1784 aureo
1824 1745 1994 1783 ramo
2023 1745 2177 1802 opus
2218 1743 2378 1799 esse,
2423 1726 2475 1783 si
2515 1725 2652 1785 loca
2700 1727 2803 1785 in-

524 1814 650 1874 fera
683 1810 912 1889 ingredi
943 1811 1121 1886 velit,
1166 1830 1443 1870 reversus
1477 1809 1555 1869 ad
1591 1811 1782 1885 littus,
1827 1820 1889 1869 et
1918 1810 2126 1869 Miseni
2159 1830 2418 1889 corpore
2443 1822 2802 1892 conspecto,

524 1909 597 1959 ut
627 1898 778 1958 illud
807 1905 1098 1956 cremaret
1134 1896 1302 1975 lignis
1331 1896 1667 1971 convectis,
1712 1896 1922 1955 silvam
1969 1915 2179 1956 versus
2219 1898 2528 1955 Aves-num
2571 1915 2801 1976 perer·

523 1993 650 2059 rat,
691 1984 1054 2060 inventoque
1082 2002 1252 2041 ramo
1280 1991 1715 2063 apportatoque
1745 1981 1825 2040 ad
1857 1981 2139 2058 Sibyllam
2156 2026 2174 2057 ,
2217 1983 2321 2042 illa
2348 1982 2499 2040 duce
2527 1982 2609 2040 ad
2637 2004 2803 2058 npe-

522 2071 770 2129 bancam
815 2068 1078 2142 accedit,
1130 2068 1432 2125 diversam
1475 2089 1518 2126 a
1557 2072 1758 2145 priore
1799 2068 1948 2138 illa,·
2005 2069 2225 2126 etenim
2267 2069 2422 2127 circa
2467 2068 2803 2127 Avernum

524 2154 722 2214 aditus
752 2154 831 2212 ad
870 2172 1001 2212 eam
1038 2173 1096 2211 v.
1138 2155 1283 2215 238.
1370 2153 1439 2211 In
1483 2152 1663 2211 huius
1707 2153 2021 2232 speluncae
2065 2154 2238 2213 aditu
2275 2174 2517 2213 sacrum
2560 2155 2803 2212 faciunt

520 2259 580 2299 v,
618 2237 746 2304 242
791 2258 937 2316 sqq„
984 2258 1017 2294 a
1060 2237 1254 2295 media
1312 2247 1492 2296 nocte
1527 2239 1647 2297 iter
1686 2257 1795 2318 per
1839 2258 1971 2296 eam
2021 2239 2101 2297 ad
2150 2239 2382 2297 inferos
2440 2240 2797 2299 insumunt.

520 2323 665 2388 255.
696 2327 843 2386 262.
903 2324 1205 2381 Postrema
1240 2322 1389 2380 haee
1421 2324 1501 2381 sd
1528 2343 1713 2382 unam
1748 2323 2117 2401 eandemque
2146 2325 2495 2403 speluncam
2522 2338 2797 2405 spectare

518 2406 822 2480 videntur,
867 2426 1020 2484 quae
1045 2415 1136 2465 est
1167 2409 1426 2465 Baiana
1447 2453 1466 2481 ‚
1512 2428 1691 2486 quam
1722 2428 1887 2468 nunc
1912 2410 2236 2489 appellant,
2263 2412 2558 2488 quoniam
2584 2431 2795 2472 versu·

517 2493 688 2552 Baias
716 2500 965 2572 spectat.
1021 2493 1144 2552 Nec
1173 2493 1365 2571 probo
1393 2494 1657 2570 Paolum,
1691 2495 1793 2573 qui
1823 2494 2173 2556 descensum
2200 2497 2448 2575 quidem
2470 2517 2595 2578 per
2621 2497 2787 2559 hanc.

520 2600 688 2639 sacra
717 2588 919 2638 autem
950 2578 1029 2637 ad
1058 2580 1297 2639 tertiam
1332 2580 1676 2658 speluncam
1695 2626 1710 2655 ‚
1761 2581 2123 2656 Gemanam,
2172 2584 2337 2642 sacta
2364 2603 2496 2643 esse
2529 2583 2625 2665 (v.
2653 2591 2767 2650 287

521 2666 856 2725 contendit.
942 2665 1158 2723 Baiana
1196 2665 1294 2723 illa
1324 2666 1633 2743 superiore
1668 2664 1870 2725 adhue
1899 2669 2133 2728 saeculo
2179 2668 2382 2728 multo
2425 2673 2785 2749 profundit<

520 2761 583 2810 et
613 2752 794 2811 latius
821 2751 937 2809 iter
973 2751 1317 2830 praebuisse
1355 2751 1636 2827 videtur,
1678 2753 1725 2810 si
1771 2751 2054 2812 Mazaella
2093 2753 2160 2835 (l.
2184 2775 2237 2815 c.
2283 2775 2336 2813 c.
2372 2756 2489 2838 15)
2537 2767 2607 2817 et
2640 2759 2783 2817 uor-

519 2837 658 2897 mile
690 2836 967 2918 (Armua.
1004 2837 1073 2894 di
1099 2836 1408 2895 Pozzuolo
1431 2856 1484 2896 c.
1517 2835 1623 2916 17)
1649 2856 1795 2896 vera
1819 2848 2089 2899 narrant.

1068 3257 1943 3351 EXCURSUS
2064 3260 2205 3347 IV

841 3422 968 3490 De
1033 3425 1370 3496 Aeneae
1439 3454 1790 3497 accessu
1849 3431 1964 3497 ad
2036 3429 2440 3497 Italiam.

685 3594 926 3653 Aeneas
957 3617 1031 3655 ea·
1066 3600 1283 3660 Sicilia
1304 3623 1418 3679 per
1449 3603 1814 3681 Tyrrhenum
1857 3624 2024 3663 mare
2040 3602 2353 3683 profectus
2371 3648 2393 3678 ‚
2444 3606 2662 3683 prim
2715 3603 2779 3663 d

515 3676 774 3737 Italiam
802 3683 1069 3757 appulsu
1095 3695 1337 3764 portum
1365 3688 1717 3751 Palinurum
1746 3689 1965 3764 subiit,
2014 3694 2121 3770 qui
2157 3708 2194 3746 a
2232 3689 2509 3767 quodam
2561 3693 2773 3750 sem-e

515 3762 912 3843 gubernatore
956 3768 1044 3826 ibt
1072 3773 1352 3850 defuncto
1382 3795 1596 3833 nomen
1632 3778 1935 3853 accepisse
1948 3775 2171 3853 finur.
2264 3774 2434 3834 Haec
2462 3777 2771 3858 Dionysi-2·

515 3869 594 3908 ex
616 3851 918 3911 communi
943 3856 1308 3934 scriptorum
1340 3861 1685 3920 narratione
1712 3860 1908 3920 tradit
1931 3862 2032 3920 lib.
2062 3860 2105 3937 1,
2151 3861 2253 3925 53.
2340 3861 2641 3942 Virgilius
2686 3882 2769 3922 n«

515 3934 672 3995 hanc
710 3937 902 3995 famae
960 3944 1179 4001 veteris
1236 3944 1421 4005 fidem
1476 3948 1902 4026 praetermisit3
1974 3965 2051 4005 ne
2107 3955 2309 4005 tamen
2364 3949 2771 4025 frequentiam

517 4023 800 4100 appulsus
842 4031 1407 4091 commemoratione
1436 4033 1724 4092 molestus
1760 4043 1914 4092 esset
1958 4034 2198 4108 lectori,
2242 4032 2507 4093 alterum
2555 4035 2639 4093 ad
2666 4036 2769 4092 Ca·

514 4127 643 4166 mas
665 4130 962 4171 accessum
988 4115 1213 4194 attigit,
1257 4118 1606 4179 Palinurum
1634 4138 1782 4180 vero
1808 4120 1952 4179 navi
1989 4138 2304 4178 excussum
2338 4119 2417 4177 ad
2448 4120 2631 4178 littus
2664 4121 2767 4178 Lu-

515 4194 718 4253 caniae
748 4207 1044 4278 enatasse,
1091 4203 1196 4261 sed
1223 4224 1257 4261 a
1285 4204 1559 4265 barbaris
1601 4205 1861 4265 occisum
1889 4205 2127 4287 piaculo
2156 4205 2447 4264 finitimos
2492 4206 2767 4285 obligant

514 4291 745 4340 narrat.
830 4288 981 4344 Mox
1021 4310 1157 4347 vero
1187 4291 1464 4347 Lucanis·
1500 4293 1848 4368 pestilentia
1890 4291 2302 4352 laborantibus
2342 4292 2565 4370 (verba
2594 4292 2765 4352 Servi

513 4376 658 4424 sunt
700 4368 777 4425 ad
829 4369 911 4429 v1
923 4414 940 4446 ‚
1015 4377 1167 4455 378)
1230 4377 1534 4452 respondit
1587 4378 1935 4454 oraculum,
2026 4378 2246 4436 Manes
2306 4379 2603 4437 Ραὶἱηωί
2660 4400 2765 4435 a*
