<?xml version="1.0" encoding="UTF-8"?>
<!DOCTYPE html PUBLIC "-//W3C//DTD XHTML 1.0 Transitional//EN"
    "http://www.w3.org/TR/xhtml1/DTD/xhtml1-transitional.dtd">
<html xmlns="http://www.w3.org/1999/xhtml" xml:lang="en" lang="en">
 <head>
  <title>
</title>
<meta http-equiv="Content-Type" content="text/html;charset=utf-8" />
  <meta name='ocr-system' content='tesseract 3.04.00' />
  <meta name='ocr-capabilities' content='ocr_page ocr_carea ocr_par ocr_line ocrx_word'/>
</head>
<body>
  <div class='ocr_page' id='page_1' title='image "./pvblivsvirgiliv00sillgoog/pvblivsvirgiliv00sillgoog_0510.png"; bbox 0 0 2882 5028; ppageno 0'>
   <div class='ocr_carea' id='block_1_1' title="bbox 514 376 2114 492">
    <p class='ocr_par' dir='ltr' id='par_1_1' title="bbox 514 376 2114 492">
     <span class='ocr_line' id='line_1_1' title="bbox 514 376 2114 492; baseline 0.007 -43"><span class='ocrx_word' id='word_1_1' title='bbox 514 376 1132 452; x_wconf 80' lang='lat' dir='ltr'>AENEmos</span> <span class='ocrx_word' id='word_1_2' title='bbox 1185 379 1397 454; x_wconf 77' lang='lat' dir='ltr'>Lm.</span> <span class='ocrx_word' id='word_1_3' title='bbox 1451 379 1586 467; x_wconf 88' lang='lat'>111,</span> <span class='ocrx_word' id='word_1_4' title='bbox 1639 385 2114 492; x_wconf 10' lang='lat'>301-318*</span> 
     </span>
    </p>
   </div>
   <div class='ocr_carea' id='block_1_2' title="bbox 186 558 2083 658">
    <p class='ocr_par' dir='ltr' id='par_1_2' title="bbox 186 558 2083 658">
     <span class='ocr_line' id='line_1_2' title="bbox 186 558 2083 658; baseline 0.002 -22"><span class='ocrx_word' id='word_1_5' title='bbox 186 564 476 636; x_wconf 84' lang='lat' dir='ltr'>Verane</span> <span class='ocrx_word' id='word_1_6' title='bbox 507 574 589 638; x_wconf 90' lang='lat' dir='ltr'>te</span> <span class='ocrx_word' id='word_1_7' title='bbox 620 558 895 658; x_wconf 81' lang='lat' dir='ltr'>facieS‚</span> <span class='ocrx_word' id='word_1_8' title='bbox 950 587 1185 639; x_wconf 85' lang='lat' dir='ltr'>verus</span> <span class='ocrx_word' id='word_1_9' title='bbox 1215 561 1412 637; x_wconf 90' lang='lat' dir='ltr'>mihi</span> <span class='ocrx_word' id='word_1_10' title='bbox 1446 562 1770 640; x_wconf 88' lang='lat' dir='ltr'>nuntius</span> <span class='ocrx_word' id='word_1_11' title='bbox 1799 563 2083 656; x_wconf 74' lang='lat' dir='ltr'>adfer5‚</span> 
     </span>
    </p>
   </div>
   <div class='ocr_carea' id='block_1_3' title="bbox 2268 391 2413 460">
    <p class='ocr_par' dir='ltr' id='par_1_3' title="bbox 2268 391 2413 460">
     <span class='ocr_line' id='line_1_3' title="bbox 2268 391 2413 460; baseline -0.007 0"><span class='ocrx_word' id='word_1_12' title='bbox 2268 391 2413 460; x_wconf 79' lang='lat'>487</span> 
     </span>
    </p>
   </div>
   <div class='ocr_carea' id='block_1_4' title="bbox 183 663 2107 764">
    <p class='ocr_par' dir='ltr' id='par_1_4' title="bbox 183 663 2107 764">
     <span class='ocr_line' id='line_1_4' title="bbox 183 663 2107 764; baseline 0.002 -24"><span class='ocrx_word' id='word_1_13' title='bbox 183 669 362 740; x_wconf 81' lang='lat' dir='ltr'>Nate</span> <span class='ocrx_word' id='word_1_14' title='bbox 388 663 587 742; x_wconf 81' lang='lat' dir='ltr'>dea?</span> <span class='ocrx_word' id='word_1_15' title='bbox 637 666 991 743; x_wconf 84' lang='lat' dir='ltr'>vivisne?</span> <span class='ocrx_word' id='word_1_16' title='bbox 1047 679 1214 763; x_wconf 83' lang='lat' dir='ltr'>aut,</span> <span class='ocrx_word' id='word_1_17' title='bbox 1267 668 1330 741; x_wconf 89' lang='lat' dir='ltr'>si</span> <span class='ocrx_word' id='word_1_18' title='bbox 1361 663 1492 741; x_wconf 85' lang='lat' dir='ltr'>lux</span> <span class='ocrx_word' id='word_1_19' title='bbox 1525 665 1726 743; x_wconf 79' lang='lat' dir='ltr'>alma</span> <span class='ocrx_word' id='word_1_20' title='bbox 1761 670 2107 764; x_wconf 82' lang='lat' dir='ltr'><strong>recessit,</strong></span> 
     </span>
    </p>
   </div>
   <div class='ocr_carea' id='block_1_5' title="bbox 182 768 1228 867">
    <p class='ocr_par' dir='ltr' id='par_1_5' title="bbox 182 768 1228 867">
     <span class='ocr_line' id='line_1_5' title="bbox 182 768 1228 867; baseline 0.002 -26"><span class='ocrx_word' id='word_1_21' title='bbox 182 771 459 843; x_wconf 82' lang='lat' dir='ltr'><strong>Hector</strong></span> <span class='ocrx_word' id='word_1_22' title='bbox 523 768 665 843; x_wconf 91' lang='lat' dir='ltr'>ubi</span> <span class='ocrx_word' id='word_1_23' title='bbox 742 778 910 847; x_wconf 85' lang='lat' dir='ltr'>est?</span> <span class='ocrx_word' id='word_1_24' title='bbox 993 768 1228 867; x_wconf 71' lang='lat' dir='ltr'>dixit,</span> 
     </span>
    </p>
   </div>
   <div class='ocr_carea' id='block_1_6' title="bbox 179 937 1213 1072">
    <p class='ocr_par' dir='ltr' id='par_1_6' title="bbox 179 937 1213 1072">
     <span class='ocr_line' id='line_1_6' title="bbox 179 937 1213 1072; baseline 0.001 -24"><span class='ocrx_word' id='word_1_25' title='bbox 179 937 506 1072; x_wconf 79' lang='lat' dir='ltr'>Inplevit</span> <span class='ocrx_word' id='word_1_26' title='bbox 542 973 894 1049; x_wconf 82' lang='lat' dir='ltr'>clamore</span> <span class='ocrx_word' id='word_1_27' title='bbox 923 973 1213 1056; x_wconf 85' lang='lat' dir='ltr'>locum.</span> 
     </span>
    </p>
   </div>
   <div class='ocr_carea' id='block_1_7' title="bbox 1316 768 2416 949">
    <p class='ocr_par' dir='ltr' id='par_1_7' title="bbox 1316 768 2416 949">
     <span class='ocr_line' id='line_1_7' title="bbox 1316 768 2416 873; baseline 0.005 -31"><span class='ocrx_word' id='word_1_28' title='bbox 1316 768 1836 873; x_wconf 82' lang='lat' dir='ltr'>lacrimasque</span> <span class='ocrx_word' id='word_1_29' title='bbox 1908 770 2235 866; x_wconf 78' lang='lat' dir='ltr'>effudit,</span> <span class='ocrx_word' id='word_1_30' title='bbox 2336 788 2416 850; x_wconf 92' lang='lat' dir='ltr'>et</span> 
     </span>
     <span class='ocr_line' id='line_1_8' title="bbox 1327 897 1661 949; baseline 0.009 -2"><span class='ocrx_word' id='word_1_31' title='bbox 1327 897 1661 949; x_wconf 88' lang='lat' dir='ltr'>omnem</span> 
     </span>
    </p>
   </div>
   <div class='ocr_carea' id='block_1_8' title="bbox 1320 976 2067 1077">
    <p class='ocr_par' dir='ltr' id='par_1_8' title="bbox 1320 976 2067 1077">
     <span class='ocr_line' id='line_1_9' title="bbox 1320 976 2067 1077; baseline 0.003 -24"><span class='ocrx_word' id='word_1_32' title='bbox 1320 976 1466 1053; x_wconf 81' lang='lat' dir='ltr'>Vix</span> <span class='ocrx_word' id='word_1_33' title='bbox 1496 1003 1743 1077; x_wconf 84' lang='lat' dir='ltr'>pauca</span> <span class='ocrx_word' id='word_1_34' title='bbox 1769 977 2067 1056; x_wconf 84' lang='lat' dir='ltr'>furenti</span> 
     </span>
    </p>
   </div>
   <div class='ocr_carea' id='block_1_9' title="bbox 180 1076 2411 1287">
    <p class='ocr_par' dir='ltr' id='par_1_9' title="bbox 180 1076 2411 1287">
     <span class='ocr_line' id='line_1_10' title="bbox 182 1076 1927 1172; baseline 0.005 -22"><span class='ocrx_word' id='word_1_35' title='bbox 182 1076 550 1172; x_wconf 86' lang='lat' dir='ltr'>Subiici0‚</span> <span class='ocrx_word' id='word_1_36' title='bbox 609 1089 687 1152; x_wconf 88' lang='lat' dir='ltr'>et</span> <span class='ocrx_word' id='word_1_37' title='bbox 711 1080 901 1152; x_wconf 86' lang='lat' dir='ltr'>raris</span> <span class='ocrx_word' id='word_1_38' title='bbox 930 1078 1287 1153; x_wconf 82' lang='lat' dir='ltr'>turbatus</span> <span class='ocrx_word' id='word_1_39' title='bbox 1316 1080 1642 1156; x_wconf 84' lang='lat' dir='ltr'>vocibus</span> <span class='ocrx_word' id='word_1_40' title='bbox 1673 1081 1927 1160; x_wconf 84' lang='lat' dir='ltr'>hisco:</span> 
     </span>
     <span class='ocr_line' id='line_1_11' title="bbox 180 1178 2411 1287; baseline 0 -30"><span class='ocrx_word' id='word_1_41' title='bbox 180 1180 360 1257; x_wconf 78' lang='lat' dir='ltr'>Vivo</span> <span class='ocrx_word' id='word_1_42' title='bbox 445 1178 829 1282; x_wconf 87' lang='lat' dir='ltr'>equidem</span> <span class='ocrx_word' id='word_1_43' title='bbox 863 1242 884 1278; x_wconf 89' lang='lat'><strong><em>‚</em></strong></span> <span class='ocrx_word' id='word_1_44' title='bbox 989 1182 1390 1283; x_wconf 76' lang='lat' dir='ltr'>vitamque</span> <span class='ocrx_word' id='word_1_45' title='bbox 1487 1198 1830 1262; x_wconf 86' lang='lat' dir='ltr'>extrema</span> <span class='ocrx_word' id='word_1_46' title='bbox 1911 1211 2062 1287; x_wconf 90' lang='lat' dir='ltr'>per</span> <span class='ocrx_word' id='word_1_47' title='bbox 2142 1184 2411 1261; x_wconf 86' lang='lat' dir='ltr'>omnia</span> 
     </span>
    </p>
   </div>
   <div class='ocr_carea' id='block_1_10' title="bbox 1326 1284 2410 1368">
    <p class='ocr_par' dir='ltr' id='par_1_10' title="bbox 1326 1284 2410 1368">
     <span class='ocr_line' id='line_1_12' title="bbox 1326 1284 2410 1368; baseline 0.004 -7"><span class='ocrx_word' id='word_1_48' title='bbox 1326 1284 1558 1368; x_wconf 85' lang='lat' dir='ltr'>duco.</span> <span class='ocrx_word' id='word_1_49' title='bbox 2258 1291 2410 1367; x_wconf 83' lang='lat'>315</span> 
     </span>
    </p>
   </div>
   <div class='ocr_carea' id='block_1_11' title="bbox 154 1385 2106 1694">
    <p class='ocr_par' dir='ltr' id='par_1_11' title="bbox 154 1385 2106 1694">
     <span class='ocr_line' id='line_1_13' title="bbox 174 1385 1358 1470; baseline 0.005 -8"><span class='ocrx_word' id='word_1_50' title='bbox 174 1389 281 1462; x_wconf 91' lang='lat' dir='ltr'>Ne</span> <span class='ocrx_word' id='word_1_51' title='bbox 317 1385 630 1464; x_wconf 82' lang='lat' dir='ltr'>dubita:</span> <span class='ocrx_word' id='word_1_52' title='bbox 683 1410 868 1461; x_wconf 83' lang='lat' dir='ltr'>nam</span> <span class='ocrx_word' id='word_1_53' title='bbox 903 1411 1087 1463; x_wconf 78' lang='lat' dir='ltr'>vera</span> <span class='ocrx_word' id='word_1_54' title='bbox 1117 1386 1358 1470; x_wconf 83' lang='lat' dir='ltr'>vides.</span> 
     </span>
     <span class='ocr_line' id='line_1_14' title="bbox 154 1489 2007 1590; baseline 0.004 -28"><span class='ocrx_word' id='word_1_55' title='bbox 154 1491 371 1567; x_wconf 80' lang='lat' dir='ltr'>Heu!</span> <span class='ocrx_word' id='word_1_56' title='bbox 428 1490 604 1590; x_wconf 90' lang='lat' dir='ltr'>quis</span> <span class='ocrx_word' id='word_1_57' title='bbox 631 1500 712 1563; x_wconf 85' lang='lat' dir='ltr'>te</span> <span class='ocrx_word' id='word_1_58' title='bbox 747 1489 1388 1568; x_wconf 81' lang='lat' dir='ltr'>casus&#39;deiectam</span> <span class='ocrx_word' id='word_1_59' title='bbox 1421 1492 1758 1589; x_wconf 86' lang='lat' dir='ltr'>coniuge</span> <span class='ocrx_word' id='word_1_60' title='bbox 1788 1507 2007 1569; x_wconf 84' lang='lat' dir='ltr'>tanto</span> 
     </span>
     <span class='ocr_line' id='line_1_15' title="bbox 171 1593 2106 1694; baseline 0.004 -26"><span class='ocrx_word' id='word_1_61' title='bbox 171 1593 508 1694; x_wconf 81' lang='lat' dir='ltr'>Excipit?</span> <span class='ocrx_word' id='word_1_62' title='bbox 560 1605 693 1666; x_wconf 86' lang='lat' dir='ltr'>aut</span> <span class='ocrx_word' id='word_1_63' title='bbox 726 1619 929 1694; x_wconf 83' lang='lat' dir='ltr'>quae</span> <span class='ocrx_word' id='word_1_64' title='bbox 962 1594 1196 1693; x_wconf 81' lang='lat' dir='ltr'>digna</span> <span class='ocrx_word' id='word_1_65' title='bbox 1220 1597 1400 1672; x_wconf 83' lang='lat' dir='ltr'>satis</span> <span class='ocrx_word' id='word_1_66' title='bbox 1431 1593 1751 1688; x_wconf 79' lang='lat' dir='ltr'>fortuna</span> <span class='ocrx_word' id='word_1_67' title='bbox 1783 1598 2050 1673; x_wconf 88' lang='lat' dir='ltr'>revisit</span> <span class='ocrx_word' id='word_1_68' title='bbox 2070 1608 2106 1675; x_wconf 86' lang='lat'>?</span> 
     </span>
    </p>
   </div>
   <div class='ocr_carea' id='block_1_12' title="bbox 261 1735 875 1813">
    <p class='ocr_par' dir='ltr' id='par_1_12' title="bbox 261 1735 875 1813">
     <span class='ocr_line' id='line_1_16' title="bbox 261 1735 875 1813; baseline -0.01 0"><span class='ocrx_word' id='word_1_69' title='bbox 261 1739 433 1813; x_wconf 83' lang='lat'><strong>318.</strong></span> <span class='ocrx_word' id='word_1_70' title='bbox 485 1735 875 1807; x_wconf 69' lang='lat' dir='ltr'>Foru-UNA</span> 
     </span>
    </p>
   </div>
   <div class='ocr_carea' id='block_1_13' title="bbox 289 1903 2407 1976">
    <p class='ocr_par' dir='ltr' id='par_1_13' title="bbox 289 1903 2407 1976">
     <span class='ocr_line' id='line_1_17' title="bbox 289 1903 2407 1976; baseline -0.003 -14"><span class='ocrx_word' id='word_1_71' title='bbox 289 1908 398 1962; x_wconf 80' lang='grc'><strong>310</strong></span> <span class='ocrx_word' id='word_1_72' title='bbox 431 1924 623 1957; x_wconf 75' lang='lat' dir='ltr'>vetum</span> <span class='ocrx_word' id='word_1_73' title='bbox 651 1905 783 1955; x_wconf 76' lang='lat' dir='ltr'>mibi</span> <span class='ocrx_word' id='word_1_74' title='bbox 812 1903 1002 1958; x_wconf 81' lang='lat' dir='ltr'>Medic.</span> <span class='ocrx_word' id='word_1_75' title='bbox 1075 1903 1264 1976; x_wconf 75' lang='lat' dir='ltr'>adfert</span> <span class='ocrx_word' id='word_1_76' title='bbox 1292 1906 1493 1960; x_wconf 76' lang='lat' dir='ltr'>zulich.</span> <span class='ocrx_word' id='word_1_77' title='bbox 1524 1918 1579 1959; x_wconf 90' lang='lat' dir='ltr'>et</span> <span class='ocrx_word' id='word_1_78' title='bbox 1606 1909 1725 1959; x_wconf 85' lang='lat' dir='ltr'>Exc.</span> <span class='ocrx_word' id='word_1_79' title='bbox 1759 1909 1929 1958; x_wconf 86' lang='lat' dir='ltr'>Burm.</span> <span class='ocrx_word' id='word_1_80' title='bbox 1981 1906 2057 1957; x_wconf 83' lang='lat' dir='ltr'>ita</span> <span class='ocrx_word' id='word_1_81' title='bbox 2082 1905 2255 1956; x_wconf 86' lang='lat' dir='ltr'>lenior</span> <span class='ocrx_word' id='word_1_82' title='bbox 2281 1923 2407 1956; x_wconf 82' lang='lat' dir='ltr'>ora-</span> 
     </span>
    </p>
   </div>
   <div class='ocr_carea' id='block_1_14' title="bbox 170 1974 934 2167">
    <p class='ocr_par' dir='ltr' id='par_1_14' title="bbox 170 1974 934 2167">
     <span class='ocr_line' id='line_1_18' title="bbox 174 1974 934 2036; baseline 0.003 -12"><span class='ocrx_word' id='word_1_83' title='bbox 174 1975 238 2025; x_wconf 81' lang='lat' dir='ltr'>tio</span> <span class='ocrx_word' id='word_1_84' title='bbox 260 1976 431 2036; x_wconf 78' lang='lat' dir='ltr'>foret,</span> <span class='ocrx_word' id='word_1_85' title='bbox 468 1985 524 2026; x_wconf 79' lang='lat' dir='ltr'>at</span> <span class='ocrx_word' id='word_1_86' title='bbox 557 1974 722 2026; x_wconf 87' lang='lat' dir='ltr'>minus</span> <span class='ocrx_word' id='word_1_87' title='bbox 758 1975 934 2026; x_wconf 74' lang='lat' dir='ltr'>docta.</span> 
     </span>
     <span class='ocr_line' id='line_1_19' title="bbox 173 2048 578 2118; baseline 0.005 -24"><span class='ocrx_word' id='word_1_88' title='bbox 173 2056 262 2095; x_wconf 82' lang='lat' dir='ltr'>tres</span> <span class='ocrx_word' id='word_1_89' title='bbox 291 2064 376 2118; x_wconf 79' lang='lat' dir='ltr'>ap.</span> <span class='ocrx_word' id='word_1_90' title='bbox 409 2048 578 2096; x_wconf 86' lang='lat' dir='ltr'>Burm.</span> 
     </span>
     <span class='ocr_line' id='line_1_20' title="bbox 170 2114 321 2167; baseline 0.007 -1"><span class='ocrx_word' id='word_1_91' title='bbox 170 2114 321 2167; x_wconf 75' lang='lat' dir='ltr'>Vatic-</span> 
     </span>
    </p>
   </div>
   <div class='ocr_carea' id='block_1_15' title="bbox 715 1977 1878 2115">
    <p class='ocr_par' dir='ltr' id='par_1_15' title="bbox 715 1977 1878 2115">
     <span class='ocr_line' id='line_1_21' title="bbox 1073 1977 1878 2030; baseline -0.004 0"><span class='ocrx_word' id='word_1_92' title='bbox 1073 1977 1174 2030; x_wconf 83' lang='grc'>311</span> <span class='ocrx_word' id='word_1_93' title='bbox 1226 1996 1300 2028; x_wconf 80' lang='lat' dir='ltr'>an</span> <span class='ocrx_word' id='word_1_94' title='bbox 1340 1981 1392 2029; x_wconf 71' lang='lat' dir='ltr'>si</span> <span class='ocrx_word' id='word_1_95' title='bbox 1429 1979 1529 2028; x_wconf 77' lang='lat' dir='ltr'>lux</span> <span class='ocrx_word' id='word_1_96' title='bbox 1566 1978 1727 2029; x_wconf 84' lang='lat' dir='ltr'>Goth.</span> <span class='ocrx_word' id='word_1_97' title='bbox 1772 1995 1878 2030; x_wconf 84' lang='lat' dir='ltr'>sec.</span> 
     </span>
     <span class='ocr_line' id='line_1_22' title="bbox 715 2045 1736 2115; baseline -0.001 -17"><span class='ocrx_word' id='word_1_98' title='bbox 715 2045 819 2098; x_wconf 80' lang='lat'>313</span> <span class='ocrx_word' id='word_1_99' title='bbox 858 2045 1151 2115; x_wconf 74' lang='lat' dir='ltr'>complevit</span> <span class='ocrx_word' id='word_1_100' title='bbox 1181 2047 1429 2115; x_wconf 81' lang='lat' dir='ltr'>Excerpt.</span> <span class='ocrx_word' id='word_1_101' title='bbox 1463 2049 1736 2098; x_wconf 80' lang='lat' dir='ltr'>Burmann.</span> 
     </span>
    </p>
   </div>
   <div class='ocr_carea' id='block_1_16' title="bbox 466 2113 2408 2168">
    <p class='ocr_par' dir='ltr' id='par_1_16' title="bbox 466 2113 2408 2168">
     <span class='ocr_line' id='line_1_23' title="bbox 466 2113 2408 2168; baseline -0.002 0"><span class='ocrx_word' id='word_1_102' title='bbox 466 2115 574 2168; x_wconf 82' lang='lat'>316</span> <span class='ocrx_word' id='word_1_103' title='bbox 609 2114 728 2166; x_wconf 80' lang='lat' dir='ltr'>Nec</span> <span class='ocrx_word' id='word_1_104' title='bbox 762 2113 872 2165; x_wconf 71' lang='lat' dir='ltr'>duo</span> <span class='ocrx_word' id='word_1_105' title='bbox 914 2116 1082 2165; x_wconf 86' lang='lat' dir='ltr'>Burm.</span> <span class='ocrx_word' id='word_1_106' title='bbox 1156 2116 1243 2166; x_wconf 80' lang='lat' dir='ltr'>Ne</span> <span class='ocrx_word' id='word_1_107' title='bbox 1283 2114 1502 2168; x_wconf 76' lang='lat' dir='ltr'>dubites</span> <span class='ocrx_word' id='word_1_108' title='bbox 1544 2117 1681 2168; x_wconf 79' lang='lat' dir='ltr'>alter</span> <span class='ocrx_word' id='word_1_109' title='bbox 1717 2115 1867 2167; x_wconf 80' lang='lat' dir='ltr'>Leid.</span> <span class='ocrx_word' id='word_1_110' title='bbox 1941 2117 2028 2167; x_wconf 83' lang='lat' dir='ltr'>Ne</span> <span class='ocrx_word' id='word_1_111' title='bbox 2069 2116 2123 2166; x_wconf 83' lang='lat' dir='ltr'>d.</span> <span class='ocrx_word' id='word_1_112' title='bbox 2171 2134 2242 2165; x_wconf 82' lang='lat' dir='ltr'>ne</span> <span class='ocrx_word' id='word_1_113' title='bbox 2271 2132 2408 2165; x_wconf 78' lang='lat' dir='ltr'>veta</span> 
     </span>
    </p>
   </div>
   <div class='ocr_carea' id='block_1_17' title="bbox 2017 1975 2407 2044">
    <p class='ocr_par' dir='ltr' id='par_1_17' title="bbox 2017 1975 2407 2044">
     <span class='ocr_line' id='line_1_24' title="bbox 2017 1975 2407 2044; baseline -0.013 -13"><span class='ocrx_word' id='word_1_114' title='bbox 2017 1977 2123 2031; x_wconf 77' lang='grc'><strong>312</strong></span> <span class='ocrx_word' id='word_1_115' title='bbox 2172 1975 2407 2044; x_wconf 70' lang='lat' dir='ltr'>eff&#39;undie</span> 
     </span>
    </p>
   </div>
   <div class='ocr_carea' id='block_1_18' title="bbox 1874 2045 2405 2112">
    <p class='ocr_par' dir='ltr' id='par_1_18' title="bbox 1874 2045 2405 2112">
     <span class='ocr_line' id='line_1_25' title="bbox 1874 2045 2405 2112; baseline -0.011 -11"><span class='ocrx_word' id='word_1_116' title='bbox 1874 2046 1979 2100; x_wconf 84' lang='lat'>315</span> <span class='ocrx_word' id='word_1_117' title='bbox 2016 2047 2196 2097; x_wconf 78' lang='lat' dir='ltr'>omina</span> <span class='ocrx_word' id='word_1_118' title='bbox 2221 2045 2405 2112; x_wconf 78' lang='lat' dir='ltr'>fragm.</span> 
     </span>
    </p>
   </div>
   <div class='ocr_carea' id='block_1_19' title="bbox 170 2184 2404 2254">
    <p class='ocr_par' dir='ltr' id='par_1_19' title="bbox 170 2184 2404 2254">
     <span class='ocr_line' id='line_1_26' title="bbox 170 2184 2404 2254; baseline 0 -20"><span class='ocrx_word' id='word_1_119' title='bbox 170 2185 306 2236; x_wconf 73' lang='lat' dir='ltr'>vides·</span> <span class='ocrx_word' id='word_1_120' title='bbox 328 2184 471 2237; x_wconf 72' lang='lat' dir='ltr'>eud.</span> <span class='ocrx_word' id='word_1_121' title='bbox 498 2201 530 2235; x_wconf 78' lang='lat' dir='ltr'><strong>a</strong></span> <span class='ocrx_word' id='word_1_122' title='bbox 558 2202 625 2235; x_wconf 85' lang='lat' dir='ltr'>m.</span> <span class='ocrx_word' id='word_1_123' title='bbox 656 2200 736 2254; x_wconf 83' lang='lat' dir='ltr'>pr.</span> <span class='ocrx_word' id='word_1_124' title='bbox 806 2202 940 2235; x_wconf 77' lang='lat' dir='ltr'>vera</span> <span class='ocrx_word' id='word_1_125' title='bbox 951 2184 1105 2251; x_wconf 80' lang='lat' dir='ltr'>fides</span> <span class='ocrx_word' id='word_1_126' title='bbox 1133 2185 1189 2235; x_wconf 85' lang='lat' dir='ltr'>in</span> <span class='ocrx_word' id='word_1_127' title='bbox 1215 2203 1307 2235; x_wconf 87' lang='lat' dir='ltr'>sex</span> <span class='ocrx_word' id='word_1_128' title='bbox 1340 2184 1534 2238; x_wconf 83' lang='lat' dir='ltr'>lectum</span> <span class='ocrx_word' id='word_1_129' title='bbox 1563 2187 1767 2237; x_wconf 82' lang='lat' dir='ltr'>videbis</span> <span class='ocrx_word' id='word_1_130' title='bbox 1784 2224 1800 2250; x_wconf 92' lang='lat'><strong>,</strong></span> <span class='ocrx_word' id='word_1_131' title='bbox 1833 2185 1928 2235; x_wconf 87' lang='lat' dir='ltr'>sed</span> <span class='ocrx_word' id='word_1_132' title='bbox 1958 2184 2250 2236; x_wconf 75' lang='lat' dir='ltr'>recentibus</span> <span class='ocrx_word' id='word_1_133' title='bbox 2270 2222 2284 2246; x_wconf 91' lang='lat'>,</span> <span class='ocrx_word' id='word_1_134' title='bbox 2320 2202 2404 2252; x_wconf 80' lang='lat' dir='ltr'>ap.</span> 
     </span>
    </p>
   </div>
   <div class='ocr_carea' id='block_1_20' title="bbox 170 2254 637 2317">
    <p class='ocr_par' dir='ltr' id='par_1_20' title="bbox 170 2254 637 2317">
     <span class='ocr_line' id='line_1_27' title="bbox 170 2254 637 2317; baseline 0.002 -14"><span class='ocrx_word' id='word_1_135' title='bbox 170 2254 327 2306; x_wconf 75' lang='lat' dir='ltr'>Heius.</span> <span class='ocrx_word' id='word_1_136' title='bbox 350 2265 411 2306; x_wconf 84' lang='lat' dir='ltr'>et</span> <span class='ocrx_word' id='word_1_137' title='bbox 433 2257 606 2305; x_wconf 81' lang='lat' dir='ltr'>Bnrm.</span> <span class='ocrx_word' id='word_1_138' title='bbox 620 2292 637 2317; x_wconf 82' lang='lat'>,</span> 
     </span>
    </p>
   </div>
   <div class='ocr_carea' id='block_1_21' title="bbox 672 2253 2405 2324">
    <p class='ocr_par' dir='ltr' id='par_1_21' title="bbox 672 2253 2405 2324">
     <span class='ocr_line' id='line_1_28' title="bbox 672 2253 2405 2324; baseline 0.001 -21"><span class='ocrx_word' id='word_1_139' title='bbox 672 2253 815 2322; x_wconf 87' lang='lat' dir='ltr'>quod</span> <span class='ocrx_word' id='word_1_140' title='bbox 844 2253 1064 2304; x_wconf 84' lang='lat' dir='ltr'>Heinsio</span> <span class='ocrx_word' id='word_1_141' title='bbox 1097 2255 1514 2324; x_wconf 71' lang='lat' dir='ltr'>Marklandoque</span> <span class='ocrx_word' id='word_1_142' title='bbox 1555 2256 1772 2308; x_wconf 77' lang='lat' dir='ltr'>arridet.</span> <span class='ocrx_word' id='word_1_143' title='bbox 1843 2254 2119 2306; x_wconf 85' lang='lat' dir='ltr'>Enimvero</span> <span class='ocrx_word' id='word_1_144' title='bbox 2162 2254 2229 2304; x_wconf 87' lang='lat' dir='ltr'>de</span> <span class='ocrx_word' id='word_1_145' title='bbox 2273 2270 2405 2304; x_wconf 88' lang='lat' dir='ltr'>ocu-</span> 
     </span>
    </p>
   </div>
   <div class='ocr_carea' id='block_1_22' title="bbox 168 2322 2401 2391">
    <p class='ocr_par' dir='ltr' id='par_1_22' title="bbox 168 2322 2401 2391">
     <span class='ocr_line' id='line_1_29' title="bbox 168 2322 2401 2391; baseline 0 -17"><span class='ocrx_word' id='word_1_146' title='bbox 168 2322 315 2375; x_wconf 84' lang='lat' dir='ltr'>lorum</span> <span class='ocrx_word' id='word_1_147' title='bbox 341 2324 449 2376; x_wconf 83' lang='lat' dir='ltr'>fide</span> <span class='ocrx_word' id='word_1_148' title='bbox 467 2363 484 2386; x_wconf 89' lang='lat'>,</span> <span class='ocrx_word' id='word_1_149' title='bbox 518 2323 734 2391; x_wconf 82' lang='lat' dir='ltr'>visuque</span> <span class='ocrx_word' id='word_1_150' title='bbox 760 2323 893 2376; x_wconf 77' lang='lat' dir='ltr'>adeo</span> <span class='ocrx_word' id='word_1_151' title='bbox 913 2362 929 2386; x_wconf 91' lang='lat'>,</span> <span class='ocrx_word' id='word_1_152' title='bbox 966 2322 1051 2373; x_wconf 88' lang='lat' dir='ltr'>hic</span> <span class='ocrx_word' id='word_1_153' title='bbox 1081 2323 1281 2390; x_wconf 79' lang='lat' dir='ltr'>agitur,</span> <span class='ocrx_word' id='word_1_154' title='bbox 1319 2341 1423 2374; x_wconf 88' lang='lat' dir='ltr'>non</span> <span class='ocrx_word' id='word_1_155' title='bbox 1450 2326 1517 2376; x_wconf 86' lang='lat' dir='ltr'>de</span> <span class='ocrx_word' id='word_1_156' title='bbox 1542 2324 1855 2377; x_wconf 78' lang='lat' dir='ltr'>narrationis</span> <span class='ocrx_word' id='word_1_157' title='bbox 1883 2335 1936 2376; x_wconf 85' lang='lat' dir='ltr'>et</span> <span class='ocrx_word' id='word_1_158' title='bbox 1961 2323 2240 2376; x_wconf 74' lang='lat' dir='ltr'>auditionis</span> <span class='ocrx_word' id='word_1_159' title='bbox 2283 2322 2401 2374; x_wconf 73' lang='lat' dir='ltr'>fule.</span> 
     </span>
    </p>
   </div>
   <div class='ocr_carea' id='block_1_23' title="bbox 169 2391 1325 2458">
    <p class='ocr_par' dir='ltr' id='par_1_23' title="bbox 169 2391 1325 2458">
     <span class='ocr_line' id='line_1_30' title="bbox 169 2391 1325 2458; baseline 0 -14"><span class='ocrx_word' id='word_1_160' title='bbox 169 2393 315 2445; x_wconf 84' lang='lat' dir='ltr'>Recte</span> <span class='ocrx_word' id='word_1_161' title='bbox 339 2395 506 2445; x_wconf 73' lang='lat' dir='ltr'>vides</span> <span class='ocrx_word' id='word_1_162' title='bbox 530 2391 687 2443; x_wconf 77' lang='lat' dir='ltr'>etiam</span> <span class='ocrx_word' id='word_1_163' title='bbox 713 2392 897 2458; x_wconf 74' lang='lat' dir='ltr'>fragm.</span> <span class='ocrx_word' id='word_1_164' title='bbox 933 2392 1105 2445; x_wconf 81' lang='lat' dir='ltr'>Vatic.</span> <span class='ocrx_word' id='word_1_165' title='bbox 1137 2404 1325 2444; x_wconf 81' lang='lat' dir='ltr'>servat.</span> 
     </span>
    </p>
   </div>
   <div class='ocr_carea' id='block_1_24' title="bbox 1464 2394 2402 2465">
    <p class='ocr_par' dir='ltr' id='par_1_24' title="bbox 1464 2394 2402 2465">
     <span class='ocr_line' id='line_1_31' title="bbox 1464 2394 2402 2465; baseline -0.006 -16"><span class='ocrx_word' id='word_1_166' title='bbox 1464 2395 1569 2449; x_wconf 85' lang='lat'>318</span> <span class='ocrx_word' id='word_1_167' title='bbox 1605 2414 1714 2465; x_wconf 81' lang='lat' dir='ltr'>qua</span> <span class='ocrx_word' id='word_1_168' title='bbox 1738 2394 1792 2446; x_wconf 80' lang='lat' dir='ltr'>d.</span> <span class='ocrx_word' id='word_1_169' title='bbox 1832 2396 1961 2462; x_wconf 74' lang='lat' dir='ltr'>neg.</span> <span class='ocrx_word' id='word_1_170' title='bbox 2031 2394 2204 2464; x_wconf 79' lang='lat' dir='ltr'>digna</span> <span class='ocrx_word' id='word_1_171' title='bbox 2232 2394 2402 2443; x_wconf 71' lang='lat' dir='ltr'>sacris</span> 
     </span>
    </p>
   </div>
   <div class='ocr_carea' id='block_1_25' title="bbox 158 2461 1846 2535">
    <p class='ocr_par' dir='ltr' id='par_1_25' title="bbox 158 2461 1846 2535">
     <span class='ocr_line' id='line_1_32' title="bbox 158 2461 1846 2535; baseline 0.003 -23"><span class='ocrx_word' id='word_1_172' title='bbox 158 2461 347 2516; x_wconf 69' lang='lat' dir='ltr'>Zalich.</span> <span class='ocrx_word' id='word_1_173' title='bbox 418 2464 689 2514; x_wconf 70' lang='lat' dir='ltr'>remansit</span> <span class='ocrx_word' id='word_1_174' title='bbox 714 2461 879 2516; x_wconf 82' lang='lat' dir='ltr'>wall.</span> <span class='ocrx_word' id='word_1_175' title='bbox 947 2466 1011 2513; x_wconf 81' lang='lat' dir='ltr'>F.</span> <span class='ocrx_word' id='word_1_176' title='bbox 1030 2461 1242 2533; x_wconf 74' lang='lat' dir='ltr'>fuisset</span> <span class='ocrx_word' id='word_1_177' title='bbox 1265 2463 1429 2517; x_wconf 84' lang='lat' dir='ltr'>Goth.</span> <span class='ocrx_word' id='word_1_178' title='bbox 1456 2474 1644 2517; x_wconf 55' lang='lat' dir='ltr'>tert-11</span> <span class='ocrx_word' id='word_1_179' title='bbox 1667 2482 1735 2517; x_wconf 82' lang='lat' dir='ltr'>m.</span> <span class='ocrx_word' id='word_1_180' title='bbox 1765 2481 1846 2535; x_wconf 83' lang='lat' dir='ltr'>pr.</span> 
     </span>
    </p>
   </div>
   <div class='ocr_carea' id='block_1_26' title="bbox 165 2594 1234 4484">
    <p class='ocr_par' dir='ltr' id='par_1_26' title="bbox 169 2594 1232 2856">
     <span class='ocr_line' id='line_1_33' title="bbox 170 2594 1232 2684; baseline 0.004 -22"><span class='ocrx_word' id='word_1_181' title='bbox 170 2594 426 2684; x_wconf 79' lang='grc' dir='ltr'><strong><em>α’μφοσίη</em></strong></span> <span class='ocrx_word' id='word_1_182' title='bbox 453 2601 651 2666; x_wconf 76' lang='grc' dir='ltr'><strong><em>ἐπέων</em></strong></span> <span class='ocrx_word' id='word_1_183' title='bbox 691 2598 841 2684; x_wconf 74' lang='grc' dir='ltr'>λάβε</span> <span class='ocrx_word' id='word_1_184' title='bbox 868 2637 954 2649; x_wconf 90' lang='grc'>--</span> <span class='ocrx_word' id='word_1_185' title='bbox 981 2597 1134 2682; x_wconf 82' lang='grc' dir='ltr'>Ὀψὲ</span> <span class='ocrx_word' id='word_1_186' title='bbox 1165 2600 1232 2666; x_wconf 72' lang='grc' dir='ltr'>δὲ</span> 
     </span>
     <span class='ocr_line' id='line_1_34' title="bbox 169 2683 1231 2771; baseline -0.001 -19"><span class='ocrx_word' id='word_1_187' title='bbox 169 2683 235 2769; x_wconf 73' lang='grc' dir='ltr'>δή</span> <span class='ocrx_word' id='word_1_188' title='bbox 317 2713 423 2770; x_wconf 77' lang='grc' dir='ltr'>μιν</span> <span class='ocrx_word' id='word_1_189' title='bbox 528 2688 773 2751; x_wconf 72' lang='grc' dir='ltr'><strong><em>ἔπεσσιν</em></strong></span> <span class='ocrx_word' id='word_1_190' title='bbox 862 2684 1231 2771; x_wconf 67' lang='grc' dir='ltr'><strong><em>ἀμειβομένη</em></strong></span> 
     </span>
     <span class='ocr_line' id='line_1_35' title="bbox 169 2773 966 2856; baseline -0.004 -19"><span class='ocrx_word' id='word_1_191' title='bbox 169 2776 461 2856; x_wconf 53' lang='lat' dir='ltr'>noos-&amp;me</span> <span class='ocrx_word' id='word_1_192' title='bbox 488 2773 703 2854; x_wconf 85' lang='lat' dir='ltr'>Odyss.</span> <span class='ocrx_word' id='word_1_193' title='bbox 733 2776 789 2851; x_wconf 77' lang='grc' dir='ltr'>ὃ,</span> <span class='ocrx_word' id='word_1_194' title='bbox 821 2779 966 2840; x_wconf 87' lang='grc'><strong>706.</strong></span> 
     </span>
    </p>

    <p class='ocr_par' dir='ltr' id='par_1_27' title="bbox 165 2860 1234 4137">
     <span class='ocr_line' id='line_1_36' title="bbox 237 2860 1232 2927; baseline -0.005 -4"><span class='ocrx_word' id='word_1_195' title='bbox 237 2864 354 2927; x_wconf 87' lang='grc'><strong>810</strong></span> <span class='ocrx_word' id='word_1_196' title='bbox 385 2894 468 2907; x_wconf 90' lang='grc'>-</span> <span class='ocrx_word' id='word_1_197' title='bbox 501 2864 647 2926; x_wconf 84' lang='grc'><strong>818.</strong></span> <span class='ocrx_word' id='word_1_198' title='bbox 677 2860 864 2919; x_wconf 64' lang='lat' dir='ltr'>vTune</span> <span class='ocrx_word' id='word_1_199' title='bbox 905 2879 1048 2919; x_wconf 78' lang='lat' dir='ltr'>vere</span> <span class='ocrx_word' id='word_1_200' title='bbox 1090 2860 1232 2918; x_wconf 78' lang='lat' dir='ltr'>ades</span> 
     </span>
     <span class='ocr_line' id='line_1_37' title="bbox 165 2942 1230 3028; baseline 0.004 -23"><span class='ocrx_word' id='word_1_201' title='bbox 165 2942 310 3023; x_wconf 77' lang='lat' dir='ltr'>ipse?</span> <span class='ocrx_word' id='word_1_202' title='bbox 360 2945 630 3028; x_wconf 77' lang='lat' dir='ltr'>affer-sne</span> <span class='ocrx_word' id='word_1_203' title='bbox 677 2958 734 3004; x_wconf 81' lang='lat' dir='ltr'>te</span> <span class='ocrx_word' id='word_1_204' title='bbox 789 2942 891 3026; x_wconf 83' lang='lat' dir='ltr'>(cf.</span> <span class='ocrx_word' id='word_1_205' title='bbox 931 2946 1035 3005; x_wconf 85' lang='lat' dir='ltr'>inf.</span> <span class='ocrx_word' id='word_1_206' title='bbox 1075 2943 1230 3026; x_wconf 76' lang='lat'>346)</span> 
     </span>
     <span class='ocr_line' id='line_1_38' title="bbox 166 3031 1232 3109; baseline 0.001 -22"><span class='ocrx_word' id='word_1_207' title='bbox 166 3032 300 3089; x_wconf 62' lang='lat' dir='ltr'>melai</span> <span class='ocrx_word' id='word_1_208' title='bbox 323 3042 635 3109; x_wconf 74' lang='lat' dir='ltr'>tamquam</span> <span class='ocrx_word' id='word_1_209' title='bbox 684 3053 825 3090; x_wconf 78' lang='lat' dir='ltr'>vem</span> <span class='ocrx_word' id='word_1_210' title='bbox 843 3031 1055 3109; x_wconf 74' lang='lat' dir='ltr'>facies</span> <span class='ocrx_word' id='word_1_211' title='bbox 1093 3031 1232 3102; x_wconf 80' lang='lat' dir='ltr'>viri,</span> 
     </span>
     <span class='ocr_line' id='line_1_39' title="bbox 168 3116 1232 3199; baseline 0 -25"><span class='ocrx_word' id='word_1_212' title='bbox 168 3116 317 3175; x_wconf 79' lang='lat' dir='ltr'>cuius</span> <span class='ocrx_word' id='word_1_213' title='bbox 339 3119 599 3199; x_wconf 83' lang='lat' dir='ltr'>speciem</span> <span class='ocrx_word' id='word_1_214' title='bbox 646 3116 871 3176; x_wconf 71' lang='lat' dir='ltr'>habes?</span> <span class='ocrx_word' id='word_1_215' title='bbox 922 3126 1232 3194; x_wconf 74' lang='lat' dir='ltr'>tamquam</span> 
     </span>
     <span class='ocr_line' id='line_1_40' title="bbox 169 3201 1234 3281; baseline 0.004 -23"><span class='ocrx_word' id='word_1_216' title='bbox 169 3220 318 3261; x_wconf 71' lang='lat' dir='ltr'>verus</span> <span class='ocrx_word' id='word_1_217' title='bbox 349 3207 601 3281; x_wconf 63' lang='lat' dir='ltr'>nuntius</span> <span class='ocrx_word' id='word_1_218' title='bbox 634 3201 772 3262; x_wconf 73' lang='lat' dir='ltr'>tui?</span> <span class='ocrx_word' id='word_1_219' title='bbox 828 3217 902 3261; x_wconf 88' lang='lat' dir='ltr'>ut</span> <span class='ocrx_word' id='word_1_220' title='bbox 947 3221 1088 3262; x_wconf 86' lang='lat' dir='ltr'>vere</span> <span class='ocrx_word' id='word_1_221' title='bbox 1132 3203 1234 3262; x_wconf 84' lang='lat' dir='ltr'>ille</span> 
     </span>
     <span class='ocr_line' id='line_1_41' title="bbox 171 3284 1233 3367; baseline 0.003 -23"><span class='ocrx_word' id='word_1_222' title='bbox 171 3284 261 3360; x_wconf 82' lang='lat' dir='ltr'>sis,</span> <span class='ocrx_word' id='word_1_223' title='bbox 309 3308 485 3367; x_wconf 81' lang='lat' dir='ltr'>quem</span> <span class='ocrx_word' id='word_1_224' title='bbox 530 3289 741 3348; x_wconf 80' lang='lat' dir='ltr'>vultus</span> <span class='ocrx_word' id='word_1_225' title='bbox 782 3289 1067 3348; x_wconf 71' lang='lat' dir='ltr'>nuntiat?</span> <span class='ocrx_word' id='word_1_226' title='bbox 1119 3299 1233 3347; x_wconf 70' lang='lat' dir='ltr'>aut</span> 
     </span>
     <span class='ocr_line' id='line_1_42' title="bbox 171 3373 1231 3449; baseline 0.003 -19"><span class='ocrx_word' id='word_1_227' title='bbox 171 3373 217 3427; x_wconf 71' lang='grc' dir='ltr'>εἰ</span> <span class='ocrx_word' id='word_1_228' title='bbox 236 3374 335 3434; x_wconf 72' lang='lat' dir='ltr'>tux</span> <span class='ocrx_word' id='word_1_229' title='bbox 358 3378 535 3434; x_wconf 82' lang='lat' dir='ltr'>alma</span> <span class='ocrx_word' id='word_1_230' title='bbox 559 3418 576 3449; x_wconf 91' lang='lat'><strong>,</strong></span> <span class='ocrx_word' id='word_1_231' title='bbox 640 3374 763 3433; x_wconf 80' lang='lat' dir='ltr'>vita</span> <span class='ocrx_word' id='word_1_232' title='bbox 781 3418 799 3449; x_wconf 88' lang='lat'><strong><em>,</em></strong></span> <span class='ocrx_word' id='word_1_233' title='bbox 840 3377 1078 3433; x_wconf 66' lang='lat' dir='ltr'>recessit</span> <span class='ocrx_word' id='word_1_234' title='bbox 1101 3418 1119 3449; x_wconf 91' lang='lat'><em>‚</em></span> <span class='ocrx_word' id='word_1_235' title='bbox 1168 3382 1231 3433; x_wconf 80' lang='lat' dir='ltr'>et</span> 
     </span>
     <span class='ocr_line' id='line_1_43' title="bbox 171 3452 1232 3538; baseline 0.004 -25"><span class='ocrx_word' id='word_1_236' title='bbox 171 3452 298 3517; x_wconf 82' lang='lat' dir='ltr'>haec</span> <span class='ocrx_word' id='word_1_237' title='bbox 339 3461 556 3520; x_wconf 77' lang='lat' dir='ltr'>umbra</span> <span class='ocrx_word' id='word_1_238' title='bbox 591 3461 823 3519; x_wconf 81' lang='lat' dir='ltr'>Aeneae</span> <span class='ocrx_word' id='word_1_239' title='bbox 875 3470 1004 3536; x_wconf 86' lang='lat' dir='ltr'>est,</span> <span class='ocrx_word' id='word_1_240' title='bbox 1078 3478 1232 3538; x_wconf 82' lang='lat' dir='ltr'>quae</span> 
     </span>
     <span class='ocr_line' id='line_1_44' title="bbox 171 3541 1226 3626; baseline 0.003 -27"><span class='ocrx_word' id='word_1_241' title='bbox 171 3541 296 3601; x_wconf 87' lang='lat' dir='ltr'>mihi</span> <span class='ocrx_word' id='word_1_242' title='bbox 335 3555 624 3626; x_wconf 73' lang='lat' dir='ltr'>apparet,</span> <span class='ocrx_word' id='word_1_243' title='bbox 696 3548 925 3603; x_wconf 79' lang='lat' dir='ltr'>Hector</span> <span class='ocrx_word' id='word_1_244' title='bbox 972 3543 1077 3603; x_wconf 75' lang='lat' dir='ltr'>uhi</span> <span class='ocrx_word' id='word_1_245' title='bbox 1119 3558 1226 3619; x_wconf 78' lang='lat' dir='ltr'>est,</span> 
     </span>
     <span class='ocr_line' id='line_1_45' title="bbox 170 3629 1233 3711; baseline 0.001 -24"><span class='ocrx_word' id='word_1_246' title='bbox 170 3629 259 3704; x_wconf 83' lang='lat' dir='ltr'>qui</span> <span class='ocrx_word' id='word_1_247' title='bbox 281 3639 337 3688; x_wconf 85' lang='lat' dir='ltr'>et</span> <span class='ocrx_word' id='word_1_248' title='bbox 368 3634 496 3711; x_wconf 85' lang='lat' dir='ltr'>ipse</span> <span class='ocrx_word' id='word_1_249' title='bbox 542 3632 700 3690; x_wconf 82' lang='lat' dir='ltr'>inter</span> <span class='ocrx_word' id='word_1_250' title='bbox 739 3630 982 3690; x_wconf 76' lang='lat' dir='ltr'>umbras</span> <span class='ocrx_word' id='word_1_251' title='bbox 1023 3650 1233 3690; x_wconf 76' lang='lat' dir='ltr'>versa—</span> 
     </span>
     <span class='ocr_line' id='line_1_46' title="bbox 171 3716 1230 3798; baseline 0.005 -26"><span class='ocrx_word' id='word_1_252' title='bbox 171 3719 286 3789; x_wconf 73' lang='lat' dir='ltr'>tur,</span> <span class='ocrx_word' id='word_1_253' title='bbox 324 3717 510 3792; x_wconf 71' lang='lat' dir='ltr'>dixis,</span> <span class='ocrx_word' id='word_1_254' title='bbox 562 3718 849 3776; x_wconf 77' lang='lat' dir='ltr'>lacrimas</span> <span class='ocrx_word' id='word_1_255' title='bbox 874 3716 1093 3798; x_wconf 79' lang='lat' dir='ltr'>effudit</span> <span class='ocrx_word' id='word_1_256' title='bbox 1117 3725 1230 3778; x_wconf 89' lang='lat' dir='ltr'>etc.</span> 
     </span>
     <span class='ocr_line' id='line_1_47' title="bbox 172 3795 1229 3880; baseline 0.009 -25"><span class='ocrx_word' id='word_1_257' title='bbox 172 3795 229 3855; x_wconf 85' lang='lat' dir='ltr'>ln</span> <span class='ocrx_word' id='word_1_258' title='bbox 290 3800 400 3861; x_wconf 89' lang='lat' dir='ltr'>hoc</span> <span class='ocrx_word' id='word_1_259' title='bbox 480 3799 933 3862; x_wconf 73' lang='lat' dir='ltr'>Andromaches</span> <span class='ocrx_word' id='word_1_260' title='bbox 1014 3796 1229 3880; x_wconf 69' lang='grc' dir='ltr'><strong><em>πάθει,</em></strong></span> 
     </span>
     <span class='ocr_line' id='line_1_48' title="bbox 171 3883 1226 3958; baseline 0.002 -14"><span class='ocrx_word' id='word_1_261' title='bbox 171 3883 436 3958; x_wconf 72' lang='lat' dir='ltr'>piissimae</span> <span class='ocrx_word' id='word_1_262' title='bbox 494 3889 561 3949; x_wconf 87' lang='lat' dir='ltr'>in</span> <span class='ocrx_word' id='word_1_263' title='bbox 622 3888 824 3947; x_wconf 78' lang='lat' dir='ltr'>mariti</span> <span class='ocrx_word' id='word_1_264' title='bbox 876 3887 1226 3946; x_wconf 84' lang='lat' dir='ltr'>memoriam</span> 
     </span>
     <span class='ocr_line' id='line_1_49' title="bbox 171 3966 1226 4054; baseline 0.006 -27"><span class='ocrx_word' id='word_1_265' title='bbox 171 3966 429 4049; x_wconf 73' lang='lat' dir='ltr'>feminae,</span> <span class='ocrx_word' id='word_1_266' title='bbox 459 3975 595 4052; x_wconf 88' lang='lat' dir='ltr'>quis</span> <span class='ocrx_word' id='word_1_267' title='bbox 619 3995 741 4033; x_wconf 89' lang='lat' dir='ltr'>non</span> <span class='ocrx_word' id='word_1_268' title='bbox 765 3993 1044 4052; x_wconf 84' lang='lat' dir='ltr'>magnum</span> <span class='ocrx_word' id='word_1_269' title='bbox 1076 3993 1226 4054; x_wconf 81' lang='lat' dir='ltr'>poe-</span> 
     </span>
     <span class='ocr_line' id='line_1_50' title="bbox 172 4060 1223 4137; baseline 0.006 -23"><span class='ocrx_word' id='word_1_270' title='bbox 172 4061 280 4114; x_wconf 69' lang='lat' dir='ltr'>tam</span> <span class='ocrx_word' id='word_1_271' title='bbox 306 4061 624 4137; x_wconf 72' lang='lat' dir='ltr'>agnoscat?</span> <span class='ocrx_word' id='word_1_272' title='bbox 666 4060 821 4119; x_wconf 80' lang='lat' dir='ltr'>cons.</span> <span class='ocrx_word' id='word_1_273' title='bbox 861 4060 1110 4118; x_wconf 82' lang='lat' dir='ltr'>Excurs.</span> <span class='ocrx_word' id='word_1_274' title='bbox 1142 4060 1223 4120; x_wconf 87' lang='lat' dir='ltr'>X.</span> 
     </span>
    </p>

    <p class='ocr_par' dir='ltr' id='par_1_28' title="bbox 172 4144 1224 4484">
     <span class='ocr_line' id='line_1_51' title="bbox 244 4144 1224 4225; baseline 0.002 -21"><span class='ocrx_word' id='word_1_275' title='bbox 244 4145 375 4207; x_wconf 90' lang='grc'><strong>818.</strong></span> <span class='ocrx_word' id='word_1_276' title='bbox 400 4144 547 4210; x_wconf 79' lang='grc'><strong>814.</strong></span> <span class='ocrx_word' id='word_1_277' title='bbox 591 4145 855 4224; x_wconf 73' lang='lat' dir='ltr'>furenti,</span> <span class='ocrx_word' id='word_1_278' title='bbox 901 4146 1224 4225; x_wconf 78' lang='lat' dir='ltr'>impatien-</span> 
     </span>
     <span class='ocr_line' id='line_1_52' title="bbox 172 4228 1221 4306; baseline 0.007 -19"><span class='ocrx_word' id='word_1_279' title='bbox 172 4229 254 4282; x_wconf 74' lang='lat' dir='ltr'>ter</span> <span class='ocrx_word' id='word_1_280' title='bbox 318 4228 537 4290; x_wconf 85' lang='lat' dir='ltr'>dolenti</span> <span class='ocrx_word' id='word_1_281' title='bbox 562 4276 579 4306; x_wconf 94' lang='lat'>,</span> <span class='ocrx_word' id='word_1_282' title='bbox 686 4242 761 4291; x_wconf 90' lang='lat' dir='ltr'>ut</span> <span class='ocrx_word' id='word_1_283' title='bbox 833 4231 985 4290; x_wconf 85' lang='lat' dir='ltr'>bene</span> <span class='ocrx_word' id='word_1_284' title='bbox 1050 4233 1221 4294; x_wconf 86' lang='lat' dir='ltr'>Serv.</span> 
     </span>
     <span class='ocr_line' id='line_1_53' title="bbox 172 4304 1222 4398; baseline 0.012 -33"><span class='ocrx_word' id='word_1_285' title='bbox 172 4306 408 4373; x_wconf 85' lang='lat' dir='ltr'>Omnino</span> <span class='ocrx_word' id='word_1_286' title='bbox 427 4316 636 4393; x_wconf 73' lang='lat' dir='ltr'>sut-em</span> <span class='ocrx_word' id='word_1_287' title='bbox 651 4362 670 4392; x_wconf 88' lang='lat'>,</span> <span class='ocrx_word' id='word_1_288' title='bbox 718 4317 1076 4398; x_wconf 74' lang='grc' dir='ltr'><strong><em>μαίνεσθαι,</em></strong></span> <span class='ocrx_word' id='word_1_289' title='bbox 1121 4304 1222 4377; x_wconf 83' lang='lat' dir='ltr'>in-</span> 
     </span>
     <span class='ocr_line' id='line_1_54' title="bbox 172 4389 1221 4484; baseline 0.008 -27"><span class='ocrx_word' id='word_1_290' title='bbox 172 4389 337 4457; x_wconf 75' lang='lat' dir='ltr'>finiti·</span> <span class='ocrx_word' id='word_1_291' title='bbox 357 4400 500 4461; x_wconf 84' lang='lat' dir='ltr'>locis</span> <span class='ocrx_word' id='word_1_292' title='bbox 545 4403 735 4484; x_wconf 71' lang='lat' dir='ltr'>simpl.</span> <span class='ocrx_word' id='word_1_293' title='bbox 777 4413 867 4463; x_wconf 80' lang='lat' dir='ltr'>est</span> <span class='ocrx_word' id='word_1_294' title='bbox 919 4413 1221 4465; x_wconf 79' lang='lat' dir='ltr'>commoto</span> 
     </span>
    </p>
   </div>
   <div class='ocr_carea' id='block_1_27' title="bbox 1305 2600 2401 4474">
    <p class='ocr_par' dir='ltr' id='par_1_29' title="bbox 1312 2600 2401 2855">
     <span class='ocr_line' id='line_1_55' title="bbox 1312 2600 2401 2683; baseline -0.002 -21"><span class='ocrx_word' id='word_1_295' title='bbox 1312 2622 1436 2663; x_wconf 86' lang='lat' dir='ltr'>esse</span> <span class='ocrx_word' id='word_1_296' title='bbox 1460 2606 1677 2680; x_wconf 77' lang='lat' dir='ltr'>animo,</span> <span class='ocrx_word' id='word_1_297' title='bbox 1702 2622 2057 2683; x_wconf 76' lang='lat' dir='ltr'>quacunque</span> <span class='ocrx_word' id='word_1_298' title='bbox 2079 2600 2154 2661; x_wconf 86' lang='lat' dir='ltr'>‹le</span> <span class='ocrx_word' id='word_1_299' title='bbox 2177 2622 2401 2661; x_wconf 74' lang='lat' dir='ltr'>caussa.</span> 
     </span>
     <span class='ocr_line' id='line_1_56' title="bbox 1314 2684 2400 2771; baseline -0.002 -23"><span class='ocrx_word' id='word_1_300' title='bbox 1314 2691 1606 2766; x_wconf 75' lang='lat' dir='ltr'>Subiicio,</span> <span class='ocrx_word' id='word_1_301' title='bbox 1652 2684 2004 2771; x_wconf 66' lang='grc' dir='ltr'>ὑποβάλλει),</span> <span class='ocrx_word' id='word_1_302' title='bbox 2047 2687 2400 2767; x_wconf 74' lang='lat' dir='ltr'>respondeo.</span> 
     </span>
     <span class='ocr_line' id='line_1_57' title="bbox 1314 2768 2395 2855; baseline -0.004 -21"><span class='ocrx_word' id='word_1_303' title='bbox 1314 2775 1481 2835; x_wconf 73' lang='lat' dir='ltr'>hisco</span> <span class='ocrx_word' id='word_1_304' title='bbox 1526 2776 1879 2855; x_wconf 77' lang='lat' dir='ltr'>exquisitius</span> <span class='ocrx_word' id='word_1_305' title='bbox 1930 2768 2111 2853; x_wconf 71' lang='lat' dir='ltr'>quem</span> <span class='ocrx_word' id='word_1_306' title='bbox 2165 2774 2395 2851; x_wconf 83' lang='lat' dir='ltr'>loquor.</span> 
     </span>
    </p>

    <p class='ocr_par' dir='ltr' id='par_1_30' title="bbox 1305 2862 2400 4474">
     <span class='ocr_line' id='line_1_58' title="bbox 1402 2862 2400 2938; baseline -0.009 -14"><span class='ocrx_word' id='word_1_307' title='bbox 1402 2866 1440 2924; x_wconf 82' lang='lat'><strong>3</strong></span> <span class='ocrx_word' id='word_1_308' title='bbox 1451 2863 1758 2927; x_wconf 81' lang='lat'><strong>16-319.</strong></span> <span class='ocrx_word' id='word_1_309' title='bbox 1773 2874 2030 2919; x_wconf 75' lang='lat' dir='ltr'>exo-ema</span> <span class='ocrx_word' id='word_1_310' title='bbox 2040 2880 2160 2938; x_wconf 82' lang='lat' dir='ltr'>per</span> <span class='ocrx_word' id='word_1_311' title='bbox 2175 2862 2400 2932; x_wconf 73' lang='lat' dir='ltr'>onusia,</span> 
     </span>
     <span class='ocr_line' id='line_1_59' title="bbox 1317 2943 2400 3026; baseline -0.001 -21"><span class='ocrx_word' id='word_1_312' title='bbox 1317 2946 1395 3005; x_wconf 78' lang='lat' dir='ltr'>ad</span> <span class='ocrx_word' id='word_1_313' title='bbox 1423 2947 1686 3026; x_wconf 74' lang='lat' dir='ltr'>pericula</span> <span class='ocrx_word' id='word_1_314' title='bbox 1731 2956 1793 3005; x_wconf 86' lang='lat' dir='ltr'>et</span> <span class='ocrx_word' id='word_1_315' title='bbox 1833 2945 2178 3005; x_wconf 83' lang='lat' dir='ltr'>discrimina</span> <span class='ocrx_word' id='word_1_316' title='bbox 2219 2943 2400 3004; x_wconf 80' lang='lat' dir='ltr'>refer.</span> 
     </span>
     <span class='ocr_line' id='line_1_60' title="bbox 1316 3026 2399 3111; baseline -0.011 -13"><span class='ocrx_word' id='word_1_317' title='bbox 1316 3037 1462 3098; x_wconf 86' lang='grc'><strong>817.</strong></span> <span class='ocrx_word' id='word_1_318' title='bbox 1488 3034 1805 3106; x_wconf 77' lang='lat' dir='ltr'>deiectam,</span> <span class='ocrx_word' id='word_1_319' title='bbox 1836 3026 2178 3111; x_wconf 74' lang='grc' dir='ltr'><strong><em>δεινότερον</em></strong></span> <span class='ocrx_word' id='word_1_320' title='bbox 2217 3049 2399 3106; x_wconf 83' lang='lat' dir='ltr'>quam</span> 
     </span>
     <span class='ocr_line' id='line_1_61' title="bbox 1312 3115 2398 3199; baseline -0.002 -22"><span class='ocrx_word' id='word_1_321' title='bbox 1312 3118 1645 3199; x_wconf 75' lang='lat' dir='ltr'>privatam,</span> <span class='ocrx_word' id='word_1_322' title='bbox 1700 3118 2046 3192; x_wconf 76' lang='lat' dir='ltr'>viduatam,</span> <span class='ocrx_word' id='word_1_323' title='bbox 2118 3115 2398 3175; x_wconf 83' lang='lat' dir='ltr'>Hectore.</span> 
     </span>
     <span class='ocr_line' id='line_1_62' title="bbox 1313 3199 2399 3284; baseline -0.003 -21"><span class='ocrx_word' id='word_1_324' title='bbox 1313 3204 1466 3265; x_wconf 79' lang='lat' dir='ltr'>Nam</span> <span class='ocrx_word' id='word_1_325' title='bbox 1487 3206 1805 3265; x_wconf 62' lang='lat' dir='ltr'>cleiis-imur</span> <span class='ocrx_word' id='word_1_326' title='bbox 1831 3204 2056 3284; x_wconf 85' lang='lat' dir='ltr'>gradu,</span> <span class='ocrx_word' id='word_1_327' title='bbox 2101 3220 2235 3282; x_wconf 79' lang='lat' dir='ltr'>spe,</span> <span class='ocrx_word' id='word_1_328' title='bbox 2278 3199 2399 3261; x_wconf 92' lang='lat' dir='ltr'>ho-</span> 
     </span>
     <span class='ocr_line' id='line_1_63' title="bbox 1313 3289 2399 3370; baseline -0.003 -22"><span class='ocrx_word' id='word_1_329' title='bbox 1313 3309 1491 3366; x_wconf 84' lang='lat' dir='ltr'>nore,</span> <span class='ocrx_word' id='word_1_330' title='bbox 1536 3290 1843 3370; x_wconf 87' lang='lat' dir='ltr'>coniugio,</span> <span class='ocrx_word' id='word_1_331' title='bbox 1872 3289 2233 3366; x_wconf 87' lang='lat' dir='ltr'>omninoque</span> <span class='ocrx_word' id='word_1_332' title='bbox 2265 3307 2399 3345; x_wconf 75' lang='lat' dir='ltr'>ma-</span> 
     </span>
     <span class='ocr_line' id='line_1_64' title="bbox 1309 3373 2395 3456; baseline -0.003 -22"><span class='ocrx_word' id='word_1_333' title='bbox 1309 3396 1425 3455; x_wconf 77' lang='lat' dir='ltr'>gna</span> <span class='ocrx_word' id='word_1_334' title='bbox 1472 3377 1667 3456; x_wconf 76' lang='lat' dir='ltr'>aliqua</span> <span class='ocrx_word' id='word_1_335' title='bbox 1708 3395 1810 3451; x_wconf 89' lang='lat' dir='ltr'>re,</span> <span class='ocrx_word' id='word_1_336' title='bbox 1868 3375 2110 3454; x_wconf 84' lang='lat' dir='ltr'>quando</span> <span class='ocrx_word' id='word_1_337' title='bbox 2156 3393 2226 3432; x_wconf 77' lang='lat' dir='ltr'>ea</span> <span class='ocrx_word' id='word_1_338' title='bbox 2264 3373 2395 3453; x_wconf 86' lang='lat' dir='ltr'>pri-</span> 
     </span>
     <span class='ocr_line' id='line_1_65' title="bbox 1316 3462 2389 3542; baseline -0.006 -21"><span class='ocrx_word' id='word_1_339' title='bbox 1316 3481 1550 3522; x_wconf 78' lang='lat' dir='ltr'>vamur.</span> <span class='ocrx_word' id='word_1_340' title='bbox 1635 3464 1774 3542; x_wconf 76' lang='lat' dir='ltr'>quis</span> <span class='ocrx_word' id='word_1_341' title='bbox 1811 3484 1991 3521; x_wconf 76' lang='lat' dir='ltr'>casus·</span> <span class='ocrx_word' id='word_1_342' title='bbox 2037 3462 2389 3537; x_wconf 36' lang='lat' dir='ltr'>teies-cipit,</span> 
     </span>
     <span class='ocr_line' id='line_1_66' title="bbox 1316 3544 2394 3625; baseline -0.002 -21"><span class='ocrx_word' id='word_1_343' title='bbox 1316 3546 1396 3605; x_wconf 79' lang='lat' dir='ltr'>ad</span> <span class='ocrx_word' id='word_1_344' title='bbox 1439 3566 1620 3625; x_wconf 77' lang='lat' dir='ltr'>quam</span> <span class='ocrx_word' id='word_1_345' title='bbox 1663 3549 1943 3607; x_wconf 76' lang='lat' dir='ltr'>fortunae</span> <span class='ocrx_word' id='word_1_346' title='bbox 1985 3544 2394 3606; x_wconf 83' lang='lat' dir='ltr'>conditionem</span> 
     </span>
     <span class='ocr_line' id='line_1_67' title="bbox 1315 3631 2394 3704; baseline -0.005 -12"><span class='ocrx_word' id='word_1_347' title='bbox 1315 3633 1561 3692; x_wconf 77' lang='lat' dir='ltr'>redacta</span> <span class='ocrx_word' id='word_1_348' title='bbox 1604 3634 1708 3692; x_wconf 72' lang='lat' dir='ltr'>es‘?</span> <span class='ocrx_word' id='word_1_349' title='bbox 1791 3632 2034 3693; x_wconf 77' lang='lat' dir='ltr'>Servius</span> <span class='ocrx_word' id='word_1_350' title='bbox 2076 3651 2145 3690; x_wconf 90' lang='lat' dir='ltr'>eo</span> <span class='ocrx_word' id='word_1_351' title='bbox 2186 3631 2394 3704; x_wconf 82' lang='lat' dir='ltr'>refert,</span> 
     </span>
     <span class='ocr_line' id='line_1_68' title="bbox 1317 3717 2394 3798; baseline -0.005 -20"><span class='ocrx_word' id='word_1_352' title='bbox 1317 3718 1483 3796; x_wconf 87' lang='lat' dir='ltr'>quod</span> <span class='ocrx_word' id='word_1_353' title='bbox 1509 3722 1892 3797; x_wconf 74' lang='lat' dir='ltr'>excipiuntur</span> <span class='ocrx_word' id='word_1_354' title='bbox 1922 3717 2196 3798; x_wconf 85' lang='lat' dir='ltr'>proprie,</span> <span class='ocrx_word' id='word_1_355' title='bbox 2240 3733 2394 3794; x_wconf 78' lang='lat' dir='ltr'>quae</span> 
     </span>
     <span class='ocr_line' id='line_1_69' title="bbox 1311 3803 2393 3883; baseline -0.002 -21"><span class='ocrx_word' id='word_1_356' title='bbox 1311 3804 1574 3880; x_wconf 79' lang='lat' dir='ltr'>cadunt5</span> <span class='ocrx_word' id='word_1_357' title='bbox 1615 3812 1777 3864; x_wconf 85' lang='lat' dir='ltr'>recte</span> <span class='ocrx_word' id='word_1_358' title='bbox 1805 3804 2063 3883; x_wconf 85' lang='lat' dir='ltr'>quidem,</span> <span class='ocrx_word' id='word_1_359' title='bbox 2101 3803 2208 3862; x_wconf 90' lang='lat' dir='ltr'>sed</span> <span class='ocrx_word' id='word_1_360' title='bbox 2235 3804 2393 3861; x_wconf 84' lang='lat' dir='ltr'>sorte</span> 
     </span>
     <span class='ocr_line' id='line_1_70' title="bbox 1307 3888 2393 3966; baseline -0.004 -17"><span class='ocrx_word' id='word_1_361' title='bbox 1307 3888 1409 3949; x_wconf 84' lang='lat' dir='ltr'>hic</span> <span class='ocrx_word' id='word_1_362' title='bbox 1455 3890 1628 3950; x_wconf 71' lang='lat' dir='ltr'>nimis</span> <span class='ocrx_word' id='word_1_363' title='bbox 1661 3890 1976 3951; x_wconf 83' lang='lat' dir='ltr'>subtiliter.</span> <span class='ocrx_word' id='word_1_364' title='bbox 2069 3891 2393 3966; x_wconf 72' lang='lat' dir='ltr'>Excipiunt</span> 
     </span>
     <span class='ocr_line' id='line_1_71' title="bbox 1305 3974 2391 4057; baseline -0.003 -23"><span class='ocrx_word' id='word_1_365' title='bbox 1305 3997 1415 4034; x_wconf 82' lang='lat' dir='ltr'>nos</span> <span class='ocrx_word' id='word_1_366' title='bbox 1445 3996 1542 4051; x_wconf 81' lang='lat' dir='ltr'>ea,</span> <span class='ocrx_word' id='word_1_367' title='bbox 1587 3996 1739 4054; x_wconf 77' lang='lat' dir='ltr'>quae</span> <span class='ocrx_word' id='word_1_368' title='bbox 1771 3977 1946 4037; x_wconf 82' lang='lat' dir='ltr'>nubis</span> <span class='ocrx_word' id='word_1_369' title='bbox 1970 3985 2107 4057; x_wconf 83' lang='lat' dir='ltr'>post</span> <span class='ocrx_word' id='word_1_370' title='bbox 2133 3974 2248 4033; x_wconf 79' lang='lat' dir='ltr'>alia</span> <span class='ocrx_word' id='word_1_371' title='bbox 2285 3994 2391 4032; x_wconf 76' lang='lat' dir='ltr'>sc-</span> 
     </span>
     <span class='ocr_line' id='line_1_72' title="bbox 1308 4061 2391 4140; baseline -0.003 -20"><span class='ocrx_word' id='word_1_372' title='bbox 1308 4061 1523 4123; x_wconf 87' lang='lat' dir='ltr'>cidunt</span> <span class='ocrx_word' id='word_1_373' title='bbox 1543 4070 1605 4121; x_wconf 85' lang='lat' dir='ltr'>et</span> <span class='ocrx_word' id='word_1_374' title='bbox 1632 4063 1934 4123; x_wconf 82' lang='lat' dir='ltr'>eveniunt.</span> <span class='ocrx_word' id='word_1_375' title='bbox 2019 4064 2212 4140; x_wconf 78' lang='lat' dir='ltr'>digna</span> <span class='ocrx_word' id='word_1_376' title='bbox 2238 4062 2391 4118; x_wconf 71' lang='lat' dir='ltr'>satis</span> 
     </span>
     <span class='ocr_line' id='line_1_73' title="bbox 1306 4148 2388 4228; baseline -0.004 -22"><span class='ocrx_word' id='word_1_377' title='bbox 1306 4148 1347 4209; x_wconf 89' lang='lat' dir='ltr'>l.</span> <span class='ocrx_word' id='word_1_378' title='bbox 1379 4148 1507 4209; x_wconf 85' lang='lat' dir='ltr'>tel.</span> <span class='ocrx_word' id='word_1_379' title='bbox 1544 4149 1743 4228; x_wconf 85' lang='lat' dir='ltr'>priore</span> <span class='ocrx_word' id='word_1_380' title='bbox 1770 4149 1873 4208; x_wconf 81' lang='lat' dir='ltr'>illa</span> <span class='ocrx_word' id='word_1_381' title='bbox 1912 4150 2196 4221; x_wconf 78' lang='lat' dir='ltr'>fortuna;</span> <span class='ocrx_word' id='word_1_382' title='bbox 2250 4163 2388 4204; x_wconf 72' lang='lat' dir='ltr'>etun</span> 
     </span>
     <span class='ocr_line' id='line_1_74' title="bbox 1306 4232 2388 4311; baseline -0.005 -19"><span class='ocrx_word' id='word_1_383' title='bbox 1306 4232 1410 4293; x_wconf 79' lang='lat' dir='ltr'>illa</span> <span class='ocrx_word' id='word_1_384' title='bbox 1431 4234 1711 4296; x_wconf 79' lang='lat' dir='ltr'>videatur</span> <span class='ocrx_word' id='word_1_385' title='bbox 1736 4236 2009 4308; x_wconf 88' lang='lat' dir='ltr'>meliore,</span> <span class='ocrx_word' id='word_1_386' title='bbox 2065 4252 2243 4311; x_wconf 80' lang='lat' dir='ltr'>quam</span> <span class='ocrx_word' id='word_1_387' title='bbox 2274 4250 2388 4310; x_wconf 87' lang='lat' dir='ltr'>pro</span> 
     </span>
     <span class='ocr_line' id='line_1_75' title="bbox 1307 4316 2388 4400; baseline -0.006 -21"><span class='ocrx_word' id='word_1_388' title='bbox 1307 4320 1581 4400; x_wconf 75' lang='lat' dir='ltr'>captivae</span> <span class='ocrx_word' id='word_1_389' title='bbox 1606 4331 1768 4382; x_wconf 82' lang='lat' dir='ltr'>sorte</span> <span class='ocrx_word' id='word_1_390' title='bbox 1797 4322 1906 4381; x_wconf 84' lang='lat' dir='ltr'>uti.</span> <span class='ocrx_word' id='word_1_391' title='bbox 1952 4317 2085 4400; x_wconf 78' lang='lat' dir='ltr'>(sed</span> <span class='ocrx_word' id='word_1_392' title='bbox 2099 4316 2218 4378; x_wconf 85' lang='lat' dir='ltr'>vid.</span> <span class='ocrx_word' id='word_1_393' title='bbox 2236 4333 2388 4393; x_wconf 78' lang='lat' dir='ltr'>quse</span> 
     </span>
     <span class='ocr_line' id='line_1_76' title="bbox 1307 4403 2385 4474; baseline -0.004 -10"><span class='ocrx_word' id='word_1_394' title='bbox 1307 4405 1389 4466; x_wconf 78' lang='lat' dir='ltr'>ad</span> <span class='ocrx_word' id='word_1_395' title='bbox 1424 4427 1513 4468; x_wconf 73' lang='grc' dir='ltr'>νε.</span> <span class='ocrx_word' id='word_1_396' title='bbox 1555 4411 1702 4474; x_wconf 80' lang='grc'><strong>819.</strong></span> <span class='ocrx_word' id='word_1_397' title='bbox 1742 4407 2181 4467; x_wconf 70' lang='lat' dir='ltr'>adnotavimus.</span> <span class='ocrx_word' id='word_1_398' title='bbox 2244 4403 2385 4463; x_wconf 88' lang='lat' dir='ltr'>Wr.</span> 
     </span>
    </p>
   </div>
   <div class='ocr_carea' id='block_1_28' title="bbox 2262 577 2416 648">
    <p class='ocr_par' dir='ltr' id='par_1_31' title="bbox 2262 577 2416 648">
     <span class='ocr_line' id='line_1_77' title="bbox 2262 577 2416 648; baseline -0.006 0"><span class='ocrx_word' id='word_1_399' title='bbox 2262 577 2416 648; x_wconf 80' lang='lat'>510</span> 
     </span>
    </p>
   </div>
  </div>
 </body>
</html>
