2882 5028
472 361 621 435 144

955 357 1037 429 Ρ.
1089 351 1615 468 VIRcILII
1665 354 1826 427 MA
1848 351 2223 428 RONIS

465 540 806 637 Nuntio,
861 552 945 617 et
970 540 1053 616 in
1093 553 1358 617 tutum
1384 539 1632 616 versis
1672 538 2177 640 aquilonibus
2206 551 2487 636 actam,

465 648 564 725 Ni
597 642 885 720 frustra
921 646 1336 742 augurium
1364 645 1546 720 vani
1584 642 1933 719 docuere
1967 655 2362 743 parentes,

466 748 811 848 Adspice
848 747 971 823 bis
999 773 1238 824 senos
1276 747 1634 823 laetantis
1665 746 1978 844 agmine
2011 770 2321 844 cycnoS‚

474 850 851 929 Aetheria
887 876 1091 952 quos
1118 851 1330 954 lapsa
1378 850 1602 951 plaga
1633 852 1840 927 Iovis
1871 850 2031 925 ales
2070 862 2348 950 aperto

472 953 878 1033 Turbabat
908 954 1177 1049 coe10‚
1230 979 1447 1034 nuuc
1490 967 1736 1030 terras
1785 953 2072 1030 ordine
2102 952 2347 1051 longo

2577 954 2733 1032 395

459 1064 628 1162 ‘Aut
663 1081 985 1158 capere,
1040 1072 1172 1135 aut
1206 1071 1471 1159 captas
1510 1058 1667 1133 iam
1716 1056 2625 1159 despectarevidentur:

574 1199 749 1279 395.
805 1217 1107 1290 coum

1315 1204 1487 1276 396.
1540 1218 1957 1274 vmnnrtm.

612 1403 718 1459 393
751 1401 996 1454 Heinsius
1023 1400 1166 1454 varie
1189 1413 1356 1455 tentat
1371 1442 1386 1468 ,
1423 1420 1582 1473 aegre
1607 1402 1812 1457 scilicet
1836 1403 2015 1456 ferens
2046 1401 2398 1473 procedentes
2426 1399 2614 1452 eodem
2637 1409 2737 1451 te·-

471 1488 605 1523 nore
650 1490 799 1524 casus
836 1471 918 1524 bis
958 1490 1121 1525 senos
1156 1472 1448 1525 laetantes.
1536 1471 1691 1526 Melit
1728 1474 1965 1526 laetanu'
2009 1471 2093 1525 bis
2132 1484 2326 1537 senos,
2362 1471 2448 1524 vel
2488 1469 2571 1523 bis
2592 1488 2737 1523 seno

474 1542 743 1593 laetantis
784 1560 834 1593 a.
876 1541 960 1592 vel
1012 1540 1095 1593 bis
1126 1559 1289 1594 senos
1329 1543 1569 1595 laetanti
1602 1546 1865 1595 examine.
1935 1543 2042 1596 Sed
2082 1542 2343 1610 vulgatam
2382 1550 2437 1592 et
2475 1539 2629 1591 codd.
2680 1550 2738 1591 et

477 1610 770 1662 Priscianus
803 1611 839 1663 1.
880 1611 1077 1663 xvm.
1121 1611 1439 1675 defendunt3
1489 1629 1617 1664 unus
1643 1617 1820 1682 sprot.
1849 1630 1948 1682 pro
1978 1630 2088 1664 var.
2128 1611 2253 1663 lect.
2281 1611 2574 1662 luctantes.
2644 1610 2737 1662 'ru

472 1679 605 1731 vitio
636 1678 713 1733 sic
750 1697 985 1745 occurre,
1029 1692 1085 1732 ut
1122 1681 1408 1733 accuratius
1435 1682 1774 1752 interpungas
1799 1691 1856 1733 et
1882 1682 2113 1752 legendo
2142 1697 2340 1731 moram
2366 1679 2554 1731 facias:
2601 1677 2745 1730 Ad:

472 1753 623 1821 spice
646 1751 731 1804 bis
752 1767 945 1814 senos,
981 1750 1254 1802 laetantes
1298 1753 1543 1832 agmine,
1594 1771 1660 1821 cy
1742 1769 1822 1804 os.

465 1819 646 1890 plaga
673 1822 720 1871 Ι.
748 1820 869 1872 ales
893 1818 962 1871 ab
991 1820 1108 1871 aleo
1136 1836 1223 1870 un.
1254 1821 1438 1872 Heius.
1463 1830 1519 1872 et
1539 1823 1668 1873 Parr
1707 1839 1782 1872 as.
1819 1820 2120 1890 (aetherias
2133 1838 2241 1890 quo
2271 1837 2303 1870 a
2330 1837 2398 1870 m.
2427 1836 2508 1887 pr.

764 1890 871 1945 395
905 1887 1154 1941 turbavit
1177 1890 1398 1943 Dorvill.
1468 1888 1726 1942 curbat-ae
1760 1891 1844 1942 ed.
1871 1892 2008 1942 Veu.
2050 1907 2164 1941 cum
2197 1888 2399 1957 aliquot
2424 1887 2579 1940 codd.
2600 1887 2737 1940 Pie-

1412 1961 1523 2014 396
1555 1961 1735 2031 captis
1772 1959 1988 2011 Mentel.
2018 1967 2144 2010 tert.
2174 1975 2273 2026 pro
2300 1976 2410 2010 var.
2439 1957 2563 2039 lect.
2592 1958 2735 2025 neg.

472 1890 653 2010 gagg,
723 1956 984 2018 turbabis
999 1959 1277 2011 Romanus.

1959 1749 2066 1805 394
2110 1750 2376 1802 Aetheria
2410 1767 2548 1818 quos
2590 1760 2738 1869 ειὲἶε

2686 1836 2737 1870 c.

417 2061 424 2072 ›
473 2044 509 2079 a
534 2045 603 2078 m.
630 2046 708 2096 pr.
744 2026 840 2078 sed
868 2027 1173 2080 adversatur
1196 2029 1507 2081 sententiae.
1576 2043 1888 2149 remeo-cate
1907 2028 2131 2081 Gudian.
2158 2044 2190 2078 a
2213 2046 2282 2080 m.
2316 2045 2396 2096 pr.
2444 2046 2554 2079 eam
2580 2044 2739 2109 nur-se

542 2108 726 2149 cesare
768 2095 986 2148 Dorvill.
1054 2099 1166 2150 iam
1204 2099 1357 2150 abest
1389 2101 1574 2152 Franc.

1714 2117 1940 2171 spergate
1975 2108 2058 2150 est
2085 2095 2265 2149 vitium
2288 2114 2563 2165 operarum
2597 2096 2738 2148 edat.

474 2114 657 2218 iscius.
726 2166 897 2234 (nune
918 2166 1242 2237 despectare
1271 2168 1456 2237 legere
1488 2186 1546 2220 se
1578 2167 1737 2220 malle
1781 2168 1857 2221 ait
1884 2166 2180 2222 Weichert.
2206 2165 2370 2236 Epist.
2403 2166 2519 2218 crit.
2556 2183 2610 2235 p.
2640 2165 2735 2221 47.

473 2236 717 2288 Ceterum
738 2233 861 2287 vide
876 2274 892 2300 ‚
928 2253 1062 2304 quae
1089 2236 1278 2306 scripsi
1303 2238 1360 2289 in
1381 2240 1511 2291 Not.
1555 2237 1698 2305 Wr.)

477 2404 557 2476 οὖ
583 2406 701 2493 γὰρ
740 2404 851 2478 ὀΐω
897 2406 993 2473 01’5
1034 2429 1102 2473 σε
1139 2414 1309 2475 θεῶν
1351 2404 1563 2490 ἀέκητι

417 2542 426 2561 ,
474 2495 764 2582 γενέσθαι
795 2519 858 2559 τε
886 2495 1189 2578 τραφέμεν
1218 2521 1301 2570 τε,
1343 2506 1414 2559 ut
1443 2497 1561 2559 od.

474 2607 532 2667 γ,
565 2587 667 2648 27.
699 2584 915 2642 vitales
957 2605 1146 2643 auras
1192 2602 1268 2642 ex
1311 2585 1561 2663 antiquo

476 2688 749 2729 sermone
776 2667 977 2745 habet,
1021 2689 1082 2729 v.
1108 2689 1160 2730 c.
1195 2689 1290 2750 ap.
1323 2670 1564 2732 Lucret.

475 2756 579 2833 111,
608 2753 735 2820 406
768 2763 831 2813 et
865 2754 942 2815 al.

562 2887 711 2949 890.
760 2882 1029 2942 Classem
1057 2884 1338 2958 relatam,
1373 2882 1565 2943 redu.

477 2979 658 3045 ctam,
694 2968 999 3033 reducem.
1043 2972 1229 3027 versis
1252 2971 1566 3048 aquiloni-

476 3055 610 3129 bus,
629 3053 690 3114 h.
705 3073 756 3113 e.
783 3053 982 3113 ventis
1010 3053 1370 3133 simpliciter.
1415 3055 1565 3115 Mox

477 3144 607 3205 392
652 3142 802 3198 vani
849 3137 928 3198 ad
981 3149 1266 3198 ornatum
1316 3142 1562 3220 egregie.

483 3223 724 3299 Vanus,
747 3244 871 3283 non
896 3224 1080 3284 modo
1095 3225 1200 3303 qui
1224 3225 1563 3304 pollicetur,

478 3329 632 3389 quae
675 3319 974 3390 praestare
1029 3311 1272 3389 nequit,
1339 3311 1444 3370 sed
1502 3321 1566 3371 et

477 3396 584 3476 qui
610 3395 936 3476 profitetur
963 3396 1062 3455 vel
1087 3397 1295 3455 falsam
1326 3397 1428 3456 vel
1464 3397 1563 3457 in-

478 3501 655 3542 anem
686 3481 1040 3542 doctrinam.
1087 3484 1159 3542 cs.
1187 3485 1357 3543 Serv.

565 3609 950 3675 393—400.
1006 3609 1333 3669 Duodecim
1377 3630 1564 3670 naves

479 3716 620 3757 cum
656 3693 928 3772 Anthea,
984 3697 1258 3775 Sergesto
1276 3741 1294 3771 ,
1338 3697 1565 3758 Cloan-

479 3781 709 3861 thoque
738 3791 1008 3842 servatas
1035 3802 1180 3842 mox
1206 3781 1564 3845 videbimus.

464 3867 602 3928 'Has
675 3867 931 3929 totidem
1001 3867 1196 3927 olores
1262 3868 1579 3947 innuunt,

478 3973 631 4032 quos
645 3997 662 4028 ,
707 3954 781 4012 ab
825 3951 1029 4032 aquila
1074 3952 1255 4014 modo
1311 3957 1565 4036 agitatos

478 4048 543 4098 et
583 4039 899 4119 dispersos,
944 4038 1116 4098 hoste
1153 4040 1366 4101 abacto
1398 4042 1567 4104 ludi-

476 4125 719 4185 hundos
790 4125 1265 4206 plaudentesque
1336 4137 1568 4190 terram

480 4211 769 4272 advolare
804 4212 1070 4271 ostendit
1094 4212 1316 4272 Venus.
1359 4215 1568 4275 turba-

477 4299 586 4358 bat
620 4298 919 4378 eleganter
956 4318 1072 4378 pro
1106 4298 1365 4379 agitabat
1391 4296 1569 4365 ἆκλό-

477 4406 570 4449 νει
580 4428 600 4461 ,
644 4383 1090 4465 insequebatur.
1161 4397 1371 4466 aperto
1405 4388 1570 4448 coelo

1646 2413 1744 2474 alii
1772 2425 2002 2487 sereno,
2044 2419 2120 2472 ut
2152 2432 2285 2493 sup.
2328 2431 2389 2471 v·
2428 2408 2577 2486 155,
2619 2428 2738 2493 ego

1645 2500 1849 2561 malim
1881 2520 1995 2581 pro
2018 2498 2227 2573 libero,
2270 2497 2480 2579 pervio
2509 2497 2739 2558 volan-

1645 2588 1825 2647 tibus.
1935 2585 2107 2660 Quae
2162 2593 2523 2663 sequuntur,
2579 2587 2737 2652 395.

1647 2676 1793 2738 896.
1833 2672 2001 2731 varie
2038 2671 2417 2751 accipiuntur
2451 2678 2512 2728 et
2542 2672 2741 2751 accipi

1645 2767 1919 2840 possunt.
2006 2756 2334 2817 Difficultas
2358 2756 2540 2815 estin
2579 2776 2740 2816 voce

1646 2864 1863 2922 capere
1886 2852 1946 2902 et
1970 2856 2205 2922 captas,
2255 2842 2426 2901 cuius
2456 2861 2520 2900 ea
2559 2843 2741 2902 notio

1648 2929 2022 3008 exquirenda
2067 2937 2177 3005 est,
2219 2947 2372 3006 quae
2414 2947 2547 2988 cum
2592 2949 2740 2989 voc.

1647 3018 1988 3094 despectare
2032 3014 2380 3074 conveniat:
2434 3014 2744 3092 siquidem

1647 3112 1813 3162 terra
1842 3104 1973 3159 iam
2014 3112 2222 3178 capta,
2271 3108 2579 3180 occupata,
2617 3101 2743 3160 de-

1645 3186 1963 3267 spectandi
2003 3186 2172 3246 locus
2217 3204 2343 3245 esse
2386 3206 2507 3245 non
2554 3185 2743 3246 vide-

1645 3282 1767 3334 tur.
1859 3273 2082 3351 &spere
2111 3280 2312 3332 autem
2355 3280 2445 3330 est
2473 3280 2579 3331 aut
2618 3293 2741 3345 oc-

1648 3378 1888 3439 cupare,
1918 3367 2027 3417 aut
2057 3358 2244 3418 oculis
2269 3358 2589 3437 designare,
2618 3359 2742 3419 eli-
2798 3435 2802 3438 Α

1646 3464 1802 3525 gere,
1834 3453 2056 3524 petere.
2099 3443 2374 3523 Plerique
2394 3444 2588 3525 intpp.
2608 3457 2741 3504 ters-

1645 3552 1750 3604 ras
1768 3543 1879 3590 aut
1905 3549 2117 3607 capere
2132 3529 2194 3591 h.
2208 3550 2256 3588 e.
2280 3540 2502 3603 tenere,
2514 3530 2745 3591 inside-

1646 3636 1732 3692 re,
1758 3625 1866 3675 aut
1891 3628 2110 3693 captas
2131 3619 2260 3674 iam
2283 3617 2652 3695 despectare,
2674 3616 2741 3677 h.

1646 3720 1696 3761 e.
1724 3701 2029 3782 despicere
2042 3701 2105 3760 in
2138 3703 2612 3762 terramianiiam
2632 3724 2745 3762 ca-

1638 3788 1957 3866 piendam,
1979 3787 2076 3847 cui
2099 3787 2215 3847 iam
2244 3789 2744 3870 appropinquant

1646 3873 1886 3948 volatu,
1953 3881 2024 3932 ut
2090 3875 2358 3954 capiant,
2405 3884 2742 3953 occupent5

1648 3958 1754 4039 qui
1786 3958 2029 4037 quidem
2055 3960 2274 4020 modus
2299 3959 2606 4039 loquendi,
2638 3973 2742 4021 et-

1651 4045 1702 4105 si
1738 4044 1946 4120 durus,
1991 4065 2117 4105 non
2141 4047 2488 4125 infrequens
2515 4055 2628 4123 est,
2663 4056 2741 4107 ut

1648 4131 1718 4191 in
1745 4130 1880 4189 illo:
1926 4129 1984 4193 εἰ
2012 4126 2280 4213 δύναμαι
2304 4130 2610 4217 τελέσαιγε
2631 4131 2740 4195 καὶ

1653 4216 1712 4280 εἰ
1732 4213 2146 4298 τετελεσμένον
2175 4217 2353 4283 ἐστίν.
2397 4218 2515 4277 od.
2545 4240 2591 4295 ε,
2632 4222 2736 4284 90.

1652 4304 2037 4363 Burmannus
2098 4318 2314 4383 captas
2364 4303 2649 4385 intelligit
2703 4322 2739 4362 a

1613 4460 1625 4473 ·
1652 4388 1976 4472 prioribus,
2009 4389 2114 4468 qui
2139 4390 2206 4451 in
2230 4399 2456 4453 tex-ram
2477 4391 2601 4452 iun
2627 4390 2733 4452 ds-
