2882 5028
735 337 920 410 AD
1023 335 1666 413 LIBRUM
1769 338 1890 413 Vl
2245 346 2442 418 1033

201 530 325 591 128
357 544 504 604 sqq„
546 533 689 604 post
711 525 905 585 trinas
930 525 1310 606 migrationes
1337 545 1475 587 eum
1488 571 1506 602 ,
1550 527 1654 604 qui
1686 527 1843 587 iuste
1886 526 2139 604 vixerit,
2204 527 2270 587 in
2296 527 2444 606 Ely-

195 613 350 671 sium
378 612 726 691 pervenire5
769 620 906 686 aut,
949 622 1022 671 ut
1060 613 1127 671 in
1163 614 1494 692 fragmento
1540 613 1702 693 apud
1730 614 1878 673 Plat.
1905 614 1970 673 in
1993 611 2248 672 Menona
2276 615 2345 674 Τ.
2370 613 2445 691 11,

195 719 256 778 p.
288 701 366 761 81
407 697 563 777 opp.
605 706 725 772 est,
786 697 949 756 inter
976 697 1186 757 heroes
1227 700 1471 775 referri;
1530 699 1694 777 quod
1739 699 1897 759 idem
1928 698 2315 778 Empedocles
2348 719 2449 759 se-

198 792 428 860 quutus
475 792 606 842 erat
621 824 640 859 ,
680 791 752 841 ut
794 802 870 841 ex
901 783 1026 843 eiua
1058 786 1391 864 fragmento
1433 784 1790 864 intelligitur
1830 805 1925 866 ap.
1963 785 2246 846 Clement.
2272 784 2446 848 Alex.

198 872 425 930 Strom.
451 869 552 945 lv,
595 888 655 947 p.
685 871 809 936 688
840 869 1038 929 Oxou.

376 1039 596 1097 Totum
634 1036 800 1098 hunc
837 1039 1037 1100 locum
1080 1061 1206 1100 non
1239 1049 1366 1100 tam
1406 1058 1486 1098 ex
1522 1037 1892 1119 philosophis
1924 1059 2102 1119 quam
2131 1057 2208 1098 ex
2235 1038 2449 1117 vulga-

200 1123 371 1183 ribus
411 1124 792 1204 opinionibus
831 1144 953 1184 esse
1011 1127 1432 1186 concinnatum
1451 1171 1467 1201 ,
1527 1126 1930 1185 contendebat
1968 1124 2329 1185 Moshemius
2369 1124 2450 1184 ad

203 1209 563 1270 Cudworth.
604 1230 664 1289 p.
704 1211 869 1276 1048
909 1207 974 1290 §.
1012 1216 1076 1276 9.
1161 1213 1320 1272 Illud
1371 1211 1612 1290 quidem
1665 1212 1810 1271 satis
1856 1212 2083 1289 liquere
2129 1218 2312 1290 puto,
2369 1228 2449 1269 ex

203 1295 438 1374 vulgari
465 1297 864 1356 vetustiorum
899 1296 1226 1377 theologia,
1270 1299 1345 1357 ab
1372 1298 1703 1377 Aegyptiis,
1745 1307 1817 1356 ut
1839 1297 2146 1377 probabile
2171 1296 2274 1374 fit,
2315 1294 2450 1376 pri-

201 1401 304 1440 mo
346 1382 568 1461 petita,
628 1390 689 1439 et
728 1381 1081 1461 symbolice,
1145 1393 1219 1443 ιιι
1257 1385 1455 1463 prisco
1494 1401 1642 1443 aevo
1684 1383 1815 1442 fieri
1859 1402 2096 1442 necesse
2128 1390 2290 1456 erat,
2333 1400 2448 1440 ex-

204 1486 437 1546 pressa,
479 1464 1014 1545 Pythagoricorum
1053 1468 1615 1547 Platonicorumque
1638 1489 1764 1527 non
1794 1469 1990 1529 minus
2014 1487 2194 1547 quam
2220 1477 2449 1546 myste-

204 1553 438 1612 riorum
471 1552 912 1614 Eleusiniorum
953 1555 1175 1633 placita
1209 1555 1286 1614 de
1322 1556 1530 1614 inseris
1555 1573 1679 1615 esse
1705 1555 1917 1631 ducta;
1968 1573 2083 1614 nec
2108 1563 2311 1613 tamen
2344 1552 2449 1611 in-

207 1638 426 1717 telligo,
471 1638 774 1716 quomodo
804 1640 969 1698 mille
999 1661 1149 1699 anm
1176 1651 1238 1701 et
1265 1641 1457 1700 Lethe
1477 1653 1629 1720 pota
1655 1641 1818 1700 inter
1852 1639 2015 1720 vulgi
2061 1637 2304 1718 mythos
2344 1656 2450 1696 re·-

206 1725 348 1783 serri
385 1724 648 1803 possint,
705 1744 859 1803 quae
908 1725 1152 1804 quidem
1194 1727 1506 1786 manifeste
1559 1735 1701 1786 sunt
1741 1726 2049 1786 Platonica
2094 1732 2449 1785 commenta.

208 1809 326 1869 Sed
358 1810 602 1869 omnino
628 1810 724 1871 vir
756 1811 855 1870 ille
882 1831 1180 1887 summus,
1224 1813 1289 1871 in
1318 1813 1637 1872 subtilibus
1676 1811 2122 1890 quaestionibus
2149 1808 2451 1870 solvendis

206 1896 637 1973 sagacissimus,
678 1906 997 1977 poetarum
1020 1897 1317 1977 interpres
1359 1906 1490 1957 erat
1515 1918 1725 1977 parum
1761 1897 2047 1974 idoneus,
2101 1905 2175 1957 ιιι
2200 1914 2279 1954 ex
2316 1903 2452 1954 tota

206 1981 306 2039 illa
335 1981 741 2060 disputatione
779 1983 1100 2042 Homerica
1136 1984 1279 2043 satis
1330 1984 1650 2062 intelligas·
1635 2027 1653 2060 ‚
1707 1984 1851 2042 item
1893 1984 1956 2042 in
1997 1981 2363 2078 quaestione
2373 1979 2451 2039 de

207 2067 585 2146 stigmatibus
615 2068 954 2128 animorum
977 2066 1068 2151 (v.
1089 2069 1228 2130 Not.
1254 2070 1412 2130 adv.
1440 2071 1669 2135 785-
1582 2068 1855 2149 -739).
1909 2067 2044 2127 Hoc
2068 2067 2177 2126 sibi
2204 2059 2449 2126 omnino

206 2171 554 2231 persuasum
598 2151 891 2227 habeant,
947 2173 1181 2214 necesse
1216 2164 1335 2231 est,
1407 2155 1768 2215 vetustiores
1806 2152 2214 2251 philosophiae
2252 2151 2451 2210 inter-

207 2247 422 2317 pretes,
461 2238 593 2297 fieri
633 2239 809 2317 plane
844 2259 968 2299 non
998 2260 1187 2318 posse,
1227 2250 1300 2301 ιιι
1338 2241 1659 2320 quicquam
1700 2240 2019 2320 proficiant
2059 2240 2127 2297 in
2157 2236 2452 2317 antiquis—

207 2324 495 2383 simorum
521 2332 583 2381 et
605 2343 849 2402 eorum,
894 2326 1001 2403 qui
1042 2344 1142 2385 eos
1183 2336 1550 2426 sequuntur,
1618 2323 2116 2406 pbilosophorum
2157 2321 2454 2401 dogmati-

207 2409 321 2468 bus
362 2409 759 2488 intelligendis
802 2419 865 2469 et
898 2411 1208 2485 eruendis,
1252 2413 1364 2471 nisi
1402 2413 1530 2471 vim
1571 2422 1634 2470 et
1659 2412 1957 2472 rationem
2002 2409 2298 2489 poeticam
2339 2427 2454 2467 an-

199 2494 631 2574 tiquissimam,
673 2495 941 2576 mythice
978 2505 1041 2556 et
1084 2455 1409 2577 syrribolica
1459 2516 1698 2571 eorum,
1759 2516 1911 2574 quae
1954 2496 2454 2575 excogitaverant,

211 2582 289 2640 ad
345 2600 583 2641 sensum
637 2583 1010 2662 expositione
1047 2592 1110 2642 et
1167 2587 1712 2661 repraesentatione
1767 2582 1966 2641 omnis
2027 2580 2453 2653 enuntiantem,

210 2667 559 2727 familiarem
588 2668 701 2727 sibi
728 2667 1125 2727 reddiderint.
1185 2669 1334 2728 Cum
1365 2688 1433 2728 ea
1460 2678 1655 2728 aetate
1682 2668 1970 2726 sermonis
1997 2666 2268 2726 nondum
2300 2671 2457 2722 esset

210 2754 508 2813 subtilitas
542 2772 630 2828 ea,
655 2761 729 2812 ut
754 2754 999 2833 proprie
1018 2754 1225 2813 efferre
1247 2764 1491 2834 possent
1513 2773 1610 2813 res
1639 2753 2052 2831 intelligibiles,
2082 2762 2272 2828 utque
2302 2748 2453 2807 adeo

209 2858 287 2898 ne
311 2840 642 2918 cogitarent
665 2837 910 2916 quidem
946 2840 1072 2898 sine
1100 2840 1426 2918 symbolica
1453 2840 1651 2919 aliqua
1689 2837 2265 2917 repraesentatione,
2320 2832 2456 2893 fieri

211 2925 384 2983 aliter
439 2945 561 2984 non
616 2934 883 3003 poterat,
955 2944 1131 3003 quani
1166 2935 1237 2985 ut
1285 2925 1567 3006 mythicis
1610 2924 1967 2999 involucris,
2027 2942 2151 2983 non
2194 2940 2456 2981 arcanae

211 3012 510 3069 ᾱοοινὶηαε
534 3012 763 3085 studio,
815 3011 979 3088 quod
1007 3031 1230 3070 vanum
1261 3021 1353 3071 est
1393 3011 1669 3087 credere,
1726 3010 1831 3069 sed
1862 3008 2209 3068 necessitate
2244 3004 2455 3079 coacti,

211 3094 727 3176 philosophemata
768 3117 875 3155 sua
919 3098 1327 3156 obscurarent.
1427 3097 1655 3157 Habuit
1703 3097 1971 3176 profecto
2014 3113 2084 3152 ea
2130 3111 2228 3152 res
2262 3091 2457 3171 pluri-

213 3201 380 3241 mum
414 3182 719 3240 molestiae
746 3192 808 3240 et
837 3182 1233 3241 incommodi·
1219 3225 1237 3258 ,
1296 3192 1571 3242 accurate
1598 3182 1771 3256 satis,
1815 3180 2147 3253 subtiliter,
2210 3187 2269 3236 et
2299 3176 2454 3235 defi-

214 3268 337 3326 nite
370 3269 570 3345 potuit
594 3268 702 3326 vix
727 3267 882 3326 tradi
910 3270 1255 3347 quicquam3
1298 3288 1538 3344 verum,
1584 3269 1631 3327 si
1676 3268 1753 3326 ad
1799 3267 2220 3345 intelligentiae
2259 3263 2457 3323 subti-

214 3354 444 3413 litatem
468 3372 681 3431 parum
704 3354 1150 3413 accommodata
1180 3355 1296 3413 suit
1322 3354 1426 3413 illa
1451 3354 1640 3429 ratio,
1684 3360 1856 3412 tanto
1887 3352 2195 3432 potentior
2224 3359 2285 3409 et
2326 3349 2456 3408 effi·
2554 3344 2557 3349 ’

216 3439 412 3498 cacior
437 3457 504 3497 ea
539 3438 837 3497 credenda
864 3449 953 3498 est
984 3440 1160 3499 fuisse
1194 3440 1272 3499 ad
1295 3441 1524 3499 animos
1547 3439 1895 3513 movendos,
1935 3438 2015 3497 ad
2039 3437 2458 3518 phantasmata

221 3526 522 3605 praeclara
549 3524 849 3583 mentibus
878 3525 1229 3595 obiicienda,
1285 3525 1363 3584 ad
1389 3527 1732 3585 voluntates
1755 3523 2044 3583 tenendas
2073 3532 2135 3582 et
2164 3523 2459 3581 inclinan-

217 3610 353 3685 das,
395 3611 663 3688 adeoque
697 3610 772 3668 ad
803 3611 1125 3670 imbuenda
1158 3611 1456 3688 religionis
1483 3622 1543 3670 et
1567 3612 1805 3691 pietatis
1842 3628 2019 3669 sensu
2047 3618 2310 3689 pectora.
2368 3607 2460 3665 Ita

216 3697 374 3756 enim
422 3706 847 3777 attemperatae
896 3706 1038 3756 sunt
1091 3697 1166 3755 ab
1210 3707 1454 3755 aeterna
1494 3709 1558 3757 et
1598 3715 1827 3758 summa
1866 3695 2068 3755 Mente
2099 3714 2227 3766 res,
2282 3702 2356 3751 ut
2393 3692 2458 3750 in

219 3783 380 3842 omni
411 3792 602 3841 aetate
634 3792 695 3841 et
724 3784 950 3862 generis
975 3782 1224 3842 humani
1250 3783 1622 3858 conditione,
1665 3783 1790 3842 sive
1816 3782 1990 3842 rudis
2022 3791 2183 3841 aetas
2216 3780 2311 3846 sit,
2355 3796 2461 3836 seu

219 3869 400 3947 magis
430 3869 729 3947 magisque
756 3870 1052 3948 expolita,
1111 3869 1405 3949 praesidia
1443 3869 1508 3927 in
1536 3879 1781 3949 promtu
1811 3869 1935 3927 sint
1969 3868 2047 3927 ad
2086 3874 2248 3925 recte
2272 3863 2461 3924 felici-

220 3964 433 4030 terque
464 3954 790 4031 agendum,
835 3954 1015 4014 inodo
1045 3975 1077 4012 a
1104 3955 1231 4013 solo
1270 3956 1538 4034 corporis
1569 3955 1869 4032 animique
1902 3973 2110 4027 sensu,
2168 3951 2350 4009 modo
2385 3948 2461 4007 ab

219 4038 585 4117 intelligendi
628 4040 854 4100 acriore
885 4050 946 4099 et
976 4041 1284 4100 subtiliore
1319 4041 1412 4117 vi,
1465 4059 1499 4098 a
1522 4059 1728 4100 rerum
1758 4040 2084 4099 multarum
2111 4037 2461 4112 cognitione,

224 4124 297 4182 ab
351 4125 580 4184 artibus
626 4135 686 4183 et
731 4126 1019 4201 scientiis,
1094 4127 1396 4206 prosecta·
1383 4171 1398 4202 ‚
1454 4135 1641 4203 utque
1695 4146 1829 4186 cum
1864 4123 2002 4184 his
1984 4124 2126 4205 ipsis
2161 4123 2462 4182 bonorum

221 4209 633 4287 malorumque
661 4231 816 4270 nova
849 4232 1063 4289 genera
1093 4212 1448 4287 succedant,
1492 4214 1709 4290 quibus
1750 4211 1930 4269 animi
1955 4219 2014 4268 et
2058 4229 2309 4286 corpora
2351 4226 2463 4291 ex-

220 4305 552 4354 erceantur.
660 4296 765 4354 Illa
809 4307 1009 4357 tamen
1049 4297 1387 4377 antiquiora
1425 4296 1940 4378 philosophemata
1996 4297 2264 4376 accipere
2311 4293 2466 4353 velle

220 4382 464 4461 proprie
494 4390 554 4439 et
577 4382 874 4442 subtiliter
915 4392 976 4444 et
1009 4384 1087 4443 ad
1111 4384 1403 4464 sequioris
1444 4385 1726 4445 Graeciae
1751 4402 1927 4445 usum
1944 4428 1963 4459 ,
2011 4383 2171 4444 forte
2203 4381 2355 4442 adeo
2385 4380 2465 4439 ad
