2882 5028
616 281 1440 406 TRAGTATARUM
1489 328 1799 404 INVEN
1812 274 2137 405 TiONE
2414 336 2513 407 ss

268 521 460 593 Maro
504 514 719 592 adeo
778 513 1004 592 aliud
1044 526 1610 616 argumentum
1670 514 1949 593 clarius
2005 528 2089 593 et
2134 513 2511 591 illustrius

275 622 682 717 excogitare
721 620 1003 721 potuit
1018 627 1119 717 *).

442 758 536 834 Π.
593 757 970 833 Omnino
1013 754 1347 859 quidem
1395 761 1494 835 de
1540 761 1838 835 Aeneae
1878 765 1953 837 ἱπ
2004 762 2315 835 Italiam
2361 763 2508 831 ad·-

262 874 453 936 veatu
486 858 816 936 fabulae
850 859 954 958 (si
963 863 1323 958 subulam
1361 858 1722 952 dicimus,
1762 885 1933 939 non
1961 857 2141 936 ficta
2171 883 2258 936 ac
2285 882 2508 935 com-

262 964 602 1040 mentitia
656 987 794 1039 res
834 964 1204 1063 ponitur3
1280 962 1421 1041 sed
1463 960 1766 1062 fabula,
1837 971 2116 1064 μῦθος.
2175 986 2505 1039 omnem

261 1079 601 1143 veterem
652 1064 999 1165 famam,
1065 1067 1474 1144 historiam
1527 1080 1607 1143 et
1667 1069 2206 1145 narrationem
2251 1091 2294 1142 a
2334 1092 2506 1144 ma-

261 1170 542 1245 mribus
590 1182 1009 1270 acceptam
1060 1169 1452 1268 designat,
1520 1184 1950 1275 antequam
1994 1170 2270 1245 litteris
2312 1194 2506 1249 con-

259 1275 526 1371 signari
589 1287 676 1349 et
715 1297 1100 1349 sermone
1151 1274 1505 1374 pedestri
1551 1276 1840 1376 exponi
1894 1275 2282 1374 coepisset
2313 1282 2503 1371 **)),

260 1376 478 1452 huius
539 1378 786 1475 igitur
846 1375 1160 1452 fabulae
1219 1374 1517 1453 fundus
1576 1377 1923 1458 habetur
1975 1376 2310 1455 Homeri
2372 1377 2502 1452 ille

260 1479 467 1556 locus
506 1479 977 1555 notissimus
1004 1479 1222 1560 Iliad.
1263 1491 1344 1578 Y,
1396 1490 1570 1562 307.
1608 1493 1760 1564 308
1775 1491 1965 1581 ***),
2017 1481 2156 1559 ubi
2199 1486 2502 1583 Neptu-

260 1608 395 1658 nus
444 1584 591 1659 diis
638 1596 925 1659 auctor
964 1596 1118 1681 est,
1180 1597 1272 1660 ut
1316 1589 1675 1664 Aeneam
1727 1609 1911 1662 cum
1957 1583 2259 1662 Achille
2311 1607 2505 1659 con-

255 1710 605 1785 gressum
655 1687 1053 1786 imparem
1096 1710 1359 1791 pugna
1414 1688 1794 1787 educant,
1863 1713 1970 1764 ne
2017 1690 2183 1764 eius
2236 1700 2502 1762 morte

256 1791 583 1866 Dardani
647 1790 1073 1891 posteritas
1135 1789 1489 1889 deficiat,
1570 1817 1817 1895 quem
1879 1806 2152 1869 tamen
2203 1791 2505 1894 Iupiter

252 1919 429 1994 prae
484 1895 774 1971 ceteris
828 1893 1100 1970 liberis
1159 1893 1422 1996 diligat
1484 1896 1898 1989 omnibus;
1971 1909 2048 1971 at
2098 1895 2503 1972 Priamum
2586 1926 2592 1943 ·

255 2022 424 2073 cum
470 1998 869 2099 progenie
918 1998 1089 2074 Iovi
1133 2022 1347 2074 nunc
1393 2020 1566 2075 esse
1612 2001 1992 2091 invisum3
2044 1999 2310 2102 itaque
2348 2006 2503 2077 Ae-

252 2125 471 2177 neam
519 2103 861 2202 eiusque
901 2114 1274 2203 posteros
1315 2104 1678 2181 Troianis
1723 2127 1894 2180 esse
1937 2104 2502 2207 imperaturo&

393 2263 560 2337 Νῦν
612 2262 690 2337 δὲ
748 2257 839 2357 δή
883 2260 1194 2337 Αἰνείαο
1246 2262 1371 2360 βίη
1434 2258 1806 2356 Τρώεσσιν
1856 2259 2124 2347 ciruitu.

331 2412 345 2433 .
391 2365 550 2439 Καὶ
608 2370 861 2446 παῖδες
914 2365 1236 2456 παίδων,
1312 2364 1437 2445 τοί
1484 2395 1606 2445 κεν
1661 2362 2079 2461 μετόπισθε
2128 2366 2502 2462 γένωνται.

408 2670 468 2754 *)
512 2673 757 2734 ficeret
800 2672 962 2732 sorte
1011 2673 1269 2733 certiora
1311 2670 1558 2747 docere,
1611 2673 1662 2732 si
1708 2664 1938 2736 Νόστσι
1976 2680 2389 2754 superessent3
2429 2680 2503 2733 ut

244 2757 582 2834 Antenoris,
629 2758 718 2818 sic
758 2755 996 2816 Aeneae
1039 2777 1271 2819 errores
1309 2758 1377 2816 in
1419 2758 1494 2817 iis
1535 2756 1794 2838 expositi
1838 2776 1960 2814 esse
2001 2766 2274 2837 potuere.
2357 2756 2504 2818 Fuit

250 2845 394 2903 fone
428 2845 495 2903 in
540 2844 612 2914 iis
633 2889 653 2923 ‚
729 2844 833 2921 qui
889 2843 1122 2922 primus
1174 2843 1408 2906 Aeneae
1464 2861 1698 2904 errores
1756 2842 1835 2900 ad
1875 2842 2102 2925 Ulyssis
2162 2843 2502 2923 exemplum

251 2929 593 3008 effinxerat,
658 2948 921 3007 cumque
975 2926 1081 2987 hic
1122 2928 1283 3009 apud
1328 2929 1542 2989 Circen
1583 2928 1969 3006 substitisset,
2040 2928 2268 2988 Aeneas
2311 2929 2387 2990 ab
2429 2947 2503 2989 eo

246 3014 317 3076 ed
355 3017 694 3090 ulteriora,
737 3024 799 3075 et
842 3014 1143 3093 adipsum
1180 3016 1421 3075 Latium
1464 3014 1582 3074 snit
1625 3014 1936 3075 deductus.
2023 3014 2227 3074 Fuisse
2271 3015 2332 3073 in
2365 3035 2501 3094 my-

241 3100 355 3162 this
412 3102 836 3180 antiquiorem
891 3101 1152 3178 aliquam
1192 3099 1413 3161 horum
1458 3101 1733 3164 locorum
1773 3102 2078 3177 notitiam,
2138 3101 2379 3178 colligas
2423 3120 2502 3162 ex

236 3186 478 3248 Hesiodi
543 3186 772 3265 Theog.
844 3189 1009 3250 1013
1073 3185 1176 3250 ubi
1239 3187 1410 3250 Circe
1482 3205 1559 3247 ex
1627 3187 1837 3270 Ulysse
1907 3187 2205 3267 peperisse
2276 3186 2501 3250 dicitur

220 3268 483 3356 Ἀγρισν
526 3266 645 3355 η’δὲ
690 3278 968 3335 Λατῖνον
1010 3265 1299 3352 α’μῦμονᾶ
1338 3294 1404 3334 τε
1445 3268 1739 3355 κρατερόν
1781 3294 1875 3379 '⁸2
1933 3275 2015 3335 Οἳ
2066 3268 2146 3354 δή
2202 3295 2297 3336 τοι
2315 3267 2501 3378 ,μάλα

233 3362 373 3439 τῆλε
403 3362 577 3443 μυχῷ
612 3352 827 3438 νήσων
872 3350 1094 3436 ἱεράων
1130 3361 1338 3421 Πᾶσιν
1374 3359 1798 3441 Ῥυρῤηνοῖσιν
1822 3361 2261 3441 αγακλειτοῖσιν
2304 3377 2501 3420 ανασ-

236 3464 370 3509 σον.
458 3444 696 3504 Habuit
739 3443 891 3502 adeo
935 3450 1139 3523 poeta,
1196 3443 1302 3522 qui
1342 3442 1496 3503 haec
1536 3444 1798 3523 scripsit,
1856 3444 2164 3503 notionem
2209 3444 2500 3504 Etrusco-

236 3550 404 3605 rum,
464 3538 529 3588 at
570 3528 756 3590 valde
799 3528 1149 3603 obscuram,
1213 3530 1431 3607 longe,
1503 3532 1570 3589 in
1614 3530 1950 3589 &salanam
1992 3550 2252 3607 nocem,
2311 3527 2377 3590 h.
2435 3530 2498 3588 in

237 3616 444 3681 insulis
487 3636 592 3675 eos
635 3615 925 3678 collocat:
966 3633 1171 3678 errore
1212 3616 1372 3676 forte
1416 3616 1495 3675 ab
1536 3615 1731 3678 insula
1776 3615 1975 3680 Circe·
2017 3623 2182 3682 nato.
2233 3665 2246 3671 -

402 3736 497 3820 u)
544 3736 704 3815 svm,
748 3735 829 3799 gd
873 3733 1229 3815 Apollodor.
1269 3754 1401 3815 pag.
1441 3734 1617 3815 911]

403 3855 523 3940 ”⁴)
570 3855 931 3916 Translatus
980 3853 1081 3913 ille
1117 3874 1188 3913 ao
1226 3854 1521 3936 repetitus
1563 3855 1627 3913 in
1670 3851 1752 3912 H.
1800 3852 1865 3911 in
1896 3851 2112 3912 Vener.
2162 3856 2301 3919 197.
2353 3856 2496 3928 198,

243 3953 309 4004 ut
360 3963 471 4023 pro
526 3941 945 4023 praedictione
1000 3940 1248 4005 Veneria
1317 3940 1396 4004 ad
1437 3938 1740 4000 Anchisen
1802 3939 1962 4000 sacta
2017 3948 2200 4000 esset:
2261 3939 2500 4018 copiose

245 4038 486 4092 orn-tus
528 4048 563 4089 a
609 4028 853 4103 Quinto
899 4028 1229 4107 Smyrnaeo
1288 4026 1460 4100 xm,
1522 4029 1649 4094 300
1692 4044 1778 4104 sq.
1821 4024 1978 4105 inpr.
2023 4029 2149 4090 836
2192 4045 2299 4103 sq„
2360 4033 2420 4088 et
2461 4045 2497 4086 a

244 4113 474 4194 Virgilio
519 4113 832 4195 praeclare
876 4111 941 4171 in
984 4111 1294 4172 oraculum
1321 4110 1566 4192 Delphis
1608 4111 1842 4169 Aeneae
1885 4111 2096 4170 datum
2142 4128 2496 4170 conversusz

244 4203 559 4282 Antiquam
604 4200 913 4281 exquirite
955 4211 1223 4257 matrem.
1310 4200 1440 4256 Hic
1480 4199 1693 4256 domu-⁴1
1746 4196 1988 4255 Aeneae
2026 4200 2253 4255 eunetis
2297 4198 2497 4254 ‹lomi-

244 4284 468 4346 nabiter
505 4291 630 4347 oris
673 4288 767 4346 Et
811 4285 954 4342 nati
999 4297 1279 4343 natorum
1316 4297 1371 4342 et
1407 4284 1515 4364 qui
1552 4293 1871 4341 nascentur
1907 4282 1987 4339 ab
2029 4283 2154 4340 illis
2183 4280 2278 4355 ΠΙ,
2322 4283 2487 4345 96-

241 4373 331 4436 98.
408 4373 481 4435 Et
522 4369 671 4434 hinc
712 4385 939 4432 versus
987 4366 1072 4427 illi
1117 4367 1462 4450 pulcer-rimi
1504 4367 1607 4428 lib.
1647 4365 1758 4445 IX,
1800 4363 2170 4432 446-449
2210 4366 2492 4447 expressi.
