2882 5028
611 365 1258 442 AENmnos
1310 367 1519 444 Lm.
1574 367 1636 463 1,
1689 373 2125 449 517—527
2392 379 2536 452 169

241 559 670 633 Maxumus
718 553 1092 630 Ilioneus
1141 551 1462 655 placido
1507 553 1617 628 sic
1658 568 1991 654 pectore
2035 557 2334 658 coepit:

257 661 335 736 Ο
379 659 736 757 Regina,
786 681 1095 733 novam
1141 659 1270 733 cui
1312 655 1666 734 condere
1696 660 2059 760 Iuppiter
2096 661 2412 759 urbem,

261 762 731 863 Iustitiaque
765 759 1001 837 dedit
1027 761 1292 858 gentis
1324 757 1644 837 frenare
1675 763 2080 862 superbas»,

273 871 522 943 Troes
553 879 638 942 te
667 864 956 941 miseri
974 923 996 958 ‚
1049 865 1309 941 ventis
1336 864 1585 940 maria
1620 866 1888 941 omnia
1915 868 2142 966 vecti,

273 971 652 1048 Oramuse
709 966 1068 1070 prohibe
1102 966 1480 1043 infandos
1521 994 1564 1044 a
1593 968 1924 1046 navibus
1956 971 2194 1069 ignis;
2386 975 2542 1053 525

272 1078 508 1150 Parce
539 1075 684 1175 pio
720 1070 1047 1171 generi,
1102 1084 1185 1148 et
1215 1072 1546 1173 propius
1575 1096 1706 1148 res
1731 1072 2048 1176 adspice
2080 1086 2406 1155 nostras,

268 1183 448 1255 Non
484 1201 646 1253 nos
679 1189 823 1252 aut
851 1172 1080 1253 ferro
1110 1174 1449 1273 Libycos
1485 1175 1876 1278 populare
1902 1182 2240 1256 Penates

398 1369 504 1423 521
540 1368 764 1439 pladto
794 1366 922 1418 duo.
994 1383 1144 1417 nunc
1172 1381 1273 1433 pro
1300 1367 1378 1417 sic
1400 1365 1590 1417 Hamli.
1613 1383 1696 1437 pr.
1731 1365 1854 1437 (sub
1877 1367 1996 1420 Alb.
2036 1367 2178 1436 Wr.)
2276 1368 2383 1424 523
2409 1372 2545 1422 Ser*-

261 1456 398 1490 me
426 1438 572 1489 alter
607 1437 810 1489 Hamb.
954 1435 1060 1489 524
1092 1436 1296 1487 circum
1327 1453 1395 1486 m.
1425 1436 1617 1487 Hamb.
1661 1454 1744 1506 pr.
1775 1455 1839 1488 ex
1881 1456 1932 1490 τ.
1969 1439 2067 1503 32,
2115 1448 2171 1490 et
2200 1437 2544 1508 Cuningham.

262 1507 616 1559 conficiebat:
654 1508 874 1558 circum
909 1503 993 1557 vel
1021 1505 1133 1556 huc
1195 1523 1272 1568 er,
1306 1505 1375 1556 ad
1397 1504 1609 1557 ductum
1639 1511 1769 1558 Aen.
1816 1509 1931 1570 vn,
1967 1509 2091 1575 228,
2124 1509 2337 1561 frustra.
2408 1510 2545 1561 Nam

263 1577 626 1647 praepositiva
654 1577 823 1628 docte
854 1595 883 1626 a
909 1583 1075 1644 poeta
1103 1591 1135 1624 a
1205 1574 1524 1626 Graecorum
1555 1574 1765 1628 ductum
1792 1577 2066 1630 omittitur.
2208 1579 2315 1633 525
2347 1579 2405 1630 in
2435 1597 2545 1631 ‹m-

269 1647 364 1698 dis
387 1645 587 1698 zalich.
619 1665 654 1698 a
682 1665 756 1696 m.
787 1662 872 1715 pr.
909 1645 1091 1715 (ignee
1117 1641 1311 1707 Medic.
1338 1644 1484 1711 Wr.)
1626 1646 1730 1702 526
1749 1663 1944 1766 ἔωσε,
1973 1666 2176 1720 precor
2198 1647 2335 1699 alter
2408 1648 2545 1700 amb.

271 1728 329 1767 ee
355 1716 507 1767 deest
527 1714 805 1767 Montalb.
881 1731 973 1766 rea
1013 1714 1198 1784 accipe
1229 1731 1311 1783 pr.
1338 1713 1526 1765 Hamb.
1562 1714 1658 1766 sed
1694 1715 1747 1766 vi
1839 1728 1953 1768 not.
2024 1716 2218 1768 Medic.
2249 1718 2545 1798 proprium

272 1785 383 1837 rid.
409 1787 476 1837 V.
502 1786 567 1837 L.
599 1785 672 1836 ad
698 1786 805 1836 Ge.
838 1784 928 1847 111,
964 1783 1050 1836 58.
1091 1784 1178 1834 W
1169 1783 1237 1836 nl
1378 1783 1481 1837 527
1522 1785 1723 1852 Tyrios
1744 1785 1918 1855 nigot.
1972 1787 2009 1837 I
2038 1788 2177 1838 'ocos
2201 1790 2545 1856 spi-etiamn

268 1865 511 1907 nattum
540 1855 714 1907 nale:
752 1853 855 1905 aed
881 1853 939 1904 in
965 1850 1200 1921 Libycos
1227 1853 1561 1905 consentiunt
1581 1852 1724 1906 libri.

344 2014 499 2078 521.
547 2015 894 2071 Max-lmus
942 2011 1002 2069 I.
1064 2031 1146 2068 sc.
1195 2019 1378 2089 natu;
1463 2022 1525 2072 et
1551 2001 1733 2092 grave
1771 2031 1851 2071 ex
1884 2012 2073 2072 altera
2103 2022 2278 2094 parte
2309 2013 2388 2073 ad
2418 2012 2544 2076 hu-

249 2107 327 2158 nt
358 2100 494 2164 654
534 2111 840 2156 natatum
878 2098 1159 2154 mxima
1196 2096 1376 2156 abso·
1461 2098 1763 2159 munitatis
1851 2098 2047 2157 officia
2128 2111 2547 2179 argumentum

250 2186 419 2244 1:112:
463 2184 586 2243 nisi
622 2183 916 2243 univerae
964 2190 1057 2240 eat
1100 2180 1378 2263 princeps
1462 2184 1630 2265 apud
1671 2184 1984 2244 Didonem.
2099 2185 2384 2245 Similiter
2431 2205 2546 2245 ex-

252 2272 425 2330 inter
456 2270 668 2350 ipsos,
718 2277 781 2326 et
825 2266 1190 2327 auctoritate
1227 2270 1377 2328 emi-
1460 2270 1658 2351 pende
1686 2269 1933 2348 reliqua.
2021 2271 2163 2336 523.
2188 2285 2398 2348 gentes
2438 2294 2547 2331 su-

254 2375 433 2416 mens.
492 2355 652 2436 (hoc
705 2354 930 2413 verius.
996 2351 1176 2433 Wr.)
1283 2354 1377 2413 Ita
1454 2356 1702 2434 per-bas,
1749 2357 1993 2432 feroces,
2034 2356 2146 2416 int.
2182 2359 2378 2432 Afros,
2423 2378 2546 2418 non

255 2442 631 2523 simpliciter
680 2440 827 2499 alibi
882 2441 1034 2498 Aen.
1091 2439 1204 2514 111,
1255 2445 1377 2505 107
1462 2443 1711 2502 Poenos.
1760 2444 2059 2500 iustitiam
2084 2442 2163 2501 ad
2190 2452 2389 2503 totum
2425 2444 2546 2503 mi-

257 2532 610 2587 Maximua
657 2528 820 2585 unde
865 2538 1050 2604 paler
1089 2558 1178 2571 —
1221 2529 1378 2586 Teu-
1463 2530 1681 2588 tiorem
1711 2528 1871 2588 vitae
1903 2528 2134 2588 eulttun
2167 2532 2444 2611 legesque
2471 2552 2549 2589 ac

252 2637 426 2673 ems.
468 2614 741 2693 placido
772 2624 1010 2692 pectore
1027 2655 1045 2685 ,
1093 2609 1156 2669 h.
1200 2630 1249 2671 e.
1294 2611 1382 2671 nil
1465 2617 1605 2674 iura
1635 2616 1786 2674 dota
1811 2615 1989 2687 refer,
2008 2615 2224 2693 quibus
2248 2617 2548 2677 feritatem

251 2700 585 2774 turbatus,
631 2699 809 2758 nullo
838 2718 1047 2757 rerum
1069 2707 1237 2757 metu
1265 2698 1383 2758 im-
1466 2720 1679 2760 eorum
1706 2700 2002 2779 mitigavit
2028 2701 2201 2762 Dido.

259 2786 523 2865 peditus
550 2806 626 2843 ae
652 2785 999 2864 perculsus5
1023 2782 1174 2842 nihil
1198 2784 1380 2845 aliud.
1554 2787 1699 2851 525.
1725 2787 1871 2850 526.
1915 2787 2212 2863 Infandos
2229 2789 2424 2864 ignes,
2447 2786 2550 2863 qui

275 2870 542 2950 (petiam
600 2868 924 2952 placida
992 2870 1381 2946 oratione,
1469 2870 1758 2931 adversus
1789 2871 1877 2929 fas
1916 2871 2126 2950 iusque
2152 2871 2418 2950 gentium
2452 2871 2552 2931 in-

280 2976 444 3033 quae
497 2956 848 3037 dignitatem
897 2954 1122 3014 dicenti
1173 2956 1383 3015 conci-
1467 2958 1769 3022 seruntur.
1845 2960 2029 3035 pium
2063 2978 2291 3036 genua,
2342 2957 2551 3017 Troia-

281 3042 416 3101 liat.
451 3042 629 3123 Wr.)
726 3045 997 3103 Ilioneus
1015 3039 1117 3100 hic
1142 3041 1385 3101 aliunde
1469 3043 1535 3103 ni
1588 3042 1651 3102 h.
1699 3043 1768 3117 l.,
1826 3043 1928 3122 qui
1987 3043 2213 3102 nullam
2252 3042 2552 3121 iniuriam,

279 3137 469 3188 notus
501 3148 627 3187 non
659 3138 782 3204 θείς
812 3127 966 3185 male
994 3125 1055 3185 h.
1080 3128 1120 3187 l.
1152 3128 1387 3186 aPom-
1470 3129 1705 3189 nullum
1723 3129 1904 3205 nefas,
1919 3129 2356 3206 commiserant,
2370 3151 2553 3211 prae-

275 3217 469 3295 ponio
510 3224 574 3273 et
616 3214 748 3273 aliis
804 3213 886 3271 ad
927 3232 1063 3271 eum
1104 3216 1385 3288 refertur,
1472 3214 1580 3273 das
1609 3215 1856 3294 agendo.
1943 3219 2153 3275 Pietas
2185 3236 2297 3295 pro
2329 3217 2555 3276 iustitia

272 3302 388 3379 qui
421 3299 599 3360 Iliad.
631 3304 684 3375 ξ,
722 3300 851 3365 489
892 3318 1020 3376 sqq.
1069 3299 1385 3373 occiditur,
1468 3301 1780 3360 interdum
1825 3301 1982 3360 dicta
2002 3347 2020 3378 ‚
2066 3312 2365 3381 quatenus
2404 3301 2554 3362 haec

270 3386 660 3447 Phorbantis
694 3388 737 3445 s.
823 3384 1024 3444 Alium
1067 3385 1130 3444 in
1171 3385 1388 3444 Troiae
1472 3408 1507 3445 a
1532 3396 1699 3446 metu
1730 3387 1983 3447 deorum
2012 3396 2074 3445 et
2099 3389 2383 3468 religione
2403 3410 2554 3470 pro-

275 3474 601 3533 eversione
652 3473 728 3531 ab
785 3467 1072 3531 Diomede
1130 3491 1385 3543 caesum,
1470 3473 1776 3533 ficiscitur.
1840 3478 2097 3551 propius
2156 3476 2400 3553 adspice
2464 3496 2556 3534 rea

286 3556 714 3641 δημογέροντα
750 3601 768 3632 ,
870 3556 1108 3617 videbis
1222 3556 1388 3638 apud
1470 3572 1742 3634 nostr-as,
1792 3560 2194 3619 conditionem
2237 3570 2300 3620 et
2335 3561 2555 3636 locum,

289 3645 502 3719 Quint.
544 3644 671 3703 Cal.
703 3642 870 3718 XIII,
903 3645 1018 3707 181
1055 3662 1182 3721 sqq.
1473 3664 1594 3723 quo
1638 3664 1875 3721 sumus,
1930 3646 2267 3705 accuratius
2306 3647 2555 3727 inspice:

377 3733 505 3796 522
540 3751 672 3810 sqq.
749 3728 965 3805 Oratio
1022 3728 1250 3808 egregie
1310 3727 1387 3786 ad
1473 3751 1552 3790 ac.
1590 3729 1948 3811 deprecatur
1978 3731 2267 3791 iudicium
2295 3733 2369 3791 de
2396 3752 2456 3791 se
2482 3751 2557 3793 ex

294 3817 606 3876 omilium
638 3826 702 3876 et
744 3814 824 3876 ad
864 3814 1147 3874 affectum
1181 3813 1390 3873 dieen-
1471 3815 1668 3898 primo
1693 3836 1897 3876 rerum
1930 3817 2217 3896 adspectu
2242 3820 2558 3883 fortunae-

295 3903 368 3962 ἰὴ
395 3902 816 3981 audientisque
838 3909 1226 3979 comparata3
1252 3919 1387 3960 cum
1473 3921 1591 3981 que
1619 3903 1830 3982 specie,
1858 3904 2243 3983 postulatque
2273 3925 2306 3963 a
2333 3906 2558 3986 regina,

293 4009 410 4067 qua
462 4010 592 4049 non
641 3990 772 4049 sine
813 3990 1033 4049 sruem
1081 4006 1391 4066 compares
1474 3997 1549 4047 ut
1575 3988 1914 4049 accuratius
1951 3989 2091 4065 sibi,
2135 3991 2237 4069 qui
2267 3991 2406 4068 sint,
2447 4012 2561 4052 ex·-

294 4076 540 4136 alteram
582 4076 660 4135 ad
689 4075 990 4135 Latinum
1016 4072 1091 4133 R.
1120 4070 1387 4132 habitam
1473 4074 1619 4155 poni
1646 4075 1930 4154 patiatur.
2678 4107 2687 4116 ·

294 4161 437 4222 Aen.
471 4162 595 4240 VII,
618 4168 748 4230 213
773 4180 915 4240 sqq.
1008 4157 1392 4218 Praeclarum
1564 4160 1709 4226 527.
1754 4160 1887 4220 Non
1913 4181 1974 4219 se
2005 4161 2082 4220 ad
2110 4160 2562 4242 depraedandos

293 4246 433 4310 hoc:
469 4273 694 4311 novam
726 4251 843 4309 cui
883 4243 1140 4305 condere
1167 4246 1391 4322 Iuppi-
1474 4244 1811 4308 incolarum
1841 4256 2036 4307 terrae
2065 4269 2134 4307 ac
2162 4248 2330 4308 sedes
2357 4249 2562 4308 venis-

295 4337 603 4399 oermbem,
656 4337 822 4398 haec
852 4329 1028 4391 enim
1069 4349 1146 4388 ex
1175 4330 1392 4390 Troia-
1477 4351 1541 4390 se
1569 4332 1674 4392 ait.
1722 4331 2040 4414 (populare
2072 4333 2153 4392 ad
2175 4335 2415 4393 caedem
2445 4333 2562 4395 ho-

287 4444 482 4489 nomm
523 4445 712 4489 senon
762 4428 1080 4484 votorum
1130 4434 1394 4493 numma3
1481 4417 1707 4478 minum
1730 4428 1989 4499 spectat3
2019 4440 2155 4478 nam
2170 4420 2448 4499 populari
2463 4421 2561 4483 di-
