2882 5028
637 346 819 419 AD
925 345 1576 422 LIBRUM
1677 346 1821 421 111
2205 347 2352 427 561

158 531 515 608 montorium,
573 532 740 593 Asini
783 505 1118 607 maxillam,
1175 534 1366 595 tradit
1409 536 1635 595 Οἰνιαᾱί
1660 546 2142 596 monumentum.-
2183 532 2357 600 Ἔστι

157 615 212 679 δὲ
236 617 330 680 καὶ
368 622 566 699 μνῆνα
606 615 916 696 Κινάδου,
972 616 1126 692 νεώς
1172 617 1283 698 τῆς
1316 616 1646 685 Μενελάου
1690 619 1796 685 καὶ
1833 613 2013 695 οὗτος
2053 616 2357 705 κυβερνή-
2484 641 2495 652 ·

155 726 246 782 της
271 694 362 784 ἦν.
440 703 709 765 variavit
750 714 812 763 et
853 706 917 765 in
946 703 1065 764 hoc
1100 706 1348 784 antiqua
1373 708 1552 769 sama.
2328 765 2331 770 .

296 788 417 854 Alia
449 790 566 848 fuit
593 789 797 849 fabula
839 791 914 850 de
939 789 1174 850 Aeneae
1201 792 1278 850 ad
1306 793 1643 852 Amadiam
1685 810 1923 852 accessu
1959 799 2025 851 et
2062 788 2356 850 Anchisae

157 873 298 932 iniis
342 875 480 934 locis
524 876 854 955 sepultura.
907 907 914 912 2
950 876 1156 937 Fuisse
1205 877 1431 938 scilicet
1475 878 1734 956 aliquem
1785 876 2055 957 suspicor
2093 886 2354 956 poetam,

157 957 238 1036 qui
269 958 407 1019 haec
428 962 512 1020 ita
541 970 888 1037 tractasset,
933 972 1041 1021 aut
1072 963 1308 1039 famam,
1353 983 1505 1043 quae
1533 965 1614 1023 ita
1652 961 1802 1022 haec
1832 964 2038 1037 ferret,
2082 970 2175 1037 ut,
2219 982 2357 1023 cum

156 1043 574 1122 Samothraciae,
618 1046 886 1125 adeoque
912 1057 974 1106 et
1002 1048 1424 1125 Troianorum,
1469 1050 1724 1129 origines
1761 1049 1956 1127 prisca
1985 1046 2180 1125 aliqua
2211 1068 2357 1108 nar-

156 1130 350 1190 ratione
381 1132 458 1191 ad
504 1131 769 1194 Arcades
811 1134 1184 1192 reserrentur
1230 1131 1313 1215 (v.
1345 1135 1589 1215 Dionys.
1618 1134 1663 1211 Ι,
1704 1138 1806 1209 61,
1851 1136 1953 1210 68,
2000 1135 2101 1208 69,
2140 1131 2243 1193 ubi
2282 1132 2358 1193 de

157 1215 432 1277 Penatibus
460 1219 603 1299 agit,
640 1218 805 1280 unde
830 1219 1010 1278 etiam
1039 1220 1391 1300 explicanda
1416 1221 1517 1279 illa
1533 1218 1837 1280 Arcadum
1859 1228 1921 1278 et
1954 1217 2357 1277 Troianorum

157 1300 423 1383 συγγένεια
456 1324 506 1364 c.
534 1306 622 1370 50
651 1314 1000 1381 memorata,
1031 1325 1210 1383 quam
1235 1325 1554 1374 renovasse
1589 1307 1877 1366 dicuntur
1906 1313 2040 1364 tum
2064 1301 2355 1386 Troiani),

155 1384 371 1446 Aeneam
406 1410 542 1449 cum
590 1388 847 1449 Anchise
889 1390 953 1449 in
996 1392 1266 1470 antiquas
1300 1393 1589 1451 Arcadiae
1633 1390 1798 1450 sedes
1827 1388 2171 1464 reduceret,
2218 1409 2356 1448 cum

154 1491 255 1531 sors
290 1486 431 1534 esset
456 1475 635 1549 data,
680 1488 747 1534 ue
791 1481 1109 1554 antiquam
1148 1490 1399 1536 matrem
1443 1476 1771 1558 exquiret-ei
1801 1473 1899 1558 (ut
1927 1476 2073 1535 Aen.
2104 1474 2177 1550 11,
2221 1472 2353 1556 96).

153 1556 289 1617 Cea-te
322 1579 394 1619 ex
419 1562 534 1621 alio
569 1561 892 1620 Pausaniae
918 1561 1053 1620 loco
1094 1562 1199 1621 lib.
1231 1564 1381 1640 VIII,
1428 1567 1526 1630 12.
1555 1565 1595 1622 f.
1642 1562 1950 1637 discimus,
1993 1560 2356 1618 Auchis-ium

154 1656 367 1702 montem
398 1644 469 1727 (ἦ
504 1642 776 1728 Ἀγχισία
801 1642 970 1729 ὅρος)
1003 1656 1067 1706 et
1093 1648 1400 1708 Anchisae
1434 1650 1769 1726 sepulcrum
1794 1647 1955 1707 inter
1989 1646 2356 1705 Mantineam

154 1734 198 1786 et
228 1729 656 1791 Orchomenum
690 1731 981 1792 Arcadiae
1009 1742 1412 1793 monstratum
1437 1734 1635 1794 fuisse.
1724 1734 1875 1792 Cum
1924 1734 2083 1790 enim
2116 1735 2180 1789 in
2218 1734 2355 1789 sinu

154 1814 401 1875 Boeacico
417 1863 434 1892 ,
496 1837 677 1896 quem
718 1818 897 1877 modo
939 1819 1178 1877 nomina
1189 1820 1380 1879 vimus
1397 1864 1414 1896 ,
1478 1818 1868 1877 escendissenc
1881 1861 1898 1890 ,
1956 1816 2250 1874 Anchises
2291 1818 2356 1873 in

153 1917 210 1956 ea
253 1901 375 1960 loca
418 1925 778 1984 quacunque
817 1904 891 1961 de
942 1926 1161 1963 caussa
1192 1906 1501 1984 proficius
1549 1905 1708 1963 diem
1751 1922 1929 1962 suum
1972 1901 2116 1961 obiit
2154 1900 2355 1979 ibique

152 1996 218 2041 m
238 1989 509 2064 sepultus.
557 2019 647 2035 —-
689 1989 990 2048 Adiacent
1014 1989 1319 2050 Anchisae
1345 1989 1615 2068 sepulcro
1643 1989 1853 2066 templi
1867 2033 1884 2063 ,
1952 1989 2115 2067 quod
2142 1986 2359 2045 Veneri

152 2067 377 2130 dicaaan
403 2074 572 2153 ficit,
633 2077 861 2134 asinae.
947 2076 1354 2135 Consentanea
1399 2075 1494 2136 his
1535 2082 1868 2134 occurrunt
1908 2073 2069 2151 apud
2110 2071 2353 2150 Dionys.

150 2150 302 2215 Hanc.
329 2158 374 2234 1,
416 2159 536 2236 493
577 2180 720 2218 nam
757 2169 819 2218 et
849 2160 931 2218 ibi
955 2181 1095 2239 pars
1125 2163 1485 2242 scriptorum
1506 2159 1778 2220 ‚Aeneam
1803 2160 1868 2217 in
1895 2158 2208 2217 Arcadiam
2239 2157 2354 2215 ad-

150 2237 352 2301 duxisse
404 2254 810 2320 memoratur,
875 2254 946 2305 ut
995 2247 1430 2305 Orchomenum
1491 2255 1552 2305 et
1601 2249 1842 2305 Nesum
1891 2241 2256 2303 inhabitaret
2284 2251 2355 2301 ‘et

151 2323 396 2407 &phyas
459 2329 624 2412 apud
675 2329 1040 2391 Mantineam
1100 2333 1420 2408 conderet,
1518 2354 1553 2391 a
1618 2333 1782 2411 Capy
1833 2329 2092 2389 Troiano
2166 2328 2355 2388 dictas

149 2408 262 2482 (boc
306 2423 366 2473 et
409 2417 631 2477 Strabo
674 2415 858 2476 habet
908 2417 1009 2477 lib.
1045 2418 1206 2492 xm,
1248 2439 1308 2498 p.
1349 2421 1477 2483 608
1503 2419 1584 2495 A,
1630 2427 1693 2478 at
1726 2413 2067 2495 Stephanus
2107 2414 2248 2493 Byz.
2288 2414 2356 2472 in

151 2491 371 2576 Καφύαι
407 2523 442 2561 a
479 2504 681 2584 Capy,
724 2502 1017 2563 Anchisae
1055 2503 1267 2587 patre),
1310 2504 1415 2564 sed
1459 2503 1557 2565 alii
1594 2524 1730 2563 eum
1756 2502 1837 2562 ibi
1881 2509 2209 2576 mortuum,
2254 2498 2357 2558 alii

147 2580 197 2639 in
229 2584 444 2647 Italiam
504 2590 840 2649 discessisse
893 2589 1305 2666 tradiderant,
1372 2591 1531 2650 inter
1583 2591 1715 2650 illos
1773 2587 2015 2667 quidem
2056 2583 2357 2645 Araethus

151 2663 236 2746 (iu
272 2673 421 2731 enim
465 2672 785 2755 legendum
846 2695 961 2754 pro
1002 2668 1301 2762 Ἀρίσθφ,
1366 2670 1632 2760 Ἀραίθῳ
1676 2669 1986 2756 γράψαντι
2027 2668 2102 2733 τοὶ
2139 2665 2356 2751 Ἀρκα-

149 2751 285 2833 oud,
325 2777 399 2817 ex
426 2760 628 2821 Schol.
662 2759 962 2840 Apollonii
988 2760 1129 2840 Arg.
1153 2761 1223 2838 11,
1269 2758 1413 2837 600,
1459 2762 1634 2819 etiam
1678 2758 1841 2839 apud
1867 2757 2083 2837 Hygin.
2112 2756 2354 2815 Astron.

149 2836 204 2913 Π,
242 2846 268 2904 1
298 2845 574 2905 Ariethus
625 2848 919 2924 Tegeates
961 2846 1341 2921 historiarum
1379 2850 1627 2924 scriptor
1653 2845 1760 2924 leg.
1806 2842 2125 2901 Araetlcus.
2173 2861 2232 2900 v.
2274 2840 2354 2900 ib.

146 2920 464 3013 Mencken),
501 2933 670 2992 inter
713 2929 825 2990 hos
868 2940 1070 2991 autem
1109 2932 1482 3010 Agathyllus
1522 2933 1717 2990 Arcas
1736 2975 1754 3004 ‚
1805 2928 1973 2988 ouius
2018 2927 2210 3005 elegos
2246 2945 2357 3004 ap-

148 3011 286 3085 ponit
335 3014 576 3097 Dionys.
622 3017 663 3076 l.
708 3038 778 3093 c.,
839 3017 904 3076 in
960 3016 1175 3095 quibus
1230 3016 1457 3075 Aeneas
1510 3016 1573 3075 in
1616 3016 1765 3075 urbe
1806 3014 1960 3073 Neso
2016 3013 2165 3072 duas
2205 3010 2356 3069 filias

149 3095 421 3160 collocasse
471 3103 667 3182 iisque
721 3102 947 3161 relictis
1004 3103 1068 3161 in
1121 3104 1148 3162 1
1154 3103 1353 3162 taliam
1407 3121 1787 3182 properasse,
1844 3101 1907 3160 in
1964 3118 2083 3176 qua
2119 3099 2356 3156 Romu-

147 3176 248 3325 ξιξ
291 3190 589 3264 genuerit,
646 3198 1033 3249 memoratur.
1119 3187 1541 3249 Emendandus
1593 3207 1669 3247 ex
1724 3187 1827 3248 illo
1887 3186 2022 3245 loco
2063 3184 2353 3263 Pompon.

241 3316 256 3331 .
297 3272 371 3331 ad
409 3273 506 3351 111,
551 3279 702 3339 276.

285 3356 475 3418 Insula
537 3359 888 3437 Zacynthus
937 3369 1030 3419 est
1087 3380 1164 3420 ex
1221 3361 1475 3420 adverso
1527 3360 1730 3437 Elidis.
1828 3358 2021 3418 Etiam
2078 3356 2158 3414 ad
2197 3354 2357 3414 hanc

152 3431 370 3501 Aeneam
411 3444 710 3525 appulisse
755 3455 965 3505 narrat
1009 3446 1250 3526 Dionys.
1289 3447 1334 3521 1,
1378 3450 1461 3512 50
1476 3470 1495 3525 3
1540 3456 1601 3505 et
1642 3454 1816 3504 erant
1854 3441 2169 3522 Zacynthii
2202 3462 2357 3518 quo-

152 3537 243 3595 ‘1¹¹⁸
276 3531 643 3608 cognationis
698 3531 831 3590 iure
870 3532 1066 3591 iuncti
1107 3532 1395 3592 Troianis.
1496 3532 1867 3591 Dardanum
1920 3531 2076 3587 enim
2091 3572 2109 3601 ,
2190 3529 2358 3586 Iovis

153 3616 196 3661 ‘l
224 3610 475 3674 Eleon-ae
518 3617 855 3676 Atlantidis
873 3617 1113 3692 filium,
1158 3619 1310 3676 duos
1348 3640 1422 3677 ex
1449 3619 1655 3676 Batea
1676 3615 1854 3688 filios
1881 3616 2203 3691 suscepisse
2228 3625 2358 3669 tra-

152 3689 273 3753 dum
289 3742 306 3773 ,
364 3702 744 3779 Zacynthum
793 3714 850 3759 et
903 3703 1362 3762 Erichthonium
1377 3726 1402 3776 ;
1433 3773 1438 3779 .
1474 3722 1725 3782 quorum
1775 3701 1928 3758 alter
1966 3719 2048 3777 ⁸ea:
2116 3698 2359 3755 Aeneae

151 3782 440 3844 maioribus
479 3799 645 3863 erat,
708 3787 1054 3869 Zacynthus
1089 3810 1225 3847 vem
1274 3790 1510 3847 insulae
1554 3787 1839 3846 conditor.
1930 3780 2146 3842 Omnia
2188 3780 2358 3857 haec,

153 3863 244 3921 ehi
281 3867 604 3931 fabularum
661 3872 1003 3951 ambagibus
1051 3873 1357 3950 involuta,
1421 3892 1492 3932 eo
1551 3879 1748 3930 tamen
1804 3870 2104 3950 pertinere
2142 3868 2358 3928 viden-

151 3951 449 4031 t¹¹¹·‚quod
491 3958 740 4017 Troiani
782 3968 845 4017 et
889 3958 1117 4016 insulae
1157 3957 1370 4034 huius,
1422 3967 1498 4017 ut
1541 3967 1873 4016 ceterorum
1914 3956 2216 4028 locorum,
2257 3953 2359 4013 in-
2423 3973 2428 3976 ·

154 4032 291 4093 volae
326 4038 614 4101 haberent
668 4044 926 4121 aliquam
984 4045 1313 4123 antiquitus
1367 4045 1813 4123 cognationem3
1888 4050 2063 4100 erant
2119 4038 2360 4110 scilicet,

152 4116 246 4175 ”5⁸5
284 4123 566 4204 fallimur,
626 4148 829 4188 omnes
872 4149 949 4188 ex
989 4130 1365 4210 Pelasgorum
1407 4130 1592 4208 stirpe
1641 4126 1899 4187 oriundi.
1986 4125 2106 4186 Sed
2151 4124 2226 4183 de
2266 4122 2361 4181 his

154 4200 296 4265 tlibi:
351 4230 413 4270 v.
477 4214 657 4272 Novi
714 4215 1105 4277 Conmzentan
1150 4218 1285 4275 Soc.
1333 4216 1414 4275 R.
1466 4215 1564 4274 Sc.
1632 4215 1899 4291 Gouc'ng.
1946 4212 2015 4271 T.
2065 4212 2110 4283 1,
2153 4231 2212 4287 p.
2257 4210 2359 4270 90.

155 4282 230 4345 00
265 4291 644 4357 Erichthonio
703 4299 966 4360 Dardani
1022 4309 1082 4359 et
1121 4301 1327 4361 Batiae
1384 4302 1427 4360 s.
1473 4300 1541 4359 ni
1596 4300 1787 4358 fratre
1843 4318 1903 4357 v.
1949 4293 2223 4376 Apollod.
2260 4290 2360 4365 111,

158 4370 239 4435 12-
290 4378 376 4441 2(
417 4383 864 4445 commorantur
908 4385 1011 4445 hio
1068 4386 1323 4467 aliquod
1383 4387 1662 4464 tempori-s
1732 4386 2003 4461 spatium
2086 4378 2355 4451 Troiani,

195 4470 208 4481 “
240 4474 535 4559 Vmcu..
589 4484 802 4562 Tou.
848 4486 944 4563 11.
1841 4483 1944 4553 36
