2882 5028
444 360 594 436 824

928 357 1011 430 P.
1066 354 1598 432 VIRGILII
1641 352 2215 429 MARONIS

446 545 653 643 Ipse,
709 553 941 641 caput
962 538 1487 618 tonsaefoliis
1530 539 1886 615 evinctus
1920 537 2197 630 olivae,

454 648 683 721 Stans
725 644 1007 745 procul
1045 646 1128 720 in
1176 670 1416 745 prora
1463 657 1818 745 pateram
1867 654 2124 737 tenet,
2172 651 2508 739 extaque
2545 636 2698 712 sal-

1611 770 1743 822 sos
2547 744 2699 820 775

450 850 782 928 Porricit
811 849 890 924 in
924 845 1212 926 fluctus
1236 909 1255 937 ,
1309 875 1398 926 ac
1425 850 1609 924 vina
1633 849 2019 950 liquentia
2049 844 2336 924 fundit.

448 953 966 1054 Prosequitur
992 976 1321 1051 surgens
1339 979 1396 1043 ‚a
1430 955 1683 1054 puppi
1711 964 1998 1028 ventus
2027 951 2303 1026 euntis,

453 1058 832 1135 Certatim
864 1056 1053 1132 socii
1096 1054 1395 1133 feriunt
1432 1081 1654 1132 mare
1676 1117 1697 1153 ‚
1753 1068 1834 1131 et
1862 1079 2206 1155 aequora
2238 1020 2658 1132 verruvsso

553 1165 656 1237 At
687 1164 961 1239 Venus
997 1160 1300 1238 interea
1327 1166 1793 1263 Neptunum
1827 1159 2158 1235 exercita
2185 1156 2390 1232 curis

589 1352 694 1409 774
728 1364 915 1404 tonsa!
939 1351 1121 1403 Franc.

1258 1351 1361 1407 775
1403 1353 1588 1404 Trans
1610 1350 1815 1423 procul
1836 1348 2174 1418 Langobard.
2219 1344 2398 1399 Pierii.
2471 1348 2536 1399 in
2570 1365 2704 1419 pro-

455 1440 573 1473 ram
619 1421 709 1472 alii
751 1439 837 1490 ap.
881 1421 1131 1485 eundem,
1193 1432 1246 1473 et
1279 1425 1460 1488 Sprot.
1503 1439 1536 1473 a
1574 1440 1643 1473 m.
1684 1439 1764 1491 pr.
1836 1420 2070 1472 Tandem
2110 1416 2347 1470 codicum
2399 1435 2529 1485 pars
2574 1415 2708 1486 apud

452 1490 589 1559 Pier.
617 1489 797 1542 Heius.
835 1492 1005 1541 Burm.
1044 1508 1157 1542 cum
1190 1508 1271 1571 pr.
1314 1490 1477 1542 Goth.
1514 1490 1685 1542 Stans
1739 1490 1889 1543 celsa
1930 1491 1989 1540 in
2033 1489 2223 1559 puppi.
2294 1488 2412 1538 Hoc
2451 1486 2708 1539 defendas

457 1579 522 1613 ex
551 1558 816 1631 Apollonii
841 1559 996 1625 loco,
1028 1559 1080 1611 in
1102 1569 1241 1611 nous
1266 1558 1511 1624 laudato,
1559 1559 1648 1610 ubi
1688 1555 1832 1612 κατὰ
1875 1553 2132 1627 πρύμνης
2169 1555 2382 1609 victima
2420 1567 2709 1614 metatura

457 1638 512 1680 et
542 1628 597 1681 in
628 1629 797 1712 puppi
826 1628 952 1680 alias
979 1628 1145 1681 tutela
1176 1639 1314 1693 ιιι-αις
1350 1639 1406 1681 et
1434 1628 1679 1680 similiter
1715 1647 1918 1680 sacrum
1959 1627 2061 1678 diis
2094 1626 2304 1678 marinis
2347 1625 2412 1676 fit
2463 1644 2586 1694 sup.
2627 1628 2710 1691 m,

456 1698 575 1762 527,
621 1700 709 1750 ubi
761 1698 1016 1750 Anchises
1054 1697 1269 1750 libando
1295 1727 1368 1737 —
1394 1698 1657 1768 divosque
1697 1700 1915 1750 vocavit
1964 1701 2136 1749 Stans
2188 1696 2338 1747 celsa
2395 1697 2459 1746 in
2518 1698 2707 1768 puppi.

478 1767 597 1820 add.
625 1769 816 1835 Hymn.
843 1767 896 1819 in
918 1768 1092 1820 Diosc.
1119 1768 1353 1835 (XXXI)
1399 1767 1502 1835 10.)
1572 1767 1677 1819 Sed
1715 1769 2028 1819 Burmannus
2060 1783 2124 1816 ex
2154 1766 2260 1817 isto
2307 1763 2541 1833 aliisque
2584 1765 2708 1817 loci·

455 1771 606 1907 iiten.
640 1839 777 1903 vm,
804 1839 925 1894 680.
960 1839 1036 1902 X,
1057 1838 1345 1906 261.qu
1370 1846 1551 1888 tamen
1572 1836 1745 1888 aliena
1772 1855 1804 1887 a
1845 1854 1904 1887 re
1943 1833 2082 1902 sunt)
2123 1833 2404 1903 repetitum
2443 1835 2504 1885 id
2545 1834 2710 1905 ipsun

458 1925 574 1960 esse
619 1917 825 1969 censet3
888 1908 1169 1958 secundum
1223 1906 1560 1958 Heinsianam
1603 1905 2022 1957 observationem
2079 1903 2146 1955 de
2184 1902 2362 1955 studio
2413 1904 2709 1973 virgiliano

455 1976 584 2028 talia
613 1976 846 2029 variandi
865 1994 877 2028 :

950 1994 1066 2028 uam
1093 1976 1194 2028 vid.
1219 1975 1287 2027 ad
1313 1975 1423 2028 Ecl.
1449 1977 1518 2041 V,
1556 1975 1643 2030 37.
1682 1985 1737 2026 et
1777 1975 1847 2026 ud
1880 1977 1950 2040 V,
1985 1975 2106 2027 486.
2166 1985 2404 2044 pateras
2448 1974 2540 2027 ed.
2585 1976 2711 2027 Ven-

456 2048 561 2101 776
602 2048 829 2099 Proiicic
855 2064 915 2097 ve
974 2046 1182 2099 Proicit
1211 2046 1323 2097 sere
1355 2044 1541 2107 codd.;
1587 2043 1828 2095 defendit
1867 2043 1971 2096 hoc
2016 2053 2069 2093 et
2106 2041 2160 2093 h.
2199 2042 2235 2094 l.
2270 2043 2612 2096 Benedictus.
2648 2044 2709 2096 d.

458 2114 527 2167 ud
556 2134 604 2166 v.
636 2117 758 2169 238.
829 2116 1088 2183 (Pon-icit
1114 2114 1468 2178 Palen-Wr.)

1539 2117 1648 2166 Iam
1676 2115 1810 2166 vina
1833 2112 1998 2166 Wall.
2068 2111 2342 2180 liquentia
2375 2114 2576 2165 Ilamb.
2615 2131 2710 2164 sec.

457 2185 562 2239 777
597 2185 743 2235 Hunc
772 2201 978 2235 versum
1005 2184 1247 2253 sequenti
1273 2184 1555 2236 subiiciunt
1579 2182 1792 2236 Mentel.
1832 2202 1911 2252 pr.
1950 2190 2005 2233 et
2036 2181 2170 2233 Gud.
2240 2182 2452 2245 (euntis-
2497 2182 2555 2233 in
2597 2184 2710 2234 Μο-

459 2252 611 2304 diceo
638 2262 869 2304 mutatur
906 2252 961 2304 in
1000 2266 1208 2308 euntes.
1263 2255 1408 2319 list.)

1562 2254 1665 2308 778
1701 2271 1940 2322 aequore
1979 2253 2104 2302 Exc.
2139 2252 2418 2301 Burmann.

2491 2264 2711 2303 vertum

459 2321 706 2375 Rottend.
736 2340 841 2375 sec.
873 2322 1039 2374 Goth.
1063 2340 1199 2388 sec„
1234 2334 1292 2376 ut
1316 2322 1447 2376 alibi
1473 2339 1702 2392 quoque.
1738 2322 1864 2385 (vid.
1888 2322 1954 2375 V.
1982 2322 2041 2374 L.
2069 2320 2140 2372 ad
2165 2321 2256 2385 111,
2285 2322 2413 2376 668.
2461 2323 2612 2388 Wr.)

460 2495 741 2556 Serviane
770 2496 926 2557 ratio
958 2497 1135 2557 nimis
1170 2498 1381 2574 docta,
1426 2500 1541 2558 Iu-

460 2582 553 2642 bet
591 2584 833 2642 caedere
876 2605 950 2642 ex
1004 2587 1206 2643 ordine
1222 2631 1241 2661 ,
1302 2587 1372 2643 id
1427 2598 1535 2659 est,

461 2671 568 2727 rite
581 2672 811 2748 peragi
843 2669 1230 2745 sacrficium.

547 2842 927 2904 774—778.
983 2842 1277 2901 Sollennis
1313 2840 1545 2901 sacrifi-

465 2923 641 2982 candi
671 2943 798 2983 mos
834 2945 946 3005 pro
991 2928 1248 2986 secunda
1293 2928 1545 3005 naviga-

463 3010 666 3086 tione3
736 3010 868 3069 loca
941 3012 1299 3074 illustrantia
1373 3013 1547 3073 affert

464 3096 674 3162 Cerda.
774 3096 1040 3157 Praeivit
1074 3165 1075 3168 Ἰ
1113 3098 1388 3178 Apollon.
1444 3099 1544 3170 IV,

469 3183 633 3244 1595
681 3200 809 3258 sqq.
893 3195 1099 3240 tonsae
1165 3185 1396 3258 olivae,
1472 3194 1544 3244 ut

465 3278 638 3323 tonsa
692 3287 911 3325 corona
977 3289 1107 3348 sup.
1168 3268 1315 3346 556,
1366 3278 1547 3337 ornat

432 3349 808 3430 'epitheton3
864 3373 1035 3428 nam,
1106 3354 1252 3413 dum
1320 3375 1544 3415 corona

465 3434 556 3511 fit,
610 3437 770 3495 oleae
799 3437 1042 3497 frondes
1070 3438 1336 3519 decerpi,
1380 3461 1546 3504 eam-

468 3540 584 3599 que
623 3521 864 3581 tonderi
910 3543 1143 3583 necesse
1193 3534 1300 3585 est.
1401 3529 1547 3584 Ser-

468 3608 601 3665 vius
629 3616 690 3665 et
716 3606 818 3665 hic
840 3609 1019 3667 nimia
1054 3630 1192 3670 cum
1219 3611 1548 3671 subtilitate

468 3703 747 3767 comtum,
796 3697 1042 3754 minutis
1066 3695 1393 3775 frondibus
1399 3742 1418 3771 ,
1452 3698 1552 3764 ine

469 3787 852 3858 terpretatur.
961 3781 1282 3842 Salmasius
1343 3782 1551 3843 diver-

471 3885 567 3924 sos
605 3863 771 3925 vocis
812 3885 956 3924 usus
989 3867 1228 3943 miscet,
1272 3877 1346 3928 ut
1384 3869 1556 3927 solet.

472 3952 594 4010 Cur
618 3957 821 4026 tamen
846 3953 1225 4029 oleagineam
1265 3974 1549 4014 coronam

471 4044 651 4116 poeta
686 4058 850 4097 nunc
885 4048 1211 4113 memoret,
1270 4060 1393 4100 non
1437 4060 1550 4099 ex—

472 4132 621 4203 puto
688 4123 863 4184 aliam
940 4124 1236 4184 rationem
1267 4173 1285 4201 ,
1371 4146 1550 4204 quam

473 4203 670 4285 qnod,
712 4218 787 4270 ut
829 4217 1038 4289 poeta,
1089 4209 1398 4291 epitheton
1436 4231 1558 4290 pro⁴

473 4293 669 4354 lubitu
705 4295 1059 4376 apponebat.
1166 4294 1275 4378 (De
1315 4306 1344 4356 t
1360 4317 1397 4356 o
1413 4318 1458 4357 n
1474 4318 1502 4355 s
1518 4317 1555 4356 a

474 4389 536 4438 et
562 4401 597 4439 o
613 4380 637 4439 l
653 4383 863 4462 eagin
881 4401 962 4442 ea
1000 4403 1217 4444 corona
1246 4380 1370 4444 vid.
1415 4382 1552 4442 Not.

1625 2496 1705 2557 ad
1748 2498 1852 2558 Ge.
1894 2497 1991 2574 111,
2050 2501 2152 2563 21.
2227 2493 2410 2578 Wr.)
2533 2494 2710 2571 Quod

1626 2593 1748 2644 stat
1775 2585 1837 2642 in
1870 2605 2049 2663 prora
2081 2582 2261 2663 (forte
2284 2583 2427 2662 quia
2455 2584 2570 2643 sub
2590 2584 2708 2644 diz-

1628 2690 1856 2729 eessum
1898 2689 1931 2729 e
1986 2680 2200 2749 portu,
2270 2689 2416 2728 eum
2467 2670 2616 2732 alias
2654 2671 2710 2729 in

1629 2758 1817 2835 puppi
1847 2776 2014 2814 sacra
2042 2755 2216 2836 fiant)
2252 2765 2316 2813 et
2362 2763 2576 2816 totum
2620 2777 2710 2814 sa·-

1629 2841 1719 2900 cri
1765 2842 1955 2900 ritum
1999 2860 2077 2899 ex
2118 2840 2179 2899 h.
2218 2840 2259 2900 l.
2323 2842 2590 2903 tenebis:
2631 2851 2710 2900 est

1629 2927 1786 2986 enim
1827 2927 2102 2985 classicus
2141 2926 2206 2985 in
2243 2924 2363 2984 hoc
2404 2947 2709 2989 sacrorum

1629 3032 1815 3072 more.
1901 3014 2199 3086 Pon-icit,
2269 3011 2542 3074 vidimus
2602 3015 2709 3074 iam

1628 3119 1761 3177 sup.
1810 3120 1870 3158 v.
1913 3102 2060 3172 238,
2104 3118 2137 3155 e
2189 3097 2477 3158 Cloanthi
2538 3102 2711 3160 votis:

1628 3187 1909 3264 Extaque
1930 3186 2122 3242 salsos
2140 3187 2480 3260 porriciam
2503 3190 2568 3245 in
2577 3189 2710 3264 flu·-

1629 3282 1758 3328 ctus
1793 3313 1809 3342 ‚
1884 3269 2094 3328 vocab.
2138 3288 2378 3329 sacrum
2440 3292 2514 3332 ac
2571 3293 2708 3353 pro·

1627 3374 1846 3433 prium.

1718 3528 1843 3588 779
1887 3544 2014 3602 sqq.
2086 3524 2271 3598 Quod
2317 3525 2380 3585 in
2411 3525 2709 3588 ‘historica

1635 3608 1980 3669 narratione
2015 3608 2360 3689 simpliciter
2402 3615 2709 3674 extuleris:

1636 3695 1897 3755 secundo
1938 3704 2120 3756 vento
2164 3697 2383 3756 Cumas
2432 3699 2707 3760 deserun-

1636 3792 1741 3842 tur
1768 3780 2035 3841 Troiani:
2076 3781 2143 3841 id
2172 3803 2335 3843 nunc
2365 3785 2708 3864 poetria&

1636 3867 1715 3926 ad
1739 3867 1779 3926 s.
1824 3867 1960 3926 libri
2004 3876 2180 3926 ornat
2224 3868 2484 3930 deorum
2527 3873 2706 3932 inter-

1635 3952 1915 4021 ventibus
1989 3973 2060 4011 ae
2125 3955 2418 4033 consiliis5
2506 3959 2705 4036 quibu·

1633 4049 1871 4117 tempus
1923 4037 2042 4098 hoc
2086 4049 2256 4099 tanto
2306 4041 2494 4119 magis
2556 4063 2704 4103 nune

1633 4124 1968 4203 indigebat,
1998 4145 2118 4202 quo
2138 4126 2337 4187 minus
2366 4129 2510 4187 alias
2535 4129 2704 4190 intel-

1633 4209 1736 4290 ligi
1776 4211 2095 4289 potuisset,
2139 4232 2248 4272 cur
2292 4214 2447 4275 Iuno
2491 4215 2702 4275 nullam

1636 4317 1861 4358 novam
1886 4317 2049 4367 nunc
2083 4318 2315 4358 moram
2356 4301 2607 4361 accessui
2641 4299 2697 4358 in

1636 4382 1867 4446 ltaliam
1893 4383 2179 4445 iniecerit.
