2882 5028
470 376 628 450 726

952 369 1035 443 P.
1088 364 1622 442 VIRGILII
1686 364 2234 440 MARONIS

476 553 832 647 Pollut0,
886 565 1375 650 notumque,
1427 550 1705 627 furens
1742 546 1933 651 quid
1966 548 2264 625 femina
2299 549 2549 648 possit,

481 659 739 735 Triste
773 679 920 756 per
946 656 1360 754 augurium
1392 659 1896 731 Teucrorum
1927 666 2251 754 pectora
2287 651 2583 729 ducunt.

479 766 585 840 Ut
608 759 932 861 pelagus
961 773 1296 835 tenuere
1330 772 1539 834 rates
1565 819 1585 853 ,
1638 782 1790 832 nec
1819 758 1972 833 iam
2017 754 2358 855 amplius
2385 755 2530 831 ulla

483 865 849 942 Occurrit
887 863 1145 957 tellus,
1187 863 1430 938 maria
1459 862 1846 962 undique,
1886 874 1964 937 et
1992 859 2354 961 undique
2379 859 2681 951 coelumg

447 976 456 993 “
485 967 644 1045 Olli
684 966 1092 1043 caeruleus
1130 991 1364 1066 supra
1395 979 1629 1067 caput
1656 965 1948 1040 adstitit
1972 962 2260 1055 imber,
2608 968 2681 1038 10

478 1073 823 1151 Noctem
852 1070 1372 1171 hiememque
1405 1068 1721 1163 serens»,
1777 1081 1857 1143 et
1908 1067 2310 1143 inhorruit
2351 1066 2554 1143 unda
2591 1078 2684 1140 te-

1642 1171 1931 1249 nebris,

482 1277 664 1376 Ipse
694 1274 1182 1374 gubernator
1208 1276 1455 1379 puppi
1488 1274 1907 1351 Palinurus
1936 1274 2032 1349 ab
2067 1272 2255 1351 alta:

483 1380 694 1455 Heu!
751 1381 1119 1481 quianam
1153 1381 1341 1454 tanti
1371 1380 1782 1455 cinxerunt
1811 1378 2130 1454 aethera
2159 1373 2470 1453 nimbi?

488 1482 822 1580 Quidve,
857 1495 1084 1584 pater
1106 1489 1501 1585 Neptune,
1547 1492 1824 1585 paras?
1931 1484 2059 1556 Sic
2091 1476 2395 1556 deinde
2423 1479 2687 1553 locutus

625 1689 660 1743 6
689 1703 879 1760 posset
911 1690 1105 1743 Moret.
1135 1709 1240 1742 sec.
1282 1701 1338 1742 et
1376 1691 1539 1743 Goth.
1578 1696 1702 1740 tert.
1760 1689 1839 1755 (et
1862 1686 2056 1739 Medic.
2091 1687 2244 1755 Wr.)

2441 1690 2571 1740 -11
2603 1702 2688 1752 mp-

485 1759 576 1821 m,
613 1759 914 1814 192—195
967 1759 1072 1811 iam
1118 1760 1244 1812 lecti
1272 1778 1472 1819 versus.
1541 1761 1648 1809 iam
1675 1759 1826 1809 deest
1862 1776 1943 1827 pr.
1972 1759 2163 1808 Moret.
2266 1781 2269 1783 >
2309 1761 2346 1814 9
2382 1690 2608 1879 §span-e
2628 1769 2688 1803 un.

487 1827 810 1897 Guelpherb.
838 1828 891 1879 in
918 1831 1036 1881 Exc.
1065 1831 1209 1883 Cort-
1246 1832 1325 1898 (εἰ
1355 1835 1402 1883 1.
1437 1828 1580 1891 Wr.)
1647 1827 1834 1879 Lectio
1863 1829 2039 1879 maria
2068 1845 2120 1877 u.
2145 1838 2203 1877 et
2237 1845 2292 1879 u.
2327 1847 2420 1881 coe

2445 1846 2527 1879 um
2562 1835 2691 1877 estex

485 1897 625 1951 Pier.
653 1906 707 1948 et
739 1898 917 1950 Heius.
942 1898 1090 1950 libris
1119 1897 1414 1969 potioribus
1443 1898 1509 1953 ab
1542 1896 1760 1949 Heinsio
1804 1895 2058 1964 reposita.
2126 1895 2383 1964 vulgaris
2408 1896 2558 1948 lectio
2582 1900 2691 1944 erat:

490 1967 700 2019 coelum
732 1986 784 2019 u.
813 1980 868 2018 et
898 1986 951 2019 u.
985 1970 1223 2030 PontuS,
1258 1969 1499 2020 traductn
1529 1969 1667 2018 forte
1701 1984 1762 2017 ex
1793 1966 1889 2017 lib.
1931 1967 2023 2030 111,
2060 1966 2177 2028 193,
2216 1966 2361 2017 unde
2397 1977 2450 2018 et
2492 1959 2691 2028 Quinctil.

487 2037 592 2087 XI!
662 2053 860 2087 rocem.

487 2105 604 2156 nul
649 2105 745 2169 i‚“
785 2105 860 2156 eit

488 2173 584 2227 tel.
621 2191 703 2244 pr.

926 2036 1104 2089 etiisse
1132 2037 1353 2089 videtur.
1426 2051 1481 2088 ec
1510 2036 1662 2088 abest
1684 2054 1717 2087 a
1745 2035 1950 2087 Zulich.

932 2124 1063 2160 urm.
1102 2107 1248 2174 Wr.)
1321 2108 1533 2158 exste'tit
1567 2108 1702 2158 Ven.
1737 2115 1795 2156 et
1827 2104 2088 2156 Montalb.

847 2177 913 2231 13
948 2179 1073 2233 Heu
1110 2195 1217 2247 quo
1258 2194 1388 2228 nam
1426 2175 1631 2244 aliquot
1667 2174 1804 2227 Pier.
1877 2179 1999 2226 Heu
2036 2173 2303 2243 quidnam
2333 2175 2531 2245 quidam
2565 2189 2616 2223 ex
2647 2168 2696 2220 iis

2093 2037 2159 2088 10
2194 2037 2301 2087 Illi
2326 2035 2487 2089 multi.
2520 2038 2693 2101 (‚‚non-

2239 2107 2306 2159 11
2345 2107 2554 2158 horruit
2575 2103 2695 2152 Men-

491 2242 655 2306 ulius,
692 2253 746 2296 et
772 2253 882 2295 tres
910 2245 1050 2314 apud
1081 2246 1251 2297 Burm-
1322 2248 1428 2297 Iov·
1460 2247 1724 2299 Fontanus
1763 2243 1997 2295 male-bat
2025 2244 2280 2313 quinam5
2320 2263 2418 2297 nec
2446 2245 2545 2295 hoe
2580 2239 2695 2291 male.

490 2312 578 2365 Sic
606 2313 713 2363 Erf.
752 2314 830 2379 (et
859 2314 960 2365 Ms.
1007 2315 1150 2366 Bosii
1195 2314 1385 2383 aliique
1406 2352 1420 2376 ,
1453 2323 1513 2364 ut
1555 2314 1790 2378 videtur,
1824 2313 1980 2364 codd.
2013 2312 2152 2381 apud
2200 2313 2350 2366 Cort.
2378 2315 2443 2366 ad
2483 2314 2647 2363 Lucan.
2666 2309 2696 2369 1,

491 2384 613 2436 660.
659 2384 800 2447 Wr.)
871 2383 977 2433 Sed
1017 2386 1275 2455 quianam
1313 2383 1550 2435 codicum
1606 2392 1661 2434 et
1706 2381 2187 2435 Grammaticorum*
2212 2383 2524 2435 auctoritate
2566 2381 2697 2431 firmat

490 2450 707 2503 Pierius.
775 2451 1054 2522 Antiquam
1092 2452 1399 2505 vocabulum
1436 2463 1664 2504 sectatus
1701 2462 1784 2504 est
1809 2461 2000 2521 poeta3
2065 2452 2134 2503 cf.
2163 2453 2356 2506 Cet-da.
2393 2470 2489 2523 pro
2517 2465 2696 2503 cumam·

491 2540 737 2592 aequora
762 2521 931 2576 nimbi
953 2523 1091 2576 alter
1115 2524 1301 2577 Hamb.

487 2679 757 2758 polluere
780 2677 993 2740 debuit
1022 2701 1334 2758 amorem,.
1357 2688 1577 2758 quate-

494 2784 609 2830 nus
634 2784 703 2824 eo
732 2765 993 2827 adducta
1020 2776 1178 2840 erat,
1222 2776 1294 2826 ut
1319 2775 1575 2826 mortem

498 2850 611 2909 sibi
652 2851 919 2912 inferret.
1005 2853 1157 2912 Nam
1184 2853 1456 2930 polluere
1482 2852 1579 2910 lo-

496 2957 636 2996 cum
679 2935 865 2998 habet
909 2938 972 2997 in
1011 2937 1221 3014 caede,
1276 2937 1577 3016 sanguine,

497 3022 753 3102 piaculo.
809 3025 992 3082 Recte
1018 3024 1289 3102 quidem:
1332 3023 1437 3082 sed
1461 3023 1580 3083 mi-

501 3129 614 3167 nus
684 3107 803 3170 hoc
854 3109 1373 3170 accommodatum
1417 3108 1481 3167 11.
1536 3107 1579 3167 l.

500 3194 824 3254 adiunctis:
932 3195 1079 3273 quid
1150 3198 1287 3254 dun·
1352 3193 1580 3252 dolores

399 3281 402 3282 ⁷
498 3300 727 3358 magno
786 3301 988 3339 amore
1048 3282 1286 3358 polluto
1349 3279 1584 3339 efficere

499 3367 746 3445 possint.
848 3367 1001 3444 Ergo
1070 3368 1154 3425 sic
1227 3365 1581 3425 dicendum:

502 3471 671 3509 amor
692 3451 915 3510 violata
940 3450 1059 3509 fide
1076 3451 1151 3510 ab
1165 3451 1355 3511 altero
1373 3470 1584 3510 eman-

501 3546 564 3595 te
590 3537 793 3612 pollui
827 3539 1069 3617 proprie
1097 3537 1320 3598 dicitur
1350 3557 1428 3595 ex
1470 3535 1584 3594 ad-

503 3621 751 3696 ulterio,
797 3623 1117 3682 concubitu
1160 3624 1381 3683 vetito:
1437 3643 1497 3682 v.
1535 3642 1587 3682 c.

503 3707 718 3766 Horat.
750 3707 849 3782 1v,
887 3709 947 3784 5,
977 3713 1093 3785 213
1133 3719 1205 3769 ut
1236 3709 1413 3768 etiam
1435 3707 1589 3767 fides

504 3795 921 3869 corrumpitur.
1011 3796 1193 3854 Poeta
1228 3795 1386 3854 idem
1424 3814 1591 3853 nunc

506 3877 664 3936 dixit
678 3899 791 3957 pro
816 3878 936 3938 fide
964 3881 1181 3940 amoris
1199 3879 1350 3940 laesa
1385 3879 1587 3940 omni-

505 3983 587 4023 no
624 3971 686 4021 et
717 3964 941 4023 violata
964 3966 1038 4025 ab
1066 3967 1281 4025 Aenea.
1367 3965 1590 4024 lta-iu-

506 4072 579 4109 ra
601 4094 618 4124 ,
671 4049 933 4128 foedera
957 4097 975 4126 ,
1060 4052 1248 4132 pollui
1300 4050 1588 4110 dicuntur

508 4155 662 4214 quae
697 4135 1032 4212 violentum
1076 4137 1215 4216 quia
1251 4135 1460 4196 eadem
1490 4157 1591 4195 se·-

509 4242 612 4280 cre
655 4242 726 4280 ac
770 4232 1005 4300 sancta,
1074 4232 1267 4298 casta,
1326 4232 1487 4283 sunt.
1506 4256 1592 4269 -

510 4305 972 4389 (notumque,
1057 4308 1441 4389 participium
1494 4308 1595 4369 vel

510 4392 871 4455 adiocuvum
904 4396 1180 4460 neutrius
1219 4395 1447 4475 generis
1484 4414 1594 4475 pro

1659 2677 1941 2744 Subiecta
1970 2678 2257 2759 positum,
2303 2691 2378 2742 ut
2408 2701 2498 2760 ap.
2524 2680 2696 2737 Lucan.

1661 2765 1717 2841 Ι,
1761 2765 1925 2826 inin:
1999 2765 2202 2840 „Bella
2234 2804 2315 2813 --
2346 2767 2612 2847 populum
2635 2789 2699 2806 -

1662 2851 1816 2910 scies
1867 2882 1954 2896 --
2008 2861 2415 2913 certatum
2458 2889 2529 2900 --
2571 2850 2697 2924 sign&

1663 2936 1989 2998 canimus.“
2072 2938 2266 2997 Tacit.
2308 2940 2457 2998 Hist.
2499 2937 2560 3009 11,
2597 2935 2699 2997 82:

1662 3021 1991 3099 „Sufficere
2011 3023 2305 3084 adversus
2325 3023 2603 3084 Vitellium
2628 3019 2699 3075 vi·

1665 3107 1923 3169 debatur
1940 3108 2285 3188 Vespasiani
2313 3129 2521 3171 nomen
2551 3115 2601 3164 et
2626 3100 2698 3160 ni-

1662 3194 1752 3253 hil
1796 3192 2116 3255 arduum
2160 3196 2362 3255 setis.“
2420 3195 2533 3254 vid.
2568 3186 2700 3251 Peri-

1665 3300 1801 3340 zon.
1830 3279 1908 3338 sd
1939 3282 2140 3341 sanct.
2166 3282 2422 3341 Minerv.
2445 3281 2508 3339 T.
2539 3278 2573 3339 1.
2600 3289 2700 3355 9⁸8·

1668 3367 1811 3430 657.
1847 3366 1941 3425 ed.
1985 3368 2201 3426 Bauer.
2239 3373 2307 3428 et
2334 3365 2596 3427 Ruddim.
2621 3360 2701 3417 ln-

1669 3451 1866 3511 stitut.
1897 3452 2001 3512 Gr.
2029 3456 2097 3513 T.
2128 3454 2171 3512 1.
2205 3475 2264 3534 p.
2293 3458 2436 3518 273.
2464 3450 2549 3508 ed.
2574 3445 2697 3522 Lipa

1675 3536 1849 3618 Wr.)
1937 3559 1997 3598 v.
2043 3545 2082 3602 7
2109 3539 2374 3599 animum
2401 3539 2702 3607 ducumper

1668 3626 1827 3681 triste
1897 3629 2226 3702 augurium
2243 3671 2260 3700 ‚
2345 3645 2421 3685 ex
2474 3616 2698 3702 pluribus

1669 3708 1902 3769 indiciis
1980 3711 2345 3790 praesagium
2427 3699 2696 3769 eliciendoi

1672 3794 1870 3853 omnia
1901 3797 2101 3856 animo
2118 3795 2493 3876 pererrando.
2531 3791 2696 3868 perv!

1670 3880 1770 3953 VI,
1816 3881 1944 3947 743
1982 3905 2101 3960 per
2136 3885 2411 3961 amplum
2437 3877 2697 3938 Mittin-w

1672 3967 1971 4044 Elysium.

1761 4055 1801 4116 8
1818 4089 1895 4098 —
1920 4057 2016 4117 11.
2046 4052 2230 4112 Iidem
2263 4069 2459 4113 versus
2481 4065 2593 4122 sup.
2619 4035 2692 4106 ΠΙ»

1680 4141 1896 4202 192—
1927 4140 2066 4214 195,
2111 4139 2217 4199 ubi
2244 4138 2395 4199 vide.
2423 4134 2491 4194 cf.
2519 4127 2690 4204 Odyss

1678 4248 1738 4303 μ»,
1784 4223 1929 4290 403.
1989 4227 2043 4301 ξ,
2080 4230 2206 4290 803
2252 4245 2337 4302 sq.
2417 4227 2689 4296 mptum·

1671 4322 1788 4386 put
1810 4353 1826 4384 ,
1896 4310 2184 4390 desuper,
2226 4308 2582 4384 κατακρῆθεν
2615 4285 2690 4351 „J

1677 4391 1968 4475 ὑψόθεν,
2016 4406 2086 4462 ut
2125 4399 2282 4478 apud
2329 4395 2480 4454 Aret.
2511 4382 2687 4444 Pht&-
