2882 5028
360 398 510 470 616

854 390 935 464 P.
1002 387 1514 463 VIRGILII
1576 386 2130 465 MARONIS

362 583 618 656 Aurea
652 595 1136 677 purpuream
1161 575 1558 651 subnectit
1593 571 1842 649 fibula
1868 587 2196 652 vestem.

360 688 527 760 Nec
559 703 725 755 non
758 691 839 754 et
867 677 1179 777 Phrygii
1224 678 1592 772 comiteS‚
1640 690 1723 752 et
1749 676 1997 753 laetus
2033 678 2274 774 Iulu3‚

2458 686 2612 759 140

362 782 776 861 Incedunt.
880 784 1061 882 lpse
1095 794 1275 857 ante
1304 780 1498 856 alios
1529 779 2060 881 pulcerrimus
2102 780 2365 856 omnis

364 883 619 967 Infert
660 910 744 961 se
788 887 1095 960 socium
1135 889 1479 978 Aeneam,
1533 897 1770 985 atque
1809 886 2119 981 agmina
2154 885 2441 982 iungit:

369 990 640 1085 Qualis
662 989 803 1065 ubi
835 988 1255 1063 hibernam
1283 989 1600 1086 Lyciam
1626 988 2076 1088 Xanthique
2108 986 2408 1063 fluenta

365 1094 711 1187 Deserit,
767 1116 855 1168 ac
891 1089 1184 1168 Delum
1226 1104 1668 1167 maternam
1697 1091 1958 1166 invisit
1984 1090 2303 1192 Apollo,
2348 1149 2353 1152 Α

368 1202 915 1298 Instauratque
952 1193 1281 1292 choma,
1333 1195 1714 1295 mixtique
1744 1193 2007 1271 altaria
2044 1196 2344 1270 circum
2468 1201 2628 1276 145

481 1340 647 1414 145.
698 1337 1019 1429 QnAns,

512 1528 616 1581 140
655 1526 810 1594 Tyrii
837 1542 886 1576 c.
923 1524 1072 1577 Rom.
1120 1532 1177 1574 et
1218 1522 1456 1575 nonnulli
1489 1522 1682 1589 Pierii3
1740 1525 1881 1576 forte
1928 1539 1994 1575 ex
2027 1541 2077 1576 v.
2114 1523 2232 1578 162.
2300 1534 2356 1575 et
2380 1522 2639 1595 pulcher

375 1595 539 1647 Iulus
568 1599 746 1664 sprot.
783 1602 839 1645 et
871 1609 970 1663 pro
1002 1603 1111 1644 var.
1144 1592 1268 1646 lect.
1301 1612 1383 1663 pr.
1417 1594 1627 1658 Hemb„
1658 1593 1755 1644 ned
1790 1595 1974 1647 laetae
1994 1591 2438 1646 accommodatius
2476 1592 2537 1643 h.
2577 1591 2639 1658 1.,

378 1676 436 1717 ut
483 1665 619 1716 bene
669 1666 841 1714 Burm.
890 1662 1153 1714 obaervet.
1234 1664 1338 1729 (—-
1376 1664 1493 1718 142.
1544 1664 1739 1746 iunget
1771 1662 1961 1715 Medic.
2020 1663 2163 1730 Wr.)

2308 1661 2408 1715 144
2444 1663 2637 1715 Delon

376 1733 493 1798 ulii,
541 1733 638 1785 aed
683 1730 935 1802 Virgilius
977 1730 1361 1783 enuntiatione·
1410 1731 1600 1785 latinae
1646 1750 1701 1785 m
1748 1733 1833 1784 hi·
1880 1741 2048 1796 amat,
2102 1742 2160 1783 nt
2194 1731 2374 1782 Heins-
2425 1731 2641 1784 docuit.

380 1802 479 1859 14⁵
511 1804 941 1870 instantemque
973 1799 1124 1853 Leid.
1157 1818 1269 1854 um:
1308 1801 1386 1853 ita
1418 1819 1505 1854 res
1541 1802 1909 1854 “auferretur
1935 1802 2004 1853 ed
2041 1805 2224 1854 Cretes
2256 1813 2312 1854 σε
2344 1805 2451 1853 Dr.
2522 1804 2642 1854 112-

375 1873 685 1943 struxitque
716 1872 918 1938 Hagen.
987 1887 1093 1941 que
1125 1879 1250 1940 poet
1282 1873 1439 1925 mixti
1468 1871 1621 1924 decet
1651 1870 1808 1923 alteri
1842 1872 2053 1939 Menag.

382 2012 600 2085 nicam,
641 2013 818 2070 etiem
847 2009 1256 2090 chlamydem:
1299 2009 1458 2071 hanc

377 2097 684 2157 interdum
712 2097 776 2156 in
799 2104 1056 2175 pectore.
1112 2097 1234 2157 Nec
1262 2104 1459 2156 tamen

377 2183 512 2242 talis
543 2181 725 2241 fibula
766 2182 917 2241 bene
954 2180 1303 2243 subnectere
1330 2200 1462 2241 eam

381 2267 574 2329 videri
601 2275 816 2348 potest.
883 2266 1212 2327 Dicendum
1236 2267 1461 2347 itaque,

383 2353 628 2413 fibulam
675 2351 778 2412 hic
831 2372 956 2412 esee
995 2352 1062 2412 in
1105 2352 1303 2413 balteo
1354 2373 1463 2413 eeu

383 2439 639 2518 cingulo,
683 2458 803 2518 quo
828 2438 1034 2498 tunica
1054 2438 1460 2518 succingitur:

382 2534 457 2586 ut
490 2526 595 2584 ins.
644 2526 717 2599 V,
761 2528 905 2599 312,
950 2529 1008 2589 3.
1063 2525 1136 2588 cs.
1182 2526 1290 2600 XI,
1332 2529 1461 2592 776

383 2621 448 2671 et
500 2618 629 2671 not.
714 2609 876 2690 (vid.
925 2610 1064 2670 Not.
1106 2609 1186 2670 ad
1228 2611 1274 2686 1,
1315 2612 1461 2676 492.

396 2694 612 2776 Wch.)
711 2697 907 2775 Supra
943 2695 998 2770 1,
1057 2699 1182 2761 820
1234 2696 1463 2755 nodum

387 2782 653 2842 dixerat:
711 2782 980 2861 nodoque
1015 2784 1179 2840 ainzu
1214 2784 1463 2840 collecta

386 2870 675 2945 spanus,-
743 2864 808 2926 h.
856 2885 906 2926 e.
957 2866 1175 2925 balteo.
1243 2867 1357 2926 Ubi
1391 2867 1467 2926 cf.

390 2962 514 3013 not.
596 2953 774 3028 Nam,
816 2961 891 3011 ut
915 2950 1098 3011 fibula
1127 2951 1468 3012 inferiorem

389 3039 573 3098 vestie
627 3057 794 3096 oram
845 3036 1210 3115 substringat
1268 3038 1467 3113 altius,

387 3134 461 3185 ut
510 3143 579 3182 ea
611 3123 839 3181 elevata
885 3122 994 3197 sit,
1056 3122 1248 3182 nostri
1286 3122 1469 3183 moris

391 3228 515 3268 esse
551 3216 783 3288 potest,
831 3206 937 3265 vix
981 3208 1231 3285 antiqui.
1292 3205 1467 3289 (aum

393 3312 1035 3352 -aumm—aurea:
1095 3293 1218 3353 vid.
1244 3293 1319 3352 de
1352 3294 1471 3352 hac

395 3377 681 3438 orationis
708 3375 996 3455 elegantia
1020 3376 1341 3438 Weichert.
1367 3381 1471 3438 De

395 3484 574 3523 ver-⁹⁸.
605 3465 783 3520 inim.
816 3482 980 3540 susp.
1011 3483 1068 3542 p.
1090 3467 1210 3539 98„
1238 3472 1299 3522 et
1319 3485 1471 3542 quoe

394 3549 495 3608 ille
521 3547 762 3619 laudat,
823 3545 1072 3608 Victorii
1105 3549 1241 3608 Var.
1282 3551 1470 3610 Lectt.

397 3633 675 3709 xxxm,
707 3637 801 3697 12.
844 3634 1168 3695 Burmann.
1196 3634 1273 3694 ad
1288 3635 1470 3696 ovid.

398 3719 537 3780 Met.
562 3719 636 3795 11,
683 3722 822 3783 107.
869 3718 1049 3802 Wr.)

488 3803 628 3869 141.
677 3803 817 3868 142.
869 3807 1295 3883 pulcer-ramae,
1359 3807 1481 3866 Ve-

400 3889 559 3950 neris
594 3907 840 3948 munere
883 3900 1051 3970 puta.
1107 3891 1208 3950 lib.
1250 3891 1309 3966 1,
1353 3893 1480 3958 589

403 3995 529 4055 sqq.
615 3977 872 4052 agmina
898 3978 1096 4054 iungit
1117 4020 1133 4045 ‚
1182 3977 1481 4037 Troiano-

402 4082 538 4122 rum
566 4079 704 4119 cum
729 4059 943 4138 Tyriis,
984 4062 1069 4119 ait
1094 4062 1300 4120 Burm.
1344 4063 1481 4121 Sci-

405 4149 545 4208 licet
586 4143 910 4205 dicendum
937 4155 1058 4220 est,
1107 4165 1229 4206 esee
1261 4147 1478 4226 exqui-

405 4234 671 4295 sitiorem
698 4238 909 4310 poetae
932 4232 1216 4291 sormam:
1260 4235 1480 4311 iunge-

406 4342 467 4380 re
503 4337 726 4397 agmen
767 4316 865 4376 vel
906 4319 1162 4395 agmina
1210 4338 1321 4397 pro
1364 4318 1481 4378 ad-

407 4407 649 4487 iungere
675 4422 738 4463 ae
766 4422 901 4463 cum
936 4402 1162 4483 agmine
1201 4423 1325 4463 suo.
1374 4404 1484 4467 inf.

1546 2011 1655 2088 xl,
1691 2011 1812 2077 145
1860 2012 2079 2070 Contra
2107 2010 2278 2070 aet-ba
2305 2010 2651 2090 Phrygum

1545 2100 1787 2158 venien-s·
1819 2098 2183 2174 plangentia
2227 2100 2491 2174 halgum
2557 2121 2652 2157 a-

1544 2185 1783 2262 gmina,
1811 2181 2163 2261 adiungunt.
2196 2177 2375 2263 (adde
2390 2182 2465 2256 11,
2481 2187 2652 2249 267.

1551 2267 1777 2350 Wclz.)
1866 2269 2241 2347 Comparatio
2292 2276 2499 2328 autem
2560 2271 2655 2328 ita

1546 2353 1646 2413 fit:
1704 2357 1832 2431 ipae
1871 2355 2051 2432 infir!
2087 2376 2149 2412 se
2184 2352 2352 2429 talis,
2426 2357 2654 2434 qualia

1546 2439 1725 2518 :infir-t
1748 2460 1810 2497 ee
1854 2437 2198 2519 Apollo—3
2241 2442 2381 2517 lpse
2399 2442 2655 2518 grndi-

1542 2527 1954 2584 tur—-Haud
1976 2528 2170 2585 aliter.
2234 2525 2468 2605 (potius
2510 2528 2615 2586 ita
2635 2552 2653 2588 z

1547 2610 1780 2688 „qualia
1828 2610 2077 2691 Apollo,
2150 2612 2327 2691 Lycia
2367 2611 2655 2691 deserta,

1546 2697 1757 2756 Delum
1783 2696 2061 2771 invisens,
2095 2697 2318 2776 Cynthi
2347 2698 2504 2775 iugis
2539 2700 2657 2759 in-

1551 2782 1911 2861 greditur;“
1971 2783 2048 2843 cf.
2090 2783 2162 2842 V.
2185 2784 2248 2843 L.
2294 2784 2372 2841 ad
2406 2784 2569 2844 Aen.
2606 2787 2656 2862 1,

1557 2866 1697 2931 148.
1742 2868 1812 2943 11,
1857 2866 2000 2933 471.
2063 2868 2236 2928 Nulla
2261 2879 2463 2927 tamen
2492 2891 2658 2931 mu-

1550 2952 1773 3012 tandae
1822 2952 2324 3033 interpunctionis
2370 2959 2659 3016 necati-

1552 3047 1662 3113 tae,
1705 3046 1774 3096 ut
1802 3039 1999 3099 visum
2023 3050 2115 3098 est
2132 3039 2337 3099 labnio
2354 3050 2419 3099 et
2435 3041 2661 3101 W‘un-

1554 3122 1861 3197 derlichio,
1903 3125 2014 3183 nisi
2043 3125 2207 3202 quod
2235 3145 2465 3185 comma
2501 3141 2663 3207 poet

1562 3210 1779 3286 Quali-s·
1812 3211 2074 3288 positum
2113 3209 2336 3286 delevi;
2403 3213 2524 3272 vid
2582 3217 2663 3276 V.

1555 3295 1614 3353 L.
1652 3294 1728 3353 ad
1758 3296 1863 3353 Ge.
1892 3296 1938 3369 l,
1984 3300 2127 3360 308.
2176 3296 2343 3378 Wr.)

1642 3378 2022 3446 143—149.
2091 3383 2281 3441 Locus
2332 3386 2666 3460 exquisita

1555 3463 1827 3525 doctrina
1856 3467 2181 3545 expolitus:
2215 3468 2441 3526 Aeneas
2468 3490 2669 3530 com-

1552 3559 1806 3630 paratur
1830 3572 1968 3611 cum
2001 3553 2303 3632 Apolline,
2348 3553 2518 3614 festo
2555 3558 2667 3618 die

1566 3636 1902 3714 prodeunte
1938 3638 2015 3697 ad
2056 3637 2273 3699 choros
2300 3638 2667 3704 ducendos:

1561 3741 1647 3796 re,
1692 3722 1770 3781 ad
1797 3732 2099 3799 veterum,
2142 3724 2418 3805 inprimis
2447 3728 2665 3789 Grae-

1564 3826 1791 3884 corum,
1817 3828 2052 3869 sensum
2083 3810 2349 3870 omnium
2374 3816 2665 3875 maxime

1564 3903 1849 3972 augusta3
1900 3905 1975 3956 ut
2032 3916 2164 3976 sup.
2202 3897 2264 3969 1,
2305 3897 2437 3962 498
2486 3900 2665 3963 Dido

1563 3980 2023 4057 comparabatur
2049 4002 2187 4041 cum
2224 3982 2434 4042 Diana.
2494 3985 2661 4047 Hio-

1562 4083 1657 4122 me
1682 4065 1911 4125 Pataris
1937 4067 2149 4146 Lyciae
2191 4077 2402 4127 exacta
2418 4113 2435 4144 ,
2496 4092 2663 4134 mr-

1562 4159 1737 4209 ratur
1777 4150 1925 4211 deus
1968 4153 2134 4213 adire
2161 4154 2369 4212 Delum
2388 4198 2406 4229 ‚
2450 4176 2662 4220 veruo

1563 4243 1834 4315 tempore
1848 4279 1865 4312 ,
1947 4236 2235 4300 festorum
2286 4240 2662 4305 sollemnium

1567 4320 1662 4379 die
1682 4321 1989 4405 instante..
2031 4324 2439 4386 instituuntur
2468 4328 2661 4390 chon·

1564 4406 1628 4465 in
1678 4406 1773 4466 dei
1816 4406 2136 4487 honorem;
2192 4411 2295 4472 sed
2336 4416 2661 4492 augustine
