2882 5028
755 349 940 421 AD
1044 347 1708 424 LIBRUM
1808 348 1896 422 11
2173 359 2480 433 .383

197 539 321 612 cis,
368 559 449 595 ea·
489 539 808 599 miei-um
831 538 1031 618 sam
1065 555 1140 598 ac
1179 541 1558 616 narratione,
1600 543 1850 621 antiquo
1894 559 2182 617 sermone,
2226 539 2346 602 hoc
2371 553 2482 622 est,

193 625 479 703 poetico,
539 625 790 683 suerent
832 625 1155 704 expositae.
1241 625 1363 684 Sed
1406 647 1548 686 cum
1604 626 1936 706 coepissent
1986 645 2140 701 esse,
2199 628 2481 708 primum,

199 710 303 788 qui
369 710 714 787 sigillatim
762 711 1122 790 particulam
1178 711 1439 790 aliquam
1496 732 1574 772 ex
1633 721 1764 772 toto
1821 712 1926 771 illo
1981 714 2151 792 cyclo
2209 714 2482 795 mythico

203 796 566 874 decerptam
612 797 880 856 carmine
922 804 1282 873 tractarent,
1344 807 1634 858 ornarent
1687 807 1749 857 et
1804 797 2219 858 delectationis
2273 820 2482 861 caussa

202 881 563 955 variarent,
635 891 772 941 tum
816 883 947 956 alii,
1006 882 1279 962 inprimis
1327 885 1533 962 brebi,
1590 885 1693 962 qui
1738 885 2000 943 carmina
2044 903 2153 944 sua
2196 887 2482 947 suavibus

204 966 501 1048 episodiis
546 966 1021 1045 distinguerent,
1089 988 1167 1026 ex
1208 988 1280 1027 eo
1334 978 1607 1050 tempore
1647 989 1744 1029 res
1787 969 2080 1029 Troianae
2121 972 2290 1048 quasi
2336 993 2480 1031 ma·-

209 1058 399 1112 ten'ae
430 1056 718 1130 poeticae
761 1053 894 1113 loco
917 1052 1156 1112 habitae
1185 1063 1360 1130 sunt,
1404 1076 1524 1134 qua
1551 1056 1838 1136 ingeniosi
1874 1055 2145 1114 homines
2174 1056 2238 1116 in
2262 1078 2480 1137 quam-

209 1157 461 1216 cunque
506 1139 769 1197 formam
813 1139 1175 1218 diffingenda
1230 1150 1588 1218 uterentur,
1644 1160 1954 1220 unumque
1999 1141 2064 1201 id
2102 1143 2478 1224 propositum

208 1224 548 1301 haberent,
592 1235 666 1284 ut
711 1246 847 1284 cum
889 1225 1307 1305 probabilitate
1350 1227 1547 1305 aliqua
1592 1227 1973 1310 delectarent.

391 1325 489 1386 Ab
539 1325 830 1386 historiae
873 1329 993 1388 fide
1035 1330 1230 1388 multo
1275 1329 1458 1409 magis
1499 1347 1798 1389 recessum
1854 1338 1970 1406 est,
2034 1349 2174 1388 cum
2227 1330 2481 1408 Tragici

208 1424 433 1494 poetae
477 1412 822 1474 fabularum
867 1434 1110 1474 suarum
1149 1413 1480 1488 ὑποθέσεις
1529 1425 1591 1475 et
1635 1424 1981 1494 argumenta
2039 1433 2117 1474 ex
2159 1415 2329 1494 cyclo
2372 1415 2475 1475 illo

207 1508 533 1579 peterent,
578 1508 641 1558 et
682 1520 795 1579 pro
836 1501 1081 1560 consilio
1124 1520 1237 1560 suo
1276 1501 1734 1580 tragoediaeque
1777 1510 1995 1560 natura
2037 1500 2204 1559 varie
2248 1521 2316 1559 ea
2344 1509 2476 1560 tra-

208 1595 488 1658 ctarent,
540 1595 858 1661 ornarent,
902 1586 1306 1661 inflecterent,
1351 1606 1510 1646 nova
1556 1587 1940 1666 effingerent,
1986 1594 2047 1645 et
2072 1604 2244 1664 saepe
2285 1586 2346 1645 in
2377 1587 2474 1646 di-

205 1671 587 1731 versissimas
627 1681 828 1750 partes
876 1670 1235 1732 traherents
1291 1672 1464 1747 Quae
1508 1673 1750 1751 quidem
1794 1691 1890 1731 res
1934 1691 2070 1731 cum
2119 1671 2215 1730 vel
2258 1690 2332 1730 ex
2360 1674 2475 1731 So-
2541 1657 2560 1676 ⁶

201 1756 434 1837 phocle
481 1767 544 1816 et
587 1758 781 1818 multo
825 1759 1008 1838 magis
1051 1777 1129 1817 ex
1161 1757 1451 1839 Euripide
1494 1758 1800 1818 notissima
1828 1758 1941 1835 sit,
1986 1755 2234 1817 haerere
2278 1758 2339 1816 in
2371 1757 2474 1817 illa

202 1845 523 1903 nolumus.
741 1851 748 1857 '

390 1931 518 1989 lam
559 1926 863 1986 historicis
918 1937 979 1986 et
1020 1928 1258 2008 tragicis
1315 1929 1596 1988 successit
1638 1919 1872 1989 novum'
1911 1925 2226 1987 hominum
2268 1947 2471 2006 genus,

204 2015 379 2094 quod
426 2014 633 2074 omnia
674 2013 917 2072 miscuit
958 2034 1027 2073 ac
1081 2015 1387 2089 turbavit,
1459 2017 1811 2093 Interpretes
1860 2025 2182 2093 poetarum
2243 2015 2377 2074 dico
2414 2023 2475 2073 et

212 2103 706 2174 Grammaticos,
755 2101 1014 2160 maxime
1046 2098 1119 2159 ab
1144 2102 1622 2160 Ptolemaeorum
1665 2100 1807 2159 inde
1843 2100 2079 2159 saeculo
2094 2098 2169 2182 *),
2215 2119 2473 2177 quorum

213 2187 319 2246 alii
358 2185 572 2266 Cyclos
615 2184 748 2244 illos
785 2185 848 2243 in
893 2186 1191 2266 epitomen
1232 2186 1628 2266 redegerunt3
1671 2187 1905 2265 qualem
1942 2185 2230 2245 habemus
2273 2185 2474 2247 adhuc
2522 2215 2528 2222 ·

217 2273 582 2350 Apollodori
611 2270 1089 2348 Bibliothecam,
1133 2293 1314 2350 quam
1359 2272 1513 2352 cycli
1557 2272 1703 2353 epici
1751 2272 2174 2352 compendium
2201 2291 2324 2330 esse
2350 2274 2471 2331 iam

218 2358 465 2417 Salmas.
507 2357 591 2416 ad
615 2357 799 2416 Solin.
842 2376 902 2437 p.
946 2357 1073 2423 847
1112 2358 1272 2418 vidit
1287 2355 1405 2441 **);
1433 2357 1546 2417 alii
1591 2359 1911 2438 separatim
1955 2355 2112 2416 hanc
2168 2358 2266 2417 vel
2307 2358 2472 2418 illam

214 2444 580 2526 particulam
629 2463 708 2502 ex
752 2450 885 2501 toto
926 2445 1071 2502 orbe
1113 2452 1546 2528 exposuerunt.
1631 2444 1720 2503 Ita
1758 2443 2164 2522 Lysimachus
2206 2444 2470 2504 Alexan·

212 2532 430 2593 drinus
475 2527 554 2592 ια’
598 2525 879 2610 Θηβαῖκαῖ
930 2539 993 2590 et
1028 2527 1171 2603 τούς
1232 2526 1520 2607 Νόστους,
1583 2530 1659 2589 de
1703 2531 1920 2612 quibus
1961 2531 2066 2590 inf.
2115 2530 2359 2591 Excurs.
2399 2532 2469 2591 V.

210 2618 577 2696 &phot-ion
620 2625 819 2674 autem
874 2614 997 2676 suis
1045 2615 1417 2675 Chiliadibus
1461 2613 1566 2696 (de
1609 2616 1827 2694 quibus
1870 2636 1928 2675 v.
1961 2616 2038 2676 ad
2070 2616 2193 2675 Ecl.
2239 2617 2334 2694 vl,
2363 2619 2471 2693 72)

209 2706 334 2764 auis
379 2703 529 2762 locis
573 2721 670 2760 res
712 2700 1002 2761 Troianas
1042 2703 1375 2761 inseruerat
1389 2723 1407 2778 ;
1449 2709 1522 2759 ut
1565 2702 1640 2760 de
1681 2696 1964 2761 Laodice:
2007 2723 2065 2761 v.
2111 2703 2359 2761 Pausan.
2389 2703 2471 2777 X,

206 2794 294 2857 26
326 2799 490 2848 extr.
517 2797 581 2846 et
606 2787 709 2847 inf.
745 2789 991 2847 Excurs.
1017 2786 1088 2848 V.
1150 2788 1436 2847 Similiter
1482 2787 1580 2846 alii
1619 2787 2001 2846 Grammatici
2030 2781 2101 2848 τὰ
2132 2780 2466 2871 τραγῳδού-

209 2898 365 2957 μενα
411 2873 652 2954 scriptis
692 2873 1090 2953 peculiaribus
1133 2874 1583 2953 explicuerant,
1626 2873 1842 2951 quibus
1886 2872 2328 2951 tragoediarum
2367 2892 2471 2930 ar·-

208 2970 501 3040 gumenta
544 2980 616 3018 ac
649 2959 879 3019 fabulas
919 2960 1338 3040 exponebant,
1400 2958 1709 3018 interdum
1774 2967 1835 3017 et
1878 2958 2472 3017 commentabantur:

211 3068 334 3126 quo
380 3066 460 3105 ex
502 3064 715 3124 genere
758 3045 992 3105 utinam
1032 3055 1408 3125 superessent
1453 3044 1664 3103 saltem
1709 3042 2093 3125 Asclepiadae
2136 3048 2259 3105 τῶν
2302 3064 2471 3125 τραγ·

219 3130 591 3217 φδουμένων
645 3131 809 3189 libri!
891 3150 1104 3191 verum
1158 3131 1231 3190 iis
1288 3131 1536 3208 aliisque
1589 3129 1793 3190 multis
1846 3131 2104 3205 amissis,
2179 3129 2471 3189 nonnulla

218 3237 524 3298 superesse
565 3215 855 3277 videntur
895 3218 958 3276 in
995 3219 1244 3297 Hygini
1309 3216 1507 3274 abalim
1550 3234 1627 3276 ex
1668 3216 1973 3277 veteribus
2014 3215 2332 3294 tragoediis
2361 3233 2472 3273 ex-

218 3314 457 3385 cerpta3
500 3322 641 3362 nam
670 3302 862 3362 maior
907 3303 1133 3383 operis,
1179 3322 1240 3360 se
1328 3302 1552 3377 luxati,
1598 3303 1819 3382 partim
1862 3303 1924 3362 in
1964 3301 2285 3381 epitomen,
2320 3320 2468 3381 par-

215 3390 326 3449 tim
368 3390 436 3449 in
482 3397 797 3475 excerpta,
849 3388 1110 3464 redacti,
1164 3408 1304 3468 pars
1349 3406 1423 3445 ex
1470 3387 1614 3446 orbe
1658 3388 2025 3448 Graecorum
2069 3386 2338 3468 mythico
2383 3396 2471 3445 est

218 3476 666 3549 consarcinata,
709 3483 782 3534 ut
824 3474 1158 3557 inspicienti
1183 3473 1356 3533 facile
1399 3483 1683 3552 apparet3
1725 3474 1882 3534 facto
1913 3474 2071 3533 enim
2117 3495 2151 3532 a
2191 3472 2472 3552 genealo-

212 3562 321 3640 giis
367 3562 629 3621 deorum
671 3559 848 3619 initio
906 3580 1014 3640 per
1056 3560 1342 3619 Cadmeas
1401 3579 1474 3617 ac
1516 3557 1828 3618 Thebanus
1879 3560 2113 3618 fabulas
2156 3559 2235 3619 ad
2276 3557 2472 3639 Argo·-

214 3648 495 3723 nautica,
543 3645 893 3705 Heracleam
938 3655 1001 3706 et
1038 3646 1254 3705 Troica
1294 3664 1371 3704 ex
1415 3663 1582 3704 more
1625 3644 2052 3728 procedit***).

385 3749 513 3825 Qui
558 3760 706 3827 post
746 3749 884 3806 illos
938 3752 1247 3826 scriptores
1293 3747 1525 3811 >iterum
1579 3758 1814 3808 veteres
1866 3747 2108 3828 mythos
2127 3792 2143 3821 ,
2204 3746 2472 3831 adeoque

212 3836 395 3896 etiam
439 3835 776 3896 Troianum
815 3832 1072 3910 bellum,
1116 3834 1290 3894 novis
1333 3832 1545 3892 libellis
1575 3835 1945 3914 repetebant,
1990 3855 2127 3894 cum
2175 3833 2471 3925 antiq-uis-

211 3922 389 3983 simos
432 3921 765 4002 scriptores
810 3919 1006 3999 sequi,
1062 3926 1126 3980 et
1168 3919 1533 4000 tragicorum
1588 3938 1659 3979 ac
1713 3920 2041 4007 lyricorum
2099 3927 2473 3981 ceterorum-

338 4180 384 4247 ‘)
420 4180 504 4232 Cf.
541 4173 755 4230 Prolus.
792 4172 861 4224 de
893 4174 1103 4228 saeculi
1135 4174 1571 4228 Ptolemaeorum
1603 4179 1771 4246 genio
1805 4175 1859 4228 in
1896 4179 2090 4249 Opusc.
2126 4174 2192 4225 Τ.
2224 4174 2266 4237 1,
2302 4191 2354 4243 p.
2384 4170 2470 4228 94-

206 4251 290 4307 98·
325 4253 575 4404 ¹“⁹')6·V’id.
612 4328 803 4384 Nom
836 4327 911 4379 ad
942 4328 1266 4402 Apollodor.
1300 4350 1355 4404 p.
1388 4330 1497 4391 936
1531 4346 1611 4401 sq.

335 4421 429 4492 ···)
468 4417 603 4478 Via.
636 4411 773 4469 ibid.
806 4430 864 4486 p.
897 4414 1023 4471 94⁵.
