<?xml version="1.0" encoding="UTF-8"?>
<!DOCTYPE html PUBLIC "-//W3C//DTD XHTML 1.0 Transitional//EN"
    "http://www.w3.org/TR/xhtml1/DTD/xhtml1-transitional.dtd">
<html xmlns="http://www.w3.org/1999/xhtml" xml:lang="en" lang="en">
 <head>
  <title>
</title>
<meta http-equiv="Content-Type" content="text/html;charset=utf-8" />
  <meta name='ocr-system' content='tesseract 3.04.00' />
  <meta name='ocr-capabilities' content='ocr_page ocr_carea ocr_par ocr_line ocrx_word'/>
</head>
<body>
  <div class='ocr_page' id='page_1' title='image "./pvblivsvirgiliv00sillgoog_0120.png"; bbox 0 0 2882 5028; ppageno 0'>
   <div class='ocr_carea' id='block_1_1' title="bbox 534 325 2494 435">
    <p class='ocr_par' dir='ltr' id='par_1_1' title="bbox 534 325 2494 435">
     <span class='ocr_line' id='line_1_1' title="bbox 534 325 2494 435; baseline 0.003 -22"><span class='ocrx_word' id='word_1_1' title='bbox 534 339 1231 415; x_wconf 71' lang='lat' dir='ltr'><strong>AENEmos</strong></span> <span class='ocrx_word' id='word_1_2' title='bbox 1289 340 1488 415; x_wconf 79' lang='lat' dir='ltr'><strong>Lm.</strong></span> <span class='ocrx_word' id='word_1_3' title='bbox 1544 341 1602 435; x_wconf 89' lang='lat'><strong>1,</strong></span> <span class='ocrx_word' id='word_1_4' title='bbox 1656 325 2095 417; x_wconf 55' lang='grc' dir='ltr'><strong>κισ-223</strong></span> <span class='ocrx_word' id='word_1_5' title='bbox 2352 349 2494 419; x_wconf 86' lang='lat'><strong>109</strong></span> 
     </span>
    </p>
   </div>
   <div class='ocr_carea' id='block_1_2' title="bbox 191 523 2493 836">
    <p class='ocr_par' dir='ltr' id='par_1_2' title="bbox 191 523 2493 836">
     <span class='ocr_line' id='line_1_2' title="bbox 191 523 2145 625; baseline -0.002 -21"><span class='ocrx_word' id='word_1_6' title='bbox 191 534 409 604; x_wconf 66' lang='lat' dir='ltr'><strong>Nunc</strong></span> <span class='ocrx_word' id='word_1_7' title='bbox 435 527 714 624; x_wconf 81' lang='lat' dir='ltr'><strong>Amyci</strong></span> <span class='ocrx_word' id='word_1_8' title='bbox 754 550 1063 601; x_wconf 83' lang='lat' dir='ltr'><strong>casum</strong></span> <span class='ocrx_word' id='word_1_9' title='bbox 1096 526 1351 625; x_wconf 82' lang='lat' dir='ltr'><strong>gemit</strong></span> <span class='ocrx_word' id='word_1_10' title='bbox 1386 539 1466 602; x_wconf 87' lang='lat' dir='ltr'><strong>et</strong></span> <span class='ocrx_word' id='word_1_11' title='bbox 1495 523 1842 601; x_wconf 84' lang='lat' dir='ltr'>crudelia</span> <span class='ocrx_word' id='word_1_12' title='bbox 1874 550 2145 601; x_wconf 86' lang='lat' dir='ltr'><strong>secum</strong></span> 
     </span>
     <span class='ocr_line' id='line_1_3' title="bbox 207 627 2493 732; baseline 0.001 -26"><span class='ocrx_word' id='word_1_13' title='bbox 207 636 382 707; x_wconf 77' lang='lat' dir='ltr'><strong>Fata</strong></span> <span class='ocrx_word' id='word_1_14' title='bbox 407 632 610 728; x_wconf 81' lang='lat' dir='ltr'><strong>Lyci,</strong></span> <span class='ocrx_word' id='word_1_15' title='bbox 656 628 1166 732; x_wconf 83' lang='lat' dir='ltr'><strong>fortemque</strong></span> <span class='ocrx_word' id='word_1_16' title='bbox 1205 633 1446 726; x_wconf 81' lang='lat' dir='ltr'><strong>Gyan,</strong></span> <span class='ocrx_word' id='word_1_17' title='bbox 1489 627 1953 732; x_wconf 83' lang='lat' dir='ltr'><strong>fortemque</strong></span> <span class='ocrx_word' id='word_1_18' title='bbox 1985 627 2493 710; x_wconf 83' lang='lat' dir='ltr'><strong>Cloanthum.</strong></span> 
     </span>
     <span class='ocr_line' id='line_1_4' title="bbox 311 731 2491 836; baseline 0 -26"><span class='ocrx_word' id='word_1_19' title='bbox 311 735 576 810; x_wconf 79' lang='lat' dir='ltr'><strong>Etiam</strong></span> <span class='ocrx_word' id='word_1_20' title='bbox 616 731 822 808; x_wconf 86' lang='lat' dir='ltr'><strong>finis</strong></span> <span class='ocrx_word' id='word_1_21' title='bbox 859 748 1077 812; x_wconf 85' lang='lat' dir='ltr'><strong>erat:</strong></span> <span class='ocrx_word' id='word_1_22' title='bbox 1135 759 1390 836; x_wconf 91' lang='lat' dir='ltr'><strong>quum</strong></span> <span class='ocrx_word' id='word_1_23' title='bbox 1416 735 1780 836; x_wconf 84' lang='lat' dir='ltr'><strong>Iuppiter</strong></span> <span class='ocrx_word' id='word_1_24' title='bbox 1817 732 2139 810; x_wconf 84' lang='lat' dir='ltr'><strong>aethere</strong></span> <span class='ocrx_word' id='word_1_25' title='bbox 2169 758 2491 810; x_wconf 90' lang='lat' dir='ltr'><strong>summo</strong></span> 
     </span>
    </p>
   </div>
   <div class='ocr_carea' id='block_1_3' title="bbox 312 883 824 966">
    <p class='ocr_par' dir='ltr' id='par_1_3' title="bbox 312 883 824 966">
     <span class='ocr_line' id='line_1_5' title="bbox 312 883 824 966; baseline -0.018 -13"><span class='ocrx_word' id='word_1_26' title='bbox 312 883 475 952; x_wconf 75' lang='lat'><strong>221.</strong></span> <span class='ocrx_word' id='word_1_27' title='bbox 527 895 824 966; x_wconf 66' lang='lat' dir='ltr'><strong>emur,</strong></span> 
     </span>
    </p>
   </div>
   <div class='ocr_carea' id='block_1_4' title="bbox 193 1093 2492 2206">
    <p class='ocr_par' dir='ltr' id='par_1_4' title="bbox 193 1093 2492 2206">
     <span class='ocr_line' id='line_1_6' title="bbox 336 1093 2490 1176; baseline -0.002 -25"><span class='ocrx_word' id='word_1_28' title='bbox 336 1099 435 1151; x_wconf 75' lang='lat'><strong>221</strong></span> <span class='ocrx_word' id='word_1_29' title='bbox 471 1098 658 1149; x_wconf 72' lang='lat' dir='ltr'><strong>Amici</strong></span> <span class='ocrx_word' id='word_1_30' title='bbox 684 1094 802 1147; x_wconf 79' lang='lat' dir='ltr'><strong>alii.</strong></span> <span class='ocrx_word' id='word_1_31' title='bbox 843 1093 1031 1176; x_wconf 61' lang='lat' dir='ltr'><strong>(etiam</strong></span> <span class='ocrx_word' id='word_1_32' title='bbox 1060 1094 1278 1157; x_wconf 68' lang='lat' dir='ltr'><strong>Medic„</strong></span> <span class='ocrx_word' id='word_1_33' title='bbox 1312 1096 1404 1147; x_wconf 83' lang='lat' dir='ltr'><strong>sed</strong></span> <span class='ocrx_word' id='word_1_34' title='bbox 1435 1096 1632 1166; x_wconf 80' lang='lat' dir='ltr'><strong>priori</strong></span> <span class='ocrx_word' id='word_1_35' title='bbox 1656 1095 1722 1148; x_wconf 76' lang='lat' dir='ltr'><strong>ab</strong></span> <span class='ocrx_word' id='word_1_36' title='bbox 1757 1094 1859 1148; x_wconf 82' lang='lat' dir='ltr'><strong>alia</strong></span> <span class='ocrx_word' id='word_1_37' title='bbox 1900 1113 2053 1147; x_wconf 85' lang='lat' dir='ltr'><strong>manu</strong></span> <span class='ocrx_word' id='word_1_38' title='bbox 2091 1094 2144 1146; x_wconf 88' lang='lat' dir='ltr'><strong>in</strong></span> <span class='ocrx_word' id='word_1_39' title='bbox 2168 1115 2219 1164; x_wconf 76' lang='lat' dir='ltr'><em>y</em></span> <span class='ocrx_word' id='word_1_40' title='bbox 2244 1103 2490 1147; x_wconf 86' lang='lat' dir='ltr'><strong>mutatur.</strong></span> 
     </span>
     <span class='ocr_line' id='line_1_7' title="bbox 209 1165 2489 1235; baseline -0.001 -17"><span class='ocrx_word' id='word_1_41' title='bbox 209 1170 350 1233; x_wconf 68' lang='lat' dir='ltr'><strong>Wr.)</strong></span> <span class='ocrx_word' id='word_1_42' title='bbox 429 1171 594 1218; x_wconf 66' lang='lat' dir='ltr'><strong>Tunc</strong></span> <span class='ocrx_word' id='word_1_43' title='bbox 635 1166 855 1218; x_wconf 69' lang='lat' dir='ltr'><strong>Anthea</strong></span> <span class='ocrx_word' id='word_1_44' title='bbox 895 1166 1091 1216; x_wconf 83' lang='lat' dir='ltr'><strong>Hamb.</strong></span> <span class='ocrx_word' id='word_1_45' title='bbox 1129 1182 1210 1234; x_wconf 84' lang='lat' dir='ltr'><strong>pr.</strong></span> <span class='ocrx_word' id='word_1_46' title='bbox 1277 1183 1445 1217; x_wconf 67' lang='lat' dir='ltr'><strong>casus</strong></span> <span class='ocrx_word' id='word_1_47' title='bbox 1473 1165 1625 1217; x_wconf 89' lang='lat' dir='ltr'><strong>Leid.</strong></span> <span class='ocrx_word' id='word_1_48' title='bbox 1666 1176 1722 1217; x_wconf 90' lang='lat' dir='ltr'><strong>et</strong></span> <span class='ocrx_word' id='word_1_49' title='bbox 1761 1170 1940 1235; x_wconf 89' lang='lat' dir='ltr'><strong>Sprot.</strong></span> <span class='ocrx_word' id='word_1_50' title='bbox 2009 1165 2146 1217; x_wconf 84' lang='lat' dir='ltr'><strong>Illud</strong></span> <span class='ocrx_word' id='word_1_51' title='bbox 2175 1183 2354 1216; x_wconf 74' lang='lat' dir='ltr'><strong>secum</strong></span> <span class='ocrx_word' id='word_1_52' title='bbox 2384 1182 2489 1216; x_wconf 88' lang='lat' dir='ltr'><strong>non</strong></span> 
     </span>
     <span class='ocr_line' id='line_1_8' title="bbox 197 1235 2492 1305; baseline -0 -18"><span class='ocrx_word' id='word_1_53' title='bbox 197 1237 360 1287; x_wconf 73' lang='lat' dir='ltr'><strong>dehet</strong></span> <span class='ocrx_word' id='word_1_54' title='bbox 389 1237 697 1287; x_wconf 75' lang='lat' dir='ltr'><strong>offendere.</strong></span> <span class='ocrx_word' id='word_1_55' title='bbox 734 1252 860 1285; x_wconf 73' lang='lat' dir='ltr'><strong>nam</strong></span> <span class='ocrx_word' id='word_1_56' title='bbox 899 1237 1070 1305; x_wconf 70' lang='lat' dir='ltr'><strong>gemit</strong></span> <span class='ocrx_word' id='word_1_57' title='bbox 1096 1252 1278 1285; x_wconf 81' lang='lat' dir='ltr'><strong>seeum</strong></span> <span class='ocrx_word' id='word_1_58' title='bbox 1313 1239 1376 1286; x_wconf 78' lang='lat' dir='ltr'><strong>A.</strong></span> <span class='ocrx_word' id='word_1_59' title='bbox 1421 1253 1469 1286; x_wconf 90' lang='lat' dir='ltr'><strong>c.</strong></span> <span class='ocrx_word' id='word_1_60' title='bbox 1609 1237 1717 1289; x_wconf 74' lang='lat'><strong>222</strong></span> <span class='ocrx_word' id='word_1_61' title='bbox 1752 1238 1952 1303; x_wconf 80' lang='lat' dir='ltr'><strong>Lycus.</strong></span> <span class='ocrx_word' id='word_1_62' title='bbox 2001 1235 2140 1286; x_wconf 85' lang='lat' dir='ltr'><strong>idem</strong></span> <span class='ocrx_word' id='word_1_63' title='bbox 2175 1245 2492 1286; x_wconf 81' lang='lat' dir='ltr'><strong>memoratur</strong></span> 
     </span>
     <span class='ocr_line' id='line_1_9' title="bbox 194 1303 2490 1372; baseline -0 -15"><span class='ocrx_word' id='word_1_64' title='bbox 194 1306 295 1357; x_wconf 70' lang='lat' dir='ltr'><strong>Bb.</strong></span> <span class='ocrx_word' id='word_1_65' title='bbox 323 1306 420 1366; x_wconf 71' lang='lat' dir='ltr'><strong>IX,</strong></span> <span class='ocrx_word' id='word_1_66' title='bbox 458 1308 588 1360; x_wconf 78' lang='lat'><strong>556.</strong></span> <span class='ocrx_word' id='word_1_67' title='bbox 666 1306 833 1356; x_wconf 80' lang='lat' dir='ltr'><strong>Giam</strong></span> <span class='ocrx_word' id='word_1_68' title='bbox 871 1303 1060 1368; x_wconf 84' lang='lat' dir='ltr'><strong>multi,</strong></span> <span class='ocrx_word' id='word_1_69' title='bbox 1096 1304 1256 1355; x_wconf 84' lang='lat' dir='ltr'><strong>etiam</strong></span> <span class='ocrx_word' id='word_1_70' title='bbox 1282 1304 1479 1369; x_wconf 85' lang='lat' dir='ltr'><strong>nostri,</strong></span> <span class='ocrx_word' id='word_1_71' title='bbox 1527 1305 1610 1358; x_wconf 78' lang='lat' dir='ltr'><strong>vel</strong></span> <span class='ocrx_word' id='word_1_72' title='bbox 1635 1307 1797 1356; x_wconf 84' lang='lat' dir='ltr'><strong>Gian.</strong></span> <span class='ocrx_word' id='word_1_73' title='bbox 1860 1305 2146 1360; x_wconf 75' lang='lat' dir='ltr'><strong>Cloantum</strong></span> <span class='ocrx_word' id='word_1_74' title='bbox 2178 1303 2490 1372; x_wconf 82' lang='lat' dir='ltr'><strong>castigatio-</strong></span> 
     </span>
     <span class='ocr_line' id='line_1_10' title="bbox 193 1372 2489 1444; baseline -0 -18"><span class='ocrx_word' id='word_1_75' title='bbox 193 1394 280 1427; x_wconf 74' lang='lat' dir='ltr'><strong>res</strong></span> <span class='ocrx_word' id='word_1_76' title='bbox 308 1374 509 1444; x_wconf 84' lang='lat' dir='ltr'><strong>ubique</strong></span> <span class='ocrx_word' id='word_1_77' title='bbox 530 1413 552 1441; x_wconf 87' lang='lat'><strong>,</strong></span> <span class='ocrx_word' id='word_1_78' title='bbox 583 1382 816 1425; x_wconf 68' lang='lat' dir='ltr'><strong>notante</strong></span> <span class='ocrx_word' id='word_1_79' title='bbox 848 1372 1105 1438; x_wconf 83' lang='lat' dir='ltr'><strong>Heinsio,</strong></span> <span class='ocrx_word' id='word_1_80' title='bbox 1141 1384 1197 1424; x_wconf 89' lang='lat' dir='ltr'><strong>ut</strong></span> <span class='ocrx_word' id='word_1_81' title='bbox 1235 1373 1396 1425; x_wconf 86' lang='lat' dir='ltr'><strong>Goth.</strong></span> <span class='ocrx_word' id='word_1_82' title='bbox 1429 1391 1512 1443; x_wconf 87' lang='lat' dir='ltr'><strong>pr.</strong></span> <span class='ocrx_word' id='word_1_83' title='bbox 1586 1375 1890 1426; x_wconf 76' lang='lat' dir='ltr'><strong>Choanmm</strong></span> <span class='ocrx_word' id='word_1_84' title='bbox 1917 1374 2068 1425; x_wconf 89' lang='lat' dir='ltr'><strong>Leid.</strong></span> <span class='ocrx_word' id='word_1_85' title='bbox 2141 1373 2222 1441; x_wconf 80' lang='lat' dir='ltr'><strong>(ln</strong></span> <span class='ocrx_word' id='word_1_86' title='bbox 2249 1374 2489 1425; x_wconf 83' lang='lat' dir='ltr'><strong>Mediceo</strong></span> 
     </span>
     <span class='ocr_line' id='line_1_11' title="bbox 195 1441 2487 1514; baseline -0.001 -18"><span class='ocrx_word' id='word_1_87' title='bbox 195 1457 403 1505; x_wconf 72' lang='lat' dir='ltr'><strong>tmen,</strong></span> <span class='ocrx_word' id='word_1_88' title='bbox 454 1445 888 1514; x_wconf 81' lang='lat' dir='ltr'><strong>quotiescunque</strong></span> <span class='ocrx_word' id='word_1_89' title='bbox 933 1441 1128 1511; x_wconf 82' lang='lat' dir='ltr'><strong>legitur</strong></span> <span class='ocrx_word' id='word_1_90' title='bbox 1178 1443 1282 1494; x_wconf 89' lang='lat' dir='ltr'><strong>hoc</strong></span> <span class='ocrx_word' id='word_1_91' title='bbox 1321 1460 1543 1508; x_wconf 84' lang='lat' dir='ltr'><strong>nomen,</strong></span> <span class='ocrx_word' id='word_1_92' title='bbox 1610 1443 1913 1511; x_wconf 67' lang='lat' dir='ltr'><strong>adspiratur</strong></span> <span class='ocrx_word' id='word_1_93' title='bbox 1948 1442 2137 1494; x_wconf 87' lang='lat' dir='ltr'><strong>literae</strong></span> <span class='ocrx_word' id='word_1_94' title='bbox 2177 1455 2228 1504; x_wconf 73' lang='grc' dir='ltr'><strong>ες</strong></span> <span class='ocrx_word' id='word_1_95' title='bbox 2280 1441 2406 1494; x_wconf 88' lang='lat' dir='ltr'><strong>item</strong></span> <span class='ocrx_word' id='word_1_96' title='bbox 2433 1442 2487 1494; x_wconf 91' lang='lat' dir='ltr'><strong>in</strong></span> 
     </span>
     <span class='ocr_line' id='line_1_12' title="bbox 195 1504 2487 1582; baseline -0 -16"><span class='ocrx_word' id='word_1_97' title='bbox 195 1517 406 1582; x_wconf 71' lang='lat' dir='ltr'><strong>Fragm.</strong></span> <span class='ocrx_word' id='word_1_98' title='bbox 436 1517 571 1566; x_wconf 76' lang='lat' dir='ltr'><strong>Vat.</strong></span> <span class='ocrx_word' id='word_1_99' title='bbox 618 1514 769 1579; x_wconf 78' lang='lat' dir='ltr'><strong>Wr.)</strong></span> <span class='ocrx_word' id='word_1_100' title='bbox 843 1514 1075 1565; x_wconf 82' lang='lat' dir='ltr'><strong>Nomina</strong></span> <span class='ocrx_word' id='word_1_101' title='bbox 1106 1511 1401 1580; x_wconf 82' lang='lat' dir='ltr'><strong>promiscue</strong></span> <span class='ocrx_word' id='word_1_102' title='bbox 1439 1512 1648 1582; x_wconf 80' lang='lat' dir='ltr'><strong>posuit,</strong></span> <span class='ocrx_word' id='word_1_103' title='bbox 1710 1522 1768 1562; x_wconf 86' lang='lat' dir='ltr'><strong>ut</strong></span> <span class='ocrx_word' id='word_1_104' title='bbox 1789 1521 1969 1580; x_wconf 82' lang='lat' dir='ltr'><strong>poeta.</strong></span> <span class='ocrx_word' id='word_1_105' title='bbox 2034 1516 2288 1580; x_wconf 78' lang='lat' dir='ltr'>Amycus,</span> <span class='ocrx_word' id='word_1_106' title='bbox 2321 1504 2487 1580; x_wconf 67' lang='grc' dir='ltr'><em>Ἀμυ-</em></span> 
     </span>
     <span class='ocr_line' id='line_1_13' title="bbox 194 1581 2486 1651; baseline 0 -17"><span class='ocrx_word' id='word_1_107' title='bbox 194 1601 312 1647; x_wconf 64' lang='grc' dir='ltr'><strong>ιος,</strong></span> <span class='ocrx_word' id='word_1_108' title='bbox 345 1583 416 1634; x_wconf 71' lang='lat' dir='ltr'><strong>ad</strong></span> <span class='ocrx_word' id='word_1_109' title='bbox 452 1603 520 1634; x_wconf 79' lang='lat' dir='ltr'><strong>ex</strong></span> <span class='ocrx_word' id='word_1_110' title='bbox 674 1601 762 1633; x_wconf 86' lang='lat' dir='ltr'><strong>nm</strong></span> <span class='ocrx_word' id='word_1_111' title='bbox 793 1581 937 1651; x_wconf 82' lang='lat' dir='ltr'><strong>regis</strong></span> <span class='ocrx_word' id='word_1_112' title='bbox 968 1582 1291 1651; x_wconf 79' lang='lat' dir='ltr'><strong>Bebrycnm,</strong></span> <span class='ocrx_word' id='word_1_113' title='bbox 1327 1582 1393 1632; x_wconf 90' lang='lat' dir='ltr'><strong>de</strong></span> <span class='ocrx_word' id='word_1_114' title='bbox 1418 1601 1523 1650; x_wconf 86' lang='lat' dir='ltr'><strong>quo</strong></span> <span class='ocrx_word' id='word_1_115' title='bbox 1555 1581 1806 1651; x_wconf 77' lang='lat' dir='ltr'><strong>Apollon.</strong></span> <span class='ocrx_word' id='word_1_116' title='bbox 1833 1582 1896 1633; x_wconf 80' lang='lat'><strong>11.</strong></span> <span class='ocrx_word' id='word_1_117' title='bbox 1930 1598 2011 1649; x_wconf 89' lang='lat' dir='ltr'><strong>pr.</strong></span> <span class='ocrx_word' id='word_1_118' title='bbox 2053 1593 2106 1633; x_wconf 90' lang='lat' dir='ltr'><strong>et</strong></span> <span class='ocrx_word' id='word_1_119' title='bbox 2140 1581 2234 1633; x_wconf 75' lang='lat' dir='ltr'><strong>inf.</strong></span> <span class='ocrx_word' id='word_1_120' title='bbox 2259 1585 2331 1647; x_wconf 84' lang='lat' dir='ltr'><strong>V,</strong></span> <span class='ocrx_word' id='word_1_121' title='bbox 2363 1583 2486 1638; x_wconf 80' lang='lat'><strong>373.</strong></span> 
     </span>
     <span class='ocr_line' id='line_1_14' title="bbox 198 1649 2487 1721; baseline 0 -17"><span class='ocrx_word' id='word_1_122' title='bbox 198 1655 435 1704; x_wconf 65' lang='lat' dir='ltr'><strong>diversas</strong></span> <span class='ocrx_word' id='word_1_123' title='bbox 461 1665 548 1704; x_wconf 79' lang='lat' dir='ltr'><strong>est</strong></span> <span class='ocrx_word' id='word_1_124' title='bbox 580 1672 614 1704; x_wconf 84' lang='lat' dir='ltr'><strong>a</strong></span> <span class='ocrx_word' id='word_1_125' title='bbox 685 1652 796 1703; x_wconf 86' lang='lat' dir='ltr'><strong>illis</strong></span> <span class='ocrx_word' id='word_1_126' title='bbox 828 1652 918 1721; x_wconf 85' lang='lat' dir='ltr'><strong>qui</strong></span> <span class='ocrx_word' id='word_1_127' title='bbox 944 1651 1039 1703; x_wconf 78' lang='lat' dir='ltr'><strong>inf.</strong></span> <span class='ocrx_word' id='word_1_128' title='bbox 1075 1652 1152 1714; x_wconf 77' lang='lat' dir='ltr'><strong>X,</strong></span> <span class='ocrx_word' id='word_1_129' title='bbox 1186 1649 1310 1706; x_wconf 75' lang='lat'><strong>704.</strong></span> <span class='ocrx_word' id='word_1_130' title='bbox 1345 1653 1441 1716; x_wconf 81' lang='lat' dir='ltr'><strong>lx,</strong></span> <span class='ocrx_word' id='word_1_131' title='bbox 1466 1653 1589 1707; x_wconf 76' lang='lat'><strong>772.</strong></span> <span class='ocrx_word' id='word_1_132' title='bbox 1625 1653 1746 1716; x_wconf 87' lang='lat' dir='ltr'><strong>XII,</strong></span> <span class='ocrx_word' id='word_1_133' title='bbox 1779 1650 1900 1706; x_wconf 83' lang='lat'><strong>509.</strong></span> <span class='ocrx_word' id='word_1_134' title='bbox 1939 1651 2126 1703; x_wconf 88' lang='lat' dir='ltr'><strong>eodem</strong></span> <span class='ocrx_word' id='word_1_135' title='bbox 2152 1651 2360 1702; x_wconf 87' lang='lat' dir='ltr'><strong>nomine</strong></span> <span class='ocrx_word' id='word_1_136' title='bbox 2389 1670 2487 1704; x_wconf 89' lang='lat' dir='ltr'><strong>oc-</strong></span> 
     </span>
     <span class='ocr_line' id='line_1_15' title="bbox 201 1720 2490 1788; baseline -0 -15"><span class='ocrx_word' id='word_1_137' title='bbox 201 1733 430 1774; x_wconf 76' lang='lat' dir='ltr'><strong>currunt.</strong></span> <span class='ocrx_word' id='word_1_138' title='bbox 504 1726 704 1788; x_wconf 68' lang='lat' dir='ltr'><strong>Lycus</strong></span> <span class='ocrx_word' id='word_1_139' title='bbox 743 1721 891 1772; x_wconf 86' lang='lat' dir='ltr'><strong>inter</strong></span> <span class='ocrx_word' id='word_1_140' title='bbox 933 1720 1202 1773; x_wconf 84' lang='lat' dir='ltr'><strong>Troianos</strong></span> <span class='ocrx_word' id='word_1_141' title='bbox 1244 1720 1429 1771; x_wconf 84' lang='lat' dir='ltr'><strong>iterum</strong></span> <span class='ocrx_word' id='word_1_142' title='bbox 1469 1723 1578 1786; x_wconf 81' lang='lat' dir='ltr'><strong>1X,</strong></span> <span class='ocrx_word' id='word_1_143' title='bbox 1626 1721 1729 1775; x_wconf 83' lang='lat'><strong>545</strong></span> <span class='ocrx_word' id='word_1_144' title='bbox 1773 1739 1815 1772; x_wconf 86' lang='lat' dir='ltr'><strong>s.</strong></span> <span class='ocrx_word' id='word_1_145' title='bbox 1889 1722 2046 1788; x_wconf 75' lang='lat' dir='ltr'><strong>Gyas</strong></span> <span class='ocrx_word' id='word_1_146' title='bbox 2089 1729 2143 1771; x_wconf 95' lang='lat' dir='ltr'><strong>et</strong></span> <span class='ocrx_word' id='word_1_147' title='bbox 2190 1722 2490 1774; x_wconf 72' lang='lat' dir='ltr'><em>Cloanthus</em></span> 
     </span>
     <span class='ocr_line' id='line_1_16' title="bbox 199 1789 2486 1860; baseline -0 -18"><span class='ocrx_word' id='word_1_148' title='bbox 199 1793 252 1842; x_wconf 77' lang='grc' dir='ltr'><strong>ὶι</strong></span> <span class='ocrx_word' id='word_1_149' title='bbox 283 1793 422 1842; x_wconf 79' lang='lat' dir='ltr'><strong>ludis</strong></span> <span class='ocrx_word' id='word_1_150' title='bbox 447 1792 506 1842; x_wconf 91' lang='lat' dir='ltr'><strong>in</strong></span> <span class='ocrx_word' id='word_1_151' title='bbox 537 1791 726 1843; x_wconf 75' lang='lat' dir='ltr'><strong>sicilia</strong></span> <span class='ocrx_word' id='word_1_152' title='bbox 759 1790 920 1841; x_wconf 87' lang='lat' dir='ltr'><strong>editis</strong></span> <span class='ocrx_word' id='word_1_153' title='bbox 946 1790 1045 1841; x_wconf 89' lang='lat' dir='ltr'><strong>lib.</strong></span> <span class='ocrx_word' id='word_1_154' title='bbox 1075 1793 1146 1852; x_wconf 84' lang='lat' dir='ltr'><strong>V,</strong></span> <span class='ocrx_word' id='word_1_155' title='bbox 1185 1789 1284 1843; x_wconf 87' lang='lat'><strong>118</strong></span> <span class='ocrx_word' id='word_1_156' title='bbox 1306 1808 1419 1860; x_wconf 85' lang='lat' dir='ltr'><strong>sqq.</strong></span> <span class='ocrx_word' id='word_1_157' title='bbox 1488 1790 1696 1841; x_wconf 81' lang='lat' dir='ltr'><strong>Diversi</strong></span> <span class='ocrx_word' id='word_1_158' title='bbox 1737 1799 1855 1840; x_wconf 88' lang='lat' dir='ltr'><strong>sunt</strong></span> <span class='ocrx_word' id='word_1_159' title='bbox 1896 1791 2038 1858; x_wconf 83' lang='lat' dir='ltr'><strong>Gyas</strong></span> <span class='ocrx_word' id='word_1_160' title='bbox 2077 1789 2217 1840; x_wconf 88' lang='lat' dir='ltr'><strong>inter</strong></span> <span class='ocrx_word' id='word_1_161' title='bbox 2240 1792 2486 1842; x_wconf 86' lang='lat' dir='ltr'><strong>Etruscos</strong></span> 
     </span>
     <span class='ocr_line' id='line_1_17' title="bbox 199 1857 2487 1925; baseline -0.002 -10"><span class='ocrx_word' id='word_1_162' title='bbox 199 1863 276 1924; x_wconf 70' lang='lat' dir='ltr'><strong>X,</strong></span> <span class='ocrx_word' id='word_1_163' title='bbox 326 1862 450 1922; x_wconf 80' lang='lat'><strong>318,</strong></span> <span class='ocrx_word' id='word_1_164' title='bbox 490 1873 546 1912; x_wconf 84' lang='lat' dir='ltr'><strong>et</strong></span> <span class='ocrx_word' id='word_1_165' title='bbox 581 1863 732 1912; x_wconf 81' lang='lat' dir='ltr'><strong>forte</strong></span> <span class='ocrx_word' id='word_1_166' title='bbox 773 1860 908 1911; x_wconf 85' lang='lat' dir='ltr'><strong>alins</strong></span> <span class='ocrx_word' id='word_1_167' title='bbox 953 1861 1078 1923; x_wconf 80' lang='grc' dir='ltr'><strong>ΧΠ,</strong></span> <span class='ocrx_word' id='word_1_168' title='bbox 1121 1858 1245 1912; x_wconf 78' lang='lat'><strong>460.</strong></span> <span class='ocrx_word' id='word_1_169' title='bbox 1408 1861 1516 1914; x_wconf 79' lang='lat'><strong>223</strong></span> <span class='ocrx_word' id='word_1_170' title='bbox 1550 1860 1681 1912; x_wconf 84' lang='lat' dir='ltr'><strong>Noli</strong></span> <span class='ocrx_word' id='word_1_171' title='bbox 1722 1857 1774 1908; x_wconf 92' lang='lat' dir='ltr'><strong>in</strong></span> <span class='ocrx_word' id='word_1_172' title='bbox 1818 1858 2078 1925; x_wconf 80' lang='lat' dir='ltr'><strong>vulgarius</strong></span> <span class='ocrx_word' id='word_1_173' title='bbox 2118 1857 2382 1925; x_wconf 84' lang='lat' dir='ltr'><strong>incidere,</strong></span> <span class='ocrx_word' id='word_1_174' title='bbox 2429 1870 2487 1911; x_wconf 90' lang='lat' dir='ltr'><strong>ut</strong></span> 
     </span>
     <span class='ocr_line' id='line_1_18' title="bbox 205 1926 2484 2000; baseline 0 -21"><span class='ocrx_word' id='word_1_175' title='bbox 205 1932 480 1982; x_wconf 67' lang='lat' dir='ltr'><strong>emendes:</strong></span> <span class='ocrx_word' id='word_1_176' title='bbox 520 1936 596 1982; x_wconf 77' lang='lat' dir='ltr'><strong>Be</strong></span> <span class='ocrx_word' id='word_1_177' title='bbox 626 1932 740 1981; x_wconf 80' lang='lat' dir='ltr'><strong>iam</strong></span> <span class='ocrx_word' id='word_1_178' title='bbox 758 1930 1018 1997; x_wconf 75' lang='lat' dir='ltr'><strong>finierat.</strong></span> <span class='ocrx_word' id='word_1_179' title='bbox 1055 1957 1123 1967; x_wconf 93' lang='lat'>—</span> <span class='ocrx_word' id='word_1_180' title='bbox 1171 1927 1413 1996; x_wconf 83' lang='lat' dir='ltr'><strong>Sequitur</strong></span> <span class='ocrx_word' id='word_1_181' title='bbox 1450 1932 1730 2000; x_wconf 77' lang='lat' dir='ltr'><strong>Iuppiter:</strong></span> <span class='ocrx_word' id='word_1_182' title='bbox 1794 1927 1847 1977; x_wconf 86' lang='lat' dir='ltr'><strong>in</strong></span> <span class='ocrx_word' id='word_1_183' title='bbox 1884 1927 1967 1979; x_wconf 88' lang='lat' dir='ltr'><strong>his</strong></span> <span class='ocrx_word' id='word_1_184' title='bbox 1992 1948 2055 1980; x_wconf 86' lang='lat' dir='ltr'><strong>ac</strong></span> <span class='ocrx_word' id='word_1_185' title='bbox 2091 1926 2346 1980; x_wconf 70' lang='lat' dir='ltr'><strong>similibus</strong></span> <span class='ocrx_word' id='word_1_186' title='bbox 2380 1946 2484 1980; x_wconf 87' lang='lat' dir='ltr'><strong>no-</strong></span> 
     </span>
     <span class='ocr_line' id='line_1_19' title="bbox 204 1996 2484 2068; baseline 0 -18"><span class='ocrx_word' id='word_1_187' title='bbox 204 2017 326 2050; x_wconf 71' lang='lat' dir='ltr'><strong>vare</strong></span> <span class='ocrx_word' id='word_1_188' title='bbox 352 2000 556 2068; x_wconf 74' lang='lat' dir='ltr'><strong>aliquid</strong></span> <span class='ocrx_word' id='word_1_189' title='bbox 582 1998 765 2050; x_wconf 87' lang='lat' dir='ltr'><strong>nolui:</strong></span> <span class='ocrx_word' id='word_1_190' title='bbox 820 1998 879 2050; x_wconf 87' lang='lat' dir='ltr'><strong>si</strong></span> <span class='ocrx_word' id='word_1_191' title='bbox 910 1998 1012 2049; x_wconf 89' lang='lat' dir='ltr'><strong>mei</strong></span> <span class='ocrx_word' id='word_1_192' title='bbox 1043 1996 1250 2049; x_wconf 80' lang='lat' dir='ltr'><strong>arbitrii</strong></span> <span class='ocrx_word' id='word_1_193' title='bbox 1290 2015 1375 2047; x_wconf 89' lang='lat' dir='ltr'><strong>res</strong></span> <span class='ocrx_word' id='word_1_194' title='bbox 1419 2008 1586 2061; x_wconf 77' lang='lat' dir='ltr'><strong>esset,</strong></span> <span class='ocrx_word' id='word_1_195' title='bbox 1634 1997 1918 2049; x_wconf 75' lang='lat' dir='ltr'><strong>scriberem</strong></span> <span class='ocrx_word' id='word_1_196' title='bbox 1961 1999 2204 2067; x_wconf 77' lang='lat' dir='ltr'><strong>Iupiter,</strong></span> <span class='ocrx_word' id='word_1_197' title='bbox 2254 2016 2315 2049; x_wconf 87' lang='lat' dir='ltr'><strong>ex</strong></span> <span class='ocrx_word' id='word_1_198' title='bbox 2342 1999 2484 2051; x_wconf 86' lang='lat' dir='ltr'><strong>anti-</strong></span> 
     </span>
     <span class='ocr_line' id='line_1_20' title="bbox 209 2066 2485 2137; baseline 0 -17"><span class='ocrx_word' id='word_1_199' title='bbox 209 2070 391 2137; x_wconf 79' lang='lat' dir='ltr'><strong>quiore</strong></span> <span class='ocrx_word' id='word_1_200' title='bbox 435 2089 500 2120; x_wconf 83' lang='lat' dir='ltr'><strong>ae</strong></span> <span class='ocrx_word' id='word_1_201' title='bbox 543 2069 766 2120; x_wconf 80' lang='lat' dir='ltr'><strong>veriore</strong></span> <span class='ocrx_word' id='word_1_202' title='bbox 794 2066 1037 2130; x_wconf 84' lang='lat' dir='ltr'><strong>ratione,</strong></span> <span class='ocrx_word' id='word_1_203' title='bbox 1092 2085 1243 2136; x_wconf 80' lang='lat' dir='ltr'><strong>quam</strong></span> <span class='ocrx_word' id='word_1_204' title='bbox 1279 2066 1333 2117; x_wconf 91' lang='lat' dir='ltr'><strong>in</strong></span> <span class='ocrx_word' id='word_1_205' title='bbox 1357 2066 1589 2136; x_wconf 81' lang='lat' dir='ltr'><strong>Virgilio</strong></span> <span class='ocrx_word' id='word_1_206' title='bbox 1630 2066 1944 2118; x_wconf 85' lang='lat' dir='ltr'><strong>redhibitam</strong></span> <span class='ocrx_word' id='word_1_207' title='bbox 1985 2085 2100 2118; x_wconf 87' lang='lat' dir='ltr'><strong>esse</strong></span> <span class='ocrx_word' id='word_1_208' title='bbox 2130 2068 2389 2120; x_wconf 81' lang='lat' dir='ltr'><strong>volumus:</strong></span> <span class='ocrx_word' id='word_1_209' title='bbox 2426 2080 2485 2120; x_wconf 88' lang='lat' dir='ltr'><strong>ut</strong></span> 
     </span>
     <span class='ocr_line' id='line_1_21' title="bbox 207 2134 2483 2206; baseline 0.001 -17"><span class='ocrx_word' id='word_1_210' title='bbox 207 2140 379 2189; x_wconf 79' lang='lat' dir='ltr'><strong>statim</strong></span> <span class='ocrx_word' id='word_1_211' title='bbox 401 2141 510 2193; x_wconf 53' lang='lat'><strong>2&amp;</strong></span> <span class='ocrx_word' id='word_1_212' title='bbox 537 2139 739 2191; x_wconf 75' lang='lat' dir='ltr'><strong>litora.</strong></span> <span class='ocrx_word' id='word_1_213' title='bbox 843 2136 1064 2189; x_wconf 81' lang='lat' dir='ltr'><strong>Scilicet</strong></span> <span class='ocrx_word' id='word_1_214' title='bbox 1096 2136 1298 2205; x_wconf 81' lang='lat' dir='ltr'><strong>antiqui</strong></span> <span class='ocrx_word' id='word_1_215' title='bbox 1334 2136 1541 2188; x_wconf 86' lang='lat' dir='ltr'><strong>litteras</strong></span> <span class='ocrx_word' id='word_1_216' title='bbox 1584 2137 1641 2187; x_wconf 90' lang='lat' dir='ltr'><strong>in</strong></span> <span class='ocrx_word' id='word_1_217' title='bbox 1675 2137 1758 2187; x_wconf 88' lang='lat' dir='ltr'><strong>his</strong></span> <span class='ocrx_word' id='word_1_218' title='bbox 1798 2134 2133 2204; x_wconf 77' lang='lat' dir='ltr'><strong>geminabant</strong></span> <span class='ocrx_word' id='word_1_219' title='bbox 2169 2137 2483 2206; x_wconf 87' lang='lat' dir='ltr'><strong>pronuntia-</strong></span> 
     </span>
    </p>
   </div>
   <div class='ocr_carea' id='block_1_5' title="bbox 206 2204 2482 2344">
    <p class='ocr_par' dir='ltr' id='par_1_5' title="bbox 206 2204 2482 2344">
     <span class='ocr_line' id='line_1_22' title="bbox 206 2204 2482 2277; baseline 0.001 -19"><span class='ocrx_word' id='word_1_220' title='bbox 206 2219 363 2272; x_wconf 72' lang='lat' dir='ltr'><strong>none,</strong></span> <span class='ocrx_word' id='word_1_221' title='bbox 398 2227 509 2259; x_wconf 80' lang='lat' dir='ltr'><strong>non</strong></span> <span class='ocrx_word' id='word_1_222' title='bbox 543 2210 846 2277; x_wconf 58' lang='grc' dir='ltr'><strong>εει-ἐρωτᾶς</strong></span> <span class='ocrx_word' id='word_1_223' title='bbox 894 2204 1226 2257; x_wconf 79' lang='lat' dir='ltr'><strong>recentiores</strong></span> <span class='ocrx_word' id='word_1_224' title='bbox 1268 2206 1422 2257; x_wconf 87' lang='lat' dir='ltr'><strong>etiam</strong></span> <span class='ocrx_word' id='word_1_225' title='bbox 1468 2206 1756 2274; x_wconf 77' lang='lat' dir='ltr'><strong>scriptura:</strong></span> <span class='ocrx_word' id='word_1_226' title='bbox 1806 2215 1953 2256; x_wconf 88' lang='lat' dir='ltr'><strong>recte</strong></span> <span class='ocrx_word' id='word_1_227' title='bbox 1981 2216 2037 2257; x_wconf 90' lang='lat' dir='ltr'><strong>et</strong></span> <span class='ocrx_word' id='word_1_228' title='bbox 2065 2206 2198 2258; x_wconf 86' lang='lat' dir='ltr'><strong>hoc:</strong></span> <span class='ocrx_word' id='word_1_229' title='bbox 2247 2208 2344 2259; x_wconf 85' lang='lat' dir='ltr'><strong>sed</strong></span> <span class='ocrx_word' id='word_1_230' title='bbox 2374 2217 2482 2260; x_wconf 87' lang='lat' dir='ltr'><strong>tum</strong></span> 
     </span>
     <span class='ocr_line' id='line_1_23' title="bbox 207 2275 2481 2344; baseline 0.001 -17"><span class='ocrx_word' id='word_1_231' title='bbox 207 2279 481 2329; x_wconf 76' lang='lat' dir='ltr'><strong>tenendum</strong></span> <span class='ocrx_word' id='word_1_232' title='bbox 522 2288 616 2328; x_wconf 76' lang='lat' dir='ltr'><strong>est</strong></span> <span class='ocrx_word' id='word_1_233' title='bbox 661 2277 978 2328; x_wconf 84' lang='lat' dir='ltr'><strong>alterutrum</strong></span> <span class='ocrx_word' id='word_1_234' title='bbox 1022 2284 1325 2327; x_wconf 84' lang='lat' dir='ltr'><strong>constanter</strong></span> <span class='ocrx_word' id='word_1_235' title='bbox 1367 2286 1420 2327; x_wconf 84' lang='lat' dir='ltr'><strong>et</strong></span> <span class='ocrx_word' id='word_1_236' title='bbox 1458 2275 1515 2327; x_wconf 90' lang='lat' dir='ltr'><strong>in</strong></span> <span class='ocrx_word' id='word_1_237' title='bbox 1564 2275 1834 2338; x_wconf 83' lang='lat' dir='ltr'><strong>omnibns,</strong></span> <span class='ocrx_word' id='word_1_238' title='bbox 1887 2275 2075 2344; x_wconf 86' lang='lat' dir='ltr'><strong>quibus</strong></span> <span class='ocrx_word' id='word_1_239' title='bbox 2116 2277 2296 2328; x_wconf 75' lang='lat' dir='ltr'><strong>eadem</strong></span> <span class='ocrx_word' id='word_1_240' title='bbox 2342 2277 2481 2329; x_wconf 79' lang='lat' dir='ltr'><strong>ratio</strong></span> 
     </span>
    </p>
   </div>
   <div class='ocr_carea' id='block_1_6' title="bbox 210 2348 504 2486">
    <p class='ocr_par' dir='ltr' id='par_1_6' title="bbox 210 2348 504 2486">
     <span class='ocr_line' id='line_1_24' title="bbox 210 2348 397 2399; baseline 0.011 -2"><span class='ocrx_word' id='word_1_241' title='bbox 210 2348 397 2399; x_wconf 70' lang='lat' dir='ltr'><strong>subest.</strong></span> 
     </span>
     <span class='ocr_line' id='line_1_25' title="bbox 211 2418 504 2486; baseline 0.01 -20"><span class='ocrx_word' id='word_1_242' title='bbox 211 2427 305 2468; x_wconf 80' lang='lat' dir='ltr'><strong>ter.</strong></span> <span class='ocrx_word' id='word_1_243' title='bbox 351 2418 504 2486; x_wconf 78' lang='lat' dir='ltr'><strong>Wr.)</strong></span> 
     </span>
    </p>
   </div>
   <div class='ocr_carea' id='block_1_7' title="bbox 192 2609 1309 4505">
    <p class='ocr_par' dir='ltr' id='par_1_7' title="bbox 202 2609 1309 3274">
     <span class='ocr_line' id='line_1_26' title="bbox 203 2609 410 2670; baseline 0.005 -1"><span class='ocrx_word' id='word_1_244' title='bbox 203 2609 322 2669; x_wconf 72' lang='lat' dir='ltr'><strong>vid.</strong></span> <span class='ocrx_word' id='word_1_245' title='bbox 343 2610 410 2670; x_wconf 88' lang='lat' dir='ltr'><strong>in</strong></span> 
     </span>
     <span class='ocr_line' id='line_1_27' title="bbox 218 2692 1306 2771; baseline -0.004 -16"><span class='ocrx_word' id='word_1_246' title='bbox 218 2693 273 2771; x_wconf 83' lang='lat' dir='ltr'><strong>ll,</strong></span> <span class='ocrx_word' id='word_1_247' title='bbox 313 2700 374 2771; x_wconf 81' lang='lat'><strong>3,</strong></span> <span class='ocrx_word' id='word_1_248' title='bbox 417 2698 525 2762; x_wconf 84' lang='lat'><strong>56.</strong></span> <span class='ocrx_word' id='word_1_249' title='bbox 618 2692 933 2754; x_wconf 77' lang='lat' dir='ltr'><strong>Posterior</strong></span> <span class='ocrx_word' id='word_1_250' title='bbox 955 2692 1062 2752; x_wconf 81' lang='lat' dir='ltr'><strong>hic</strong></span> <span class='ocrx_word' id='word_1_251' title='bbox 1082 2693 1306 2752; x_wconf 81' lang='lat' dir='ltr'><strong>intelli-</strong></span> 
     </span>
     <span class='ocr_line' id='line_1_28' title="bbox 216 2779 1309 2858; baseline -0.002 -19"><span class='ocrx_word' id='word_1_252' title='bbox 216 2781 443 2858; x_wconf 76' lang='lat' dir='ltr'><strong>gendus.</strong></span> <span class='ocrx_word' id='word_1_253' title='bbox 503 2781 701 2852; x_wconf 79' lang='lat' dir='ltr'><strong>,Nam</strong></span> <span class='ocrx_word' id='word_1_254' title='bbox 744 2779 1034 2853; x_wconf 73' lang='lat' dir='ltr'><strong>Manes,</strong></span> <span class='ocrx_word' id='word_1_255' title='bbox 1078 2780 1182 2857; x_wconf 87' lang='lat' dir='ltr'><strong>qui</strong></span> <span class='ocrx_word' id='word_1_256' title='bbox 1206 2779 1309 2837; x_wconf 87' lang='lat' dir='ltr'><strong>in-</strong></span> 
     </span>
     <span class='ocr_line' id='line_1_29' title="bbox 217 2864 1307 2943; baseline 0 -19"><span class='ocrx_word' id='word_1_257' title='bbox 217 2868 619 2943; x_wconf 71' lang='lat' dir='ltr'><strong>voe-bantur,</strong></span> <span class='ocrx_word' id='word_1_258' title='bbox 699 2864 1127 2923; x_wconf 80' lang='lat' dir='ltr'><strong>audientes</strong></span> <span class='ocrx_word' id='word_1_259' title='bbox 1184 2864 1307 2924; x_wconf 86' lang='lat' dir='ltr'><strong>fin·-</strong></span> 
     </span>
     <span class='ocr_line' id='line_1_30' title="bbox 215 2950 1307 3029; baseline -0.001 -18"><span class='ocrx_word' id='word_1_260' title='bbox 215 2952 509 3029; x_wconf 66' lang='lat' dir='ltr'><strong>gebatur.</strong></span> <span class='ocrx_word' id='word_1_261' title='bbox 595 2952 802 3013; x_wconf 75' lang='lat' dir='ltr'><strong>chlz.</strong></span> <span class='ocrx_word' id='word_1_262' title='bbox 873 2950 999 3009; x_wconf 82' lang='lat' dir='ltr'><strong>vid.</strong></span> <span class='ocrx_word' id='word_1_263' title='bbox 1041 2951 1307 3010; x_wconf 84' lang='lat' dir='ltr'><strong>Gronov.</strong></span> 
     </span>
     <span class='ocr_line' id='line_1_31' title="bbox 214 3036 1309 3119; baseline -0.003 -22"><span class='ocrx_word' id='word_1_264' title='bbox 214 3037 395 3097; x_wconf 72' lang='lat' dir='ltr'><strong>Diatr.</strong></span> <span class='ocrx_word' id='word_1_265' title='bbox 418 3060 474 3119; x_wconf 87' lang='lat' dir='ltr'><strong>p.</strong></span> <span class='ocrx_word' id='word_1_266' title='bbox 509 3042 671 3103; x_wconf 79' lang='grc'><strong>817.</strong></span> <span class='ocrx_word' id='word_1_267' title='bbox 716 3069 805 3083; x_wconf 95' lang='grc'>-</span> <span class='ocrx_word' id='word_1_268' title='bbox 845 3036 933 3094; x_wconf 85' lang='lat' dir='ltr'><strong>De</strong></span> <span class='ocrx_word' id='word_1_269' title='bbox 966 3037 1309 3095; x_wconf 80' lang='lat' dir='ltr'><strong>conforma-</strong></span> 
     </span>
     <span class='ocr_line' id='line_1_32' title="bbox 211 3121 1308 3199; baseline -0.001 -15"><span class='ocrx_word' id='word_1_270' title='bbox 211 3125 368 3184; x_wconf 81' lang='lat' dir='ltr'><strong>tione</strong></span> <span class='ocrx_word' id='word_1_271' title='bbox 381 3124 686 3184; x_wconf 72' lang='lat' dir='ltr'><strong>untionis</strong></span> <span class='ocrx_word' id='word_1_272' title='bbox 703 3122 829 3183; x_wconf 78' lang='lat' dir='ltr'><strong>vid.</strong></span> <span class='ocrx_word' id='word_1_273' title='bbox 847 3122 924 3197; x_wconf 78' lang='lat' dir='ltr'><strong>Q.</strong></span> <span class='ocrx_word' id='word_1_274' title='bbox 937 3122 1010 3182; x_wconf 88' lang='lat' dir='ltr'><strong>V.</strong></span> <span class='ocrx_word' id='word_1_275' title='bbox 1024 3121 1308 3199; x_wconf 82' lang='lat' dir='ltr'>XXXVI,</span> 
     </span>
     <span class='ocr_line' id='line_1_33' title="bbox 202 3214 451 3274; baseline -0.024 1"><span class='ocrx_word' id='word_1_276' title='bbox 202 3214 259 3274; x_wconf 74' lang='lat'><strong>6·</strong></span> <span class='ocrx_word' id='word_1_277' title='bbox 309 3214 403 3272; x_wconf 82' lang='lat' dir='ltr'><em>W</em></span> <span class='ocrx_word' id='word_1_278' title='bbox 399 3234 451 3270; x_wconf 84' lang='lat' dir='ltr'><strong>r.</strong></span> 
     </span>
    </p>

    <p class='ocr_par' dir='ltr' id='par_1_8' title="bbox 192 3210 1308 4505">
     <span class='ocr_line' id='line_1_34' title="bbox 281 3210 1307 3368; baseline -0.01 -7"><span class='ocrx_word' id='word_1_279' title='bbox 281 3302 426 3362; x_wconf 76' lang='lat'><strong>223.</strong></span> <span class='ocrx_word' id='word_1_280' title='bbox 455 3210 546 3357; x_wconf 61' lang='lat'><strong>35³:</strong></span> <span class='ocrx_word' id='word_1_281' title='bbox 575 3293 884 3368; x_wconf 69' lang='lat' dir='ltr'><strong>iamfim‘s</strong></span> <span class='ocrx_word' id='word_1_282' title='bbox 907 3304 1035 3351; x_wconf 75' lang='lat' dir='ltr'><strong>erat</strong></span> <span class='ocrx_word' id='word_1_283' title='bbox 1059 3313 1139 3352; x_wconf 85' lang='lat' dir='ltr'><strong>sc.</strong></span> <span class='ocrx_word' id='word_1_284' title='bbox 1164 3294 1307 3352; x_wconf 92' lang='lat' dir='ltr'><strong>lon-</strong></span> 
     </span>
     <span class='ocr_line' id='line_1_35' title="bbox 192 3378 1307 3463; baseline -0.006 -19"><span class='ocrx_word' id='word_1_285' title='bbox 192 3385 247 3463; x_wconf 79' lang='lat' dir='ltr'><strong>gi</strong></span> <span class='ocrx_word' id='word_1_286' title='bbox 285 3382 622 3457; x_wconf 73' lang='lat' dir='ltr'><strong>sermonis,</strong></span> <span class='ocrx_word' id='word_1_287' title='bbox 702 3378 766 3439; x_wconf 88' lang='lat' dir='ltr'><strong>h.</strong></span> <span class='ocrx_word' id='word_1_288' title='bbox 813 3398 863 3439; x_wconf 88' lang='lat' dir='ltr'><strong>e.</strong></span> <span class='ocrx_word' id='word_1_289' title='bbox 907 3379 1307 3458; x_wconf 78' lang='lat' dir='ltr'><strong>querelarum,</strong></span> 
     </span>
     <span class='ocr_line' id='line_1_36' title="bbox 195 3465 1307 3543; baseline -0.003 -17"><span class='ocrx_word' id='word_1_290' title='bbox 195 3480 299 3529; x_wconf 82' lang='lat' dir='ltr'><strong>aut</strong></span> <span class='ocrx_word' id='word_1_291' title='bbox 325 3469 605 3543; x_wconf 84' lang='lat' dir='ltr'><strong>omnino,</strong></span> <span class='ocrx_word' id='word_1_292' title='bbox 627 3485 854 3525; x_wconf 81' lang='lat' dir='ltr'><strong>coenae</strong></span> <span class='ocrx_word' id='word_1_293' title='bbox 866 3465 1081 3524; x_wconf 83' lang='lat' dir='ltr'><strong>factae.</strong></span> <span class='ocrx_word' id='word_1_294' title='bbox 1120 3466 1307 3525; x_wconf 89' lang='lat' dir='ltr'><strong>Pom-</strong></span> 
     </span>
     <span class='ocr_line' id='line_1_37' title="bbox 199 3551 1306 3635; baseline -0.006 -20"><span class='ocrx_word' id='word_1_295' title='bbox 199 3576 333 3635; x_wconf 78' lang='lat' dir='ltr'><strong>pon.</strong></span> <span class='ocrx_word' id='word_1_296' title='bbox 378 3555 652 3614; x_wconf 74' lang='lat' dir='ltr'><strong>Sabinus</strong></span> <span class='ocrx_word' id='word_1_297' title='bbox 687 3551 896 3629; x_wconf 81' lang='lat' dir='ltr'><strong>finem</strong></span> <span class='ocrx_word' id='word_1_298' title='bbox 936 3553 1061 3609; x_wconf 76' lang='lat' dir='ltr'><strong>diei</strong></span> <span class='ocrx_word' id='word_1_299' title='bbox 1111 3551 1306 3609; x_wconf 87' lang='lat' dir='ltr'><strong>inter-</strong></span> 
     </span>
     <span class='ocr_line' id='line_1_38' title="bbox 203 3636 1307 3719; baseline -0.005 -19"><span class='ocrx_word' id='word_1_300' title='bbox 203 3650 493 3719; x_wconf 73' lang='lat' dir='ltr'><strong>pretatur.</strong></span> <span class='ocrx_word' id='word_1_301' title='bbox 571 3658 721 3699; x_wconf 83' lang='lat' dir='ltr'><strong>nam</strong></span> <span class='ocrx_word' id='word_1_302' title='bbox 768 3657 917 3695; x_wconf 86' lang='lat' dir='ltr'><strong>mox</strong></span> <span class='ocrx_word' id='word_1_303' title='bbox 975 3636 1307 3697; x_wconf 83' lang='lat' dir='ltr'><strong>dormitum</strong></span> 
     </span>
     <span class='ocr_line' id='line_1_39' title="bbox 212 3722 1306 3801; baseline -0.003 -17"><span class='ocrx_word' id='word_1_304' title='bbox 212 3727 575 3801; x_wconf 81' lang='lat' dir='ltr'><strong>conoedunt,</strong></span> <span class='ocrx_word' id='word_1_305' title='bbox 640 3744 705 3785; x_wconf 78' lang='lat' dir='ltr'><strong>v.</strong></span> <span class='ocrx_word' id='word_1_306' title='bbox 751 3723 862 3782; x_wconf 84' lang='lat' dir='ltr'><strong>ins.</strong></span> <span class='ocrx_word' id='word_1_307' title='bbox 907 3722 1053 3787; x_wconf 82' lang='lat'><strong>305.</strong></span> <span class='ocrx_word' id='word_1_308' title='bbox 1138 3722 1306 3796; x_wconf 87' lang='lat' dir='ltr'><strong>Quin</strong></span> 
     </span>
     <span class='ocr_line' id='line_1_40' title="bbox 213 3809 1308 3889; baseline -0.005 -19"><span class='ocrx_word' id='word_1_309' title='bbox 213 3814 442 3873; x_wconf 73' lang='lat' dir='ltr'><strong>mnino</strong></span> <span class='ocrx_word' id='word_1_310' title='bbox 507 3813 601 3871; x_wconf 70' lang='lat' dir='ltr'><strong>sic</strong></span> <span class='ocrx_word' id='word_1_311' title='bbox 656 3809 896 3888; x_wconf 85' lang='lat' dir='ltr'><strong>accipe:</strong></span> <span class='ocrx_word' id='word_1_312' title='bbox 967 3810 1308 3889; x_wconf 73' lang='lat' dir='ltr'><strong>Postquam</strong></span> 
     </span>
     <span class='ocr_line' id='line_1_41' title="bbox 220 3892 1300 3973; baseline -0.004 -17"><span class='ocrx_word' id='word_1_313' title='bbox 220 3897 574 3973; x_wconf 70' lang='lat' dir='ltr'><strong>hoec-finita</strong></span> <span class='ocrx_word' id='word_1_314' title='bbox 615 3910 819 3970; x_wconf 76' lang='lat' dir='ltr'><strong>erant,</strong></span> <span class='ocrx_word' id='word_1_315' title='bbox 870 3915 925 3951; x_wconf 79' lang='lat' dir='ltr'><strong>s.</strong></span> <span class='ocrx_word' id='word_1_316' title='bbox 964 3892 1300 3971; x_wconf 67' lang='lat' dir='ltr'><strong>llis-sactis,</strong></span> 
     </span>
     <span class='ocr_line' id='line_1_42' title="bbox 223 3973 1302 4064; baseline -0.007 -19"><span class='ocrx_word' id='word_1_317' title='bbox 223 3986 424 4061; x_wconf 57' lang='lat' dir='ltr'><strong>Jupiter</strong></span> <span class='ocrx_word' id='word_1_318' title='bbox 437 3985 768 4064; x_wconf 70' lang='lat' dir='ltr'><strong>prospexit</strong></span> <span class='ocrx_word' id='word_1_319' title='bbox 797 3989 918 4038; x_wconf 78' lang='lat' dir='ltr'><strong>etc.</strong></span> <span class='ocrx_word' id='word_1_320' title='bbox 961 3973 1127 4057; x_wconf 74' lang='lat' dir='ltr'><strong>(finis</strong></span> <span class='ocrx_word' id='word_1_321' title='bbox 1154 3992 1302 4053; x_wconf 83' lang='lat' dir='ltr'><strong>erat,</strong></span> 
     </span>
     <span class='ocr_line' id='line_1_43' title="bbox 227 4063 1308 4141; baseline -0.006 -12"><span class='ocrx_word' id='word_1_322' title='bbox 227 4089 344 4128; x_wconf 71' lang='lat' dir='ltr'><strong>me</strong></span> <span class='ocrx_word' id='word_1_323' title='bbox 408 4068 819 4132; x_wconf 82' lang='lat' dir='ltr'><strong>sermonis</strong></span> <span class='ocrx_word' id='word_1_324' title='bbox 879 4063 1142 4141; x_wconf 70' lang='lat' dir='ltr'><strong>huius,</strong></span> <span class='ocrx_word' id='word_1_325' title='bbox 1216 4073 1308 4124; x_wconf 77' lang='lat' dir='ltr'><strong>est</strong></span> 
     </span>
     <span class='ocr_line' id='line_1_44' title="bbox 223 4149 1306 4229; baseline -0.008 -12"><span class='ocrx_word' id='word_1_326' title='bbox 223 4164 339 4216; x_wconf 73' lang='lat' dir='ltr'><strong>mu</strong></span> <span class='ocrx_word' id='word_1_327' title='bbox 372 4155 762 4218; x_wconf 74' lang='lat' dir='ltr'><strong>transitionis</strong></span> <span class='ocrx_word' id='word_1_328' title='bbox 817 4149 1087 4210; x_wconf 77' lang='lat' dir='ltr'><strong>formula</strong></span> <span class='ocrx_word' id='word_1_329' title='bbox 1109 4194 1125 4225; x_wconf 89' lang='lat'><strong>,</strong></span> <span class='ocrx_word' id='word_1_330' title='bbox 1186 4170 1306 4229; x_wconf 84' lang='lat' dir='ltr'><strong>qua</strong></span> 
     </span>
     <span class='ocr_line' id='line_1_45' title="bbox 215 4231 1307 4325; baseline -0.008 -19"><span class='ocrx_word' id='word_1_331' title='bbox 215 4247 470 4325; x_wconf 60' lang='lat' dir='ltr'><strong>optauit</strong></span> <span class='ocrx_word' id='word_1_332' title='bbox 515 4240 945 4305; x_wconf 74' lang='lat' dir='ltr'><strong>Homericum</strong></span> <span class='ocrx_word' id='word_1_333' title='bbox 982 4235 1163 4295; x_wconf 83' lang='lat' dir='ltr'><strong>illud:</strong></span> <span class='ocrx_word' id='word_1_334' title='bbox 1222 4231 1307 4311; x_wconf 64' lang='grc' dir='ltr'><strong>ὣς</strong></span> 
     </span>
     <span class='ocr_line' id='line_1_46' title="bbox 215 4314 1306 4413; baseline -0.008 -21"><span class='ocrx_word' id='word_1_335' title='bbox 215 4330 268 4392; x_wconf 73' lang='grc' dir='ltr'><strong>οἱ</strong></span> <span class='ocrx_word' id='word_1_336' title='bbox 303 4329 407 4413; x_wconf 73' lang='grc' dir='ltr'><strong>μὲν</strong></span> <span class='ocrx_word' id='word_1_337' title='bbox 452 4335 725 4396; x_wconf 69' lang='grc' dir='ltr'><strong>τοιαῦτα</strong></span> <span class='ocrx_word' id='word_1_338' title='bbox 781 4316 954 4405; x_wconf 66' lang='lat' dir='ltr'><strong>node</strong></span> <span class='ocrx_word' id='word_1_339' title='bbox 1007 4314 1306 4402; x_wconf 65' lang='grc' dir='ltr'><strong>ἀλλήλους</strong></span> 
     </span>
     <span class='ocr_line' id='line_1_47' title="bbox 210 4405 1302 4505; baseline -0.007 -30"><span class='ocrx_word' id='word_1_340' title='bbox 210 4410 500 4505; x_wconf 60' lang='grc' dir='ltr'><strong>α’γόρεων,</strong></span> <span class='ocrx_word' id='word_1_341' title='bbox 555 4409 759 4494; x_wconf 86' lang='lat' dir='ltr'><strong>Wr.)</strong></span> <span class='ocrx_word' id='word_1_342' title='bbox 875 4405 1128 4485; x_wconf 81' lang='lat' dir='ltr'><strong>Fateor,</strong></span> <span class='ocrx_word' id='word_1_343' title='bbox 1189 4427 1302 4467; x_wconf 89' lang='lat' dir='ltr'><strong>ne-</strong></span> 
     </span>
    </p>
   </div>
   <div class='ocr_carea' id='block_1_8' title="bbox 499 2344 2482 2419">
    <p class='ocr_par' dir='ltr' id='par_1_9' title="bbox 499 2344 2482 2419">
     <span class='ocr_line' id='line_1_48' title="bbox 499 2344 2482 2419; baseline 0.001 -21"><span class='ocrx_word' id='word_1_344' title='bbox 499 2349 805 2419; x_wconf 71' lang='lat' dir='ltr'><strong>(Iuppiter</strong></span> <span class='ocrx_word' id='word_1_345' title='bbox 873 2344 1226 2415; x_wconf 77' lang='lat' dir='ltr'><strong>antiquissimi</strong></span> <span class='ocrx_word' id='word_1_346' title='bbox 1285 2345 1476 2416; x_wconf 86' lang='lat' dir='ltr'><strong>quique</strong></span> <span class='ocrx_word' id='word_1_347' title='bbox 1531 2344 1657 2397; x_wconf 82' lang='lat' dir='ltr'><strong>libri</strong></span> <span class='ocrx_word' id='word_1_348' title='bbox 1711 2362 1837 2398; x_wconf 85' lang='lat' dir='ltr'><strong>mss.</strong></span> <span class='ocrx_word' id='word_1_349' title='bbox 1908 2344 2160 2396; x_wconf 80' lang='lat' dir='ltr'><strong>exhibent</strong></span> <span class='ocrx_word' id='word_1_350' title='bbox 2232 2359 2482 2399; x_wconf 85' lang='lat' dir='ltr'><strong>constan-</strong></span> 
     </span>
    </p>
   </div>
   <div class='ocr_carea' id='block_1_9' title="bbox 756 2604 2480 2669">
    <p class='ocr_par' dir='ltr' id='par_1_10' title="bbox 756 2604 2480 2669">
     <span class='ocr_line' id='line_1_49' title="bbox 756 2604 2480 2669; baseline 0.002 -4"><span class='ocrx_word' id='word_1_351' title='bbox 756 2606 840 2666; x_wconf 83' lang='lat' dir='ltr'><strong>ad</strong></span> <span class='ocrx_word' id='word_1_352' title='bbox 873 2607 1120 2667; x_wconf 85' lang='lat' dir='ltr'><strong>Terent.</strong></span> <span class='ocrx_word' id='word_1_353' title='bbox 1155 2604 1306 2669; x_wconf 84' lang='lat' dir='ltr'><strong>Eun.</strong></span> <span class='ocrx_word' id='word_1_354' title='bbox 1384 2627 1538 2667; x_wconf 82' lang='lat' dir='ltr'><strong>xum</strong></span> <span class='ocrx_word' id='word_1_355' title='bbox 1563 2606 1662 2667; x_wconf 84' lang='lat' dir='ltr'><strong>vel</strong></span> <span class='ocrx_word' id='word_1_356' title='bbox 1688 2607 2009 2667; x_wconf 83' lang='lat' dir='ltr'><strong>transitum</strong></span> <span class='ocrx_word' id='word_1_357' title='bbox 2051 2605 2201 2666; x_wconf 87' lang='lat' dir='ltr'><strong>mihi</strong></span> <span class='ocrx_word' id='word_1_358' title='bbox 2231 2628 2353 2669; x_wconf 89' lang='lat' dir='ltr'><strong>non</strong></span> <span class='ocrx_word' id='word_1_359' title='bbox 2382 2607 2480 2668; x_wconf 84' lang='lat' dir='ltr'><strong>vi-</strong></span> 
     </span>
    </p>
   </div>
   <div class='ocr_carea' id='block_1_10' title="bbox 1388 2692 2479 2860">
    <p class='ocr_par' dir='ltr' id='par_1_11' title="bbox 1388 2692 2479 2860">
     <span class='ocr_line' id='line_1_50' title="bbox 1388 2692 2477 2754; baseline 0.001 -2"><span class='ocrx_word' id='word_1_360' title='bbox 1388 2693 1521 2753; x_wconf 89' lang='lat' dir='ltr'><strong>deri</strong></span> <span class='ocrx_word' id='word_1_361' title='bbox 1566 2712 1692 2752; x_wconf 83' lang='lat' dir='ltr'><strong>esse</strong></span> <span class='ocrx_word' id='word_1_362' title='bbox 1736 2692 2053 2752; x_wconf 85' lang='lat' dir='ltr'><strong>felicissimi</strong></span> <span class='ocrx_word' id='word_1_363' title='bbox 2085 2693 2337 2754; x_wconf 83' lang='lat' dir='ltr'><strong>inventi.</strong></span> <span class='ocrx_word' id='word_1_364' title='bbox 2400 2695 2477 2753; x_wconf 88' lang='lat' dir='ltr'><strong>cs.</strong></span> 
     </span>
     <span class='ocr_line' id='line_1_51' title="bbox 1389 2777 2479 2860; baseline 0 -22"><span class='ocrx_word' id='word_1_365' title='bbox 1389 2779 1503 2838; x_wconf 82' lang='lat' dir='ltr'><strong>inf.</strong></span> <span class='ocrx_word' id='word_1_366' title='bbox 1550 2778 1694 2837; x_wconf 78' lang='lat' dir='ltr'><strong>Exc.</strong></span> <span class='ocrx_word' id='word_1_367' title='bbox 1736 2778 1780 2838; x_wconf 91' lang='lat'><strong>1.</strong></span> <span class='ocrx_word' id='word_1_368' title='bbox 1828 2778 1908 2837; x_wconf 79' lang='lat' dir='ltr'><strong>ad</strong></span> <span class='ocrx_word' id='word_1_369' title='bbox 1956 2778 2193 2838; x_wconf 85' lang='lat' dir='ltr'><strong>lib.1X.</strong></span> <span class='ocrx_word' id='word_1_370' title='bbox 2239 2777 2479 2860; x_wconf 75' lang='lat' dir='ltr'><strong>(Modus</strong></span> 
     </span>
    </p>
   </div>
   <div class='ocr_carea' id='block_1_11' title="bbox 1374 2863 2480 2944">
    <p class='ocr_par' dir='ltr' id='par_1_12' title="bbox 1374 2863 2480 2944">
     <span class='ocr_line' id='line_1_52' title="bbox 1374 2863 2480 2944; baseline -0.001 -21"><span class='ocrx_word' id='word_1_371' title='bbox 1374 2863 1705 2943; x_wconf 27' lang='lat' dir='ltr'><strong>,sequentia</strong></span> <span class='ocrx_word' id='word_1_372' title='bbox 1743 2881 1854 2942; x_wconf 89' lang='lat' dir='ltr'><strong>per</strong></span> <span class='ocrx_word' id='word_1_373' title='bbox 1896 2863 2255 2943; x_wconf 82' lang='lat' dir='ltr'><strong>particulam</strong></span> <span class='ocrx_word' id='word_1_374' title='bbox 2295 2882 2480 2944; x_wconf 80' lang='lat' dir='ltr'><strong>quum</strong></span> 
     </span>
    </p>
   </div>
   <div class='ocr_carea' id='block_1_12' title="bbox 1389 2948 2480 3630">
    <p class='ocr_par' dir='ltr' id='par_1_13' title="bbox 1389 2948 2480 3630">
     <span class='ocr_line' id='line_1_53' title="bbox 1394 2948 2480 3027; baseline 0.001 -19"><span class='ocrx_word' id='word_1_375' title='bbox 1394 2948 1752 3008; x_wconf 85' lang='lat' dir='ltr'><strong>annectendi</strong></span> <span class='ocrx_word' id='word_1_376' title='bbox 1791 2968 1905 3007; x_wconf 87' lang='lat' dir='ltr'><strong>nec</strong></span> <span class='ocrx_word' id='word_1_377' title='bbox 1946 2948 2308 3027; x_wconf 76' lang='lat' dir='ltr'><strong>exquisitus,</strong></span> <span class='ocrx_word' id='word_1_378' title='bbox 2369 2968 2480 3009; x_wconf 84' lang='lat' dir='ltr'><strong>nec</strong></span> 
     </span>
     <span class='ocr_line' id='line_1_54' title="bbox 1391 3034 2476 3114; baseline 0.001 -20"><span class='ocrx_word' id='word_1_379' title='bbox 1391 3034 1685 3114; x_wconf 80' lang='lat' dir='ltr'><strong>vulgaris,</strong></span> <span class='ocrx_word' id='word_1_380' title='bbox 1730 3035 1834 3093; x_wconf 84' lang='lat' dir='ltr'><strong>sed</strong></span> <span class='ocrx_word' id='word_1_381' title='bbox 1850 3034 2170 3113; x_wconf 76' lang='lat' dir='ltr'><strong>.proprius.</strong></span> <span class='ocrx_word' id='word_1_382' title='bbox 2214 3034 2302 3095; x_wconf 87' lang='lat' dir='ltr'><strong>Cs.</strong></span> <span class='ocrx_word' id='word_1_383' title='bbox 2330 3034 2476 3096; x_wconf 82' lang='lat' dir='ltr'><strong>Aen.</strong></span> 
     </span>
     <span class='ocr_line' id='line_1_55' title="bbox 1390 3120 2476 3197; baseline 0.002 -17"><span class='ocrx_word' id='word_1_384' title='bbox 1390 3120 1494 3195; x_wconf 85' lang='lat' dir='ltr'><strong>IV,</strong></span> <span class='ocrx_word' id='word_1_385' title='bbox 1539 3120 1750 3185; x_wconf 83' lang='lat'><strong>5—8.</strong></span> <span class='ocrx_word' id='word_1_386' title='bbox 1809 3120 1933 3179; x_wconf 84' lang='lat' dir='ltr'><strong>Liv.</strong></span> <span class='ocrx_word' id='word_1_387' title='bbox 1955 3120 2149 3197; x_wconf 83' lang='lat' dir='ltr'><strong>XXV,</strong></span> <span class='ocrx_word' id='word_1_388' title='bbox 2192 3125 2294 3185; x_wconf 83' lang='lat'><strong>37.</strong></span> <span class='ocrx_word' id='word_1_389' title='bbox 2338 3122 2476 3182; x_wconf 82' lang='lat' dir='ltr'><strong>Tac.</strong></span> 
     </span>
     <span class='ocr_line' id='line_1_56' title="bbox 1391 3204 2477 3288; baseline -0.001 -21"><span class='ocrx_word' id='word_1_390' title='bbox 1391 3206 1556 3269; x_wconf 83' lang='lat' dir='ltr'><strong>Hist.</strong></span> <span class='ocrx_word' id='word_1_391' title='bbox 1601 3206 1645 3280; x_wconf 89' lang='lat' dir='ltr'><strong>I,</strong></span> <span class='ocrx_word' id='word_1_392' title='bbox 1696 3208 1798 3272; x_wconf 83' lang='lat'><strong>29.</strong></span> <span class='ocrx_word' id='word_1_393' title='bbox 1865 3204 2093 3288; x_wconf 79' lang='lat' dir='ltr'><strong>chh.)</strong></span> <span class='ocrx_word' id='word_1_394' title='bbox 2196 3206 2477 3286; x_wconf 82' lang='lat' dir='ltr'><strong>Cogitan-</strong></span> 
     </span>
     <span class='ocr_line' id='line_1_57' title="bbox 1393 3291 2478 3352; baseline 0.001 -1"><span class='ocrx_word' id='word_1_395' title='bbox 1393 3292 1542 3351; x_wconf 89' lang='lat' dir='ltr'><strong>dum</strong></span> <span class='ocrx_word' id='word_1_396' title='bbox 1594 3300 1795 3350; x_wconf 81' lang='lat' dir='ltr'><strong>tamen</strong></span> <span class='ocrx_word' id='word_1_397' title='bbox 1855 3291 1931 3349; x_wconf 87' lang='lat' dir='ltr'><strong>de</strong></span> <span class='ocrx_word' id='word_1_398' title='bbox 1983 3293 2125 3351; x_wconf 80' lang='lat' dir='ltr'><strong>love</strong></span> <span class='ocrx_word' id='word_1_399' title='bbox 2165 3302 2365 3352; x_wconf 80' lang='lat' dir='ltr'><strong>stante</strong></span> <span class='ocrx_word' id='word_1_400' title='bbox 2416 3303 2478 3352; x_wconf 88' lang='lat' dir='ltr'><strong>et</strong></span> 
     </span>
     <span class='ocr_line' id='line_1_58' title="bbox 1392 3377 2477 3439; baseline -0.001 -1"><span class='ocrx_word' id='word_1_401' title='bbox 1392 3377 1794 3438; x_wconf 82' lang='lat' dir='ltr'><strong>Troianorum</strong></span> <span class='ocrx_word' id='word_1_402' title='bbox 1823 3377 2134 3438; x_wconf 79' lang='lat' dir='ltr'><strong>fortunam</strong></span> <span class='ocrx_word' id='word_1_403' title='bbox 2172 3379 2253 3438; x_wconf 65' lang='lat' dir='ltr'><strong>in&gt;</strong></span> <span class='ocrx_word' id='word_1_404' title='bbox 2274 3378 2477 3439; x_wconf 82' lang='lat' dir='ltr'><strong>Africa</strong></span> 
     </span>
     <span class='ocr_line' id='line_1_59' title="bbox 1389 3463 2478 3544; baseline -0.001 -22"><span class='ocrx_word' id='word_1_405' title='bbox 1389 3472 1589 3522; x_wconf 87' lang='lat' dir='ltr'><strong>mente</strong></span> <span class='ocrx_word' id='word_1_406' title='bbox 1610 3463 1913 3540; x_wconf 80' lang='lat' dir='ltr'><strong>volvente,</strong></span> <span class='ocrx_word' id='word_1_407' title='bbox 1937 3472 1997 3522; x_wconf 88' lang='lat' dir='ltr'><strong>et</strong></span> <span class='ocrx_word' id='word_1_408' title='bbox 2017 3464 2329 3539; x_wconf 87' lang='lat' dir='ltr'><strong>rationem,</strong></span> <span class='ocrx_word' id='word_1_409' title='bbox 2359 3485 2478 3544; x_wconf 79' lang='lat' dir='ltr'><strong>qua</strong></span> 
     </span>
     <span class='ocr_line' id='line_1_60' title="bbox 1389 3549 2475 3630; baseline 0 -22"><span class='ocrx_word' id='word_1_410' title='bbox 1389 3551 1662 3609; x_wconf 83' lang='lat' dir='ltr'><strong>succurri</strong></span> <span class='ocrx_word' id='word_1_411' title='bbox 1692 3549 1898 3628; x_wconf 78' lang='lat' dir='ltr'><strong>possit,</strong></span> <span class='ocrx_word' id='word_1_412' title='bbox 1942 3550 2475 3630; x_wconf 69' lang='lat' dir='ltr'><strong>circumspiciente.</strong></span> 
     </span>
    </p>
   </div>
   <div class='ocr_carea' id='block_1_13' title="bbox 1341 3634 2476 3696">
    <p class='ocr_par' dir='ltr' id='par_1_14' title="bbox 1341 3634 2476 3696">
     <span class='ocr_line' id='line_1_61' title="bbox 1341 3634 2476 3696; baseline 0 -1"><span class='ocrx_word' id='word_1_413' title='bbox 1341 3638 1352 3661; x_wconf 67' lang='lat'><strong>*</strong></span> <span class='ocrx_word' id='word_1_414' title='bbox 1388 3635 1525 3696; x_wconf 87' lang='lat' dir='ltr'><strong>Hoc</strong></span> <span class='ocrx_word' id='word_1_415' title='bbox 1544 3634 1762 3695; x_wconf 85' lang='lat' dir='ltr'><strong>habitu</strong></span> <span class='ocrx_word' id='word_1_416' title='bbox 1789 3635 1993 3694; x_wconf 82' lang='lat' dir='ltr'><strong>Iovem</strong></span> <span class='ocrx_word' id='word_1_417' title='bbox 2037 3636 2087 3694; x_wconf 79' lang='lat' dir='ltr'><strong>si</strong></span> <span class='ocrx_word' id='word_1_418' title='bbox 2130 3636 2312 3694; x_wconf 84' lang='lat' dir='ltr'><strong>semel</strong></span> <span class='ocrx_word' id='word_1_419' title='bbox 2336 3646 2476 3695; x_wconf 87' lang='lat' dir='ltr'><strong>ante</strong></span> 
     </span>
    </p>
   </div>
   <div class='ocr_carea' id='block_1_14' title="bbox 1385 3721 2476 4471">
    <p class='ocr_par' dir='ltr' id='par_1_15' title="bbox 1385 3721 2476 4471">
     <span class='ocr_line' id='line_1_62' title="bbox 1390 3721 2476 3798; baseline 0 -17"><span class='ocrx_word' id='word_1_420' title='bbox 1390 3721 1597 3781; x_wconf 85' lang='lat' dir='ltr'><strong>oculos</strong></span> <span class='ocrx_word' id='word_1_421' title='bbox 1630 3721 1741 3780; x_wconf 83' lang='lat' dir='ltr'><strong>tibi</strong></span> <span class='ocrx_word' id='word_1_422' title='bbox 1778 3721 2184 3798; x_wconf 82' lang='lat' dir='ltr'><strong>constitueris,</strong></span> <span class='ocrx_word' id='word_1_423' title='bbox 2231 3722 2381 3781; x_wconf 88' lang='lat' dir='ltr'><strong>bene</strong></span> <span class='ocrx_word' id='word_1_424' title='bbox 2414 3742 2476 3782; x_wconf 87' lang='lat' dir='ltr'><strong>se</strong></span> 
     </span>
     <span class='ocr_line' id='line_1_63' title="bbox 1390 3806 2476 3886; baseline 0.002 -20"><span class='ocrx_word' id='word_1_425' title='bbox 1390 3806 1620 3867; x_wconf 80' lang='lat' dir='ltr'><strong>habent</strong></span> <span class='ocrx_word' id='word_1_426' title='bbox 1665 3806 1927 3884; x_wconf 84' lang='lat' dir='ltr'><strong>reliqua,</strong></span> <span class='ocrx_word' id='word_1_427' title='bbox 1996 3816 2060 3866; x_wconf 87' lang='lat' dir='ltr'><strong>et</strong></span> <span class='ocrx_word' id='word_1_428' title='bbox 2106 3815 2307 3885; x_wconf 82' lang='lat' dir='ltr'><strong>totus,</strong></span> <span class='ocrx_word' id='word_1_429' title='bbox 2372 3808 2476 3886; x_wconf 86' lang='lat' dir='ltr'><strong>qui</strong></span> 
     </span>
     <span class='ocr_line' id='line_1_64' title="bbox 1392 3892 2474 3972; baseline 0.004 -21"><span class='ocrx_word' id='word_1_430' title='bbox 1392 3895 1698 3971; x_wconf 78' lang='lat' dir='ltr'><strong>sequitur,</strong></span> <span class='ocrx_word' id='word_1_431' title='bbox 1751 3892 1950 3969; x_wconf 81' lang='lat' dir='ltr'><strong>locus,</strong></span> <span class='ocrx_word' id='word_1_432' title='bbox 1994 3911 2026 3950; x_wconf 83' lang='lat' dir='ltr'><strong>e</strong></span> <span class='ocrx_word' id='word_1_433' title='bbox 2067 3895 2474 3972; x_wconf 83' lang='lat' dir='ltr'><strong>praestantio-</strong></span> 
     </span>
     <span class='ocr_line' id='line_1_65' title="bbox 1389 3975 2475 4061; baseline 0 -22"><span class='ocrx_word' id='word_1_434' title='bbox 1389 3980 1562 4039; x_wconf 82' lang='lat' dir='ltr'><strong>ribus</strong></span> <span class='ocrx_word' id='word_1_435' title='bbox 1604 3986 1693 4036; x_wconf 65' lang='grc' dir='ltr'><strong>θεῖ</strong></span> <span class='ocrx_word' id='word_1_436' title='bbox 1726 3975 2071 4055; x_wconf 79' lang='lat' dir='ltr'><strong>habendus,</strong></span> <span class='ocrx_word' id='word_1_437' title='bbox 2129 3999 2266 4040; x_wconf 88' lang='lat' dir='ltr'><strong>cum</strong></span> <span class='ocrx_word' id='word_1_438' title='bbox 2295 3989 2475 4061; x_wconf 89' lang='lat' dir='ltr'><strong>poeta</strong></span> 
     </span>
     <span class='ocr_line' id='line_1_66' title="bbox 1391 4063 2476 4147; baseline 0.003 -24"><span class='ocrx_word' id='word_1_439' title='bbox 1391 4063 1525 4147; x_wconf 38' lang='lat' dir='ltr'><strong>hoc&#39;</strong></span> <span class='ocrx_word' id='word_1_440' title='bbox 1559 4064 1691 4144; x_wconf 84' lang='lat' dir='ltr'><strong>ipso</strong></span> <span class='ocrx_word' id='word_1_441' title='bbox 1751 4071 1812 4122; x_wconf 84' lang='lat' dir='ltr'><strong>et</strong></span> <span class='ocrx_word' id='word_1_442' title='bbox 1868 4064 2228 4124; x_wconf 82' lang='lat' dir='ltr'><strong>miraculum</strong></span> <span class='ocrx_word' id='word_1_443' title='bbox 2286 4066 2476 4127; x_wconf 80' lang='lat' dir='ltr'><strong>addat</strong></span> 
     </span>
     <span class='ocr_line' id='line_1_67' title="bbox 1389 4147 2476 4231; baseline 0.002 -22"><span class='ocrx_word' id='word_1_444' title='bbox 1389 4148 1653 4231; x_wconf 84' lang='lat' dir='ltr'><strong>hospitio</strong></span> <span class='ocrx_word' id='word_1_445' title='bbox 1692 4147 1923 4210; x_wconf 82' lang='lat' dir='ltr'><strong>Aeneae</strong></span> <span class='ocrx_word' id='word_1_446' title='bbox 1960 4151 2127 4230; x_wconf 82' lang='lat' dir='ltr'><strong>apud</strong></span> <span class='ocrx_word' id='word_1_447' title='bbox 2162 4152 2476 4229; x_wconf 86' lang='lat' dir='ltr'><strong>Didonem,</strong></span> 
     </span>
     <span class='ocr_line' id='line_1_68' title="bbox 1389 4235 2473 4317; baseline 0 -21"><span class='ocrx_word' id='word_1_448' title='bbox 1389 4245 1486 4312; x_wconf 90' lang='lat' dir='ltr'><strong>et,</strong></span> <span class='ocrx_word' id='word_1_449' title='bbox 1536 4235 1703 4314; x_wconf 89' lang='lat' dir='ltr'><strong>quod</strong></span> <span class='ocrx_word' id='word_1_450' title='bbox 1743 4237 1940 4297; x_wconf 87' lang='lat' dir='ltr'><strong>multo</strong></span> <span class='ocrx_word' id='word_1_451' title='bbox 1976 4237 2197 4317; x_wconf 70' lang='lat' dir='ltr'><strong>maius,</strong></span> <span class='ocrx_word' id='word_1_452' title='bbox 2240 4238 2473 4297; x_wconf 86' lang='lat' dir='ltr'><strong>Roma-</strong></span> 
     </span>
     <span class='ocr_line' id='line_1_69' title="bbox 1388 4322 2471 4383; baseline -0.006 -1"><span class='ocrx_word' id='word_1_453' title='bbox 1388 4342 1611 4382; x_wconf 87' lang='lat' dir='ltr'><strong>norum</strong></span> <span class='ocrx_word' id='word_1_454' title='bbox 1656 4322 1885 4383; x_wconf 83' lang='lat' dir='ltr'><strong>animos</strong></span> <span class='ocrx_word' id='word_1_455' title='bbox 1926 4322 1991 4381; x_wconf 89' lang='lat' dir='ltr'><strong>in</strong></span> <span class='ocrx_word' id='word_1_456' title='bbox 2039 4322 2319 4383; x_wconf 84' lang='lat' dir='ltr'><strong>carminis</strong></span> <span class='ocrx_word' id='word_1_457' title='bbox 2353 4332 2471 4382; x_wconf 84' lang='lat' dir='ltr'><strong>sta-</strong></span> 
     </span>
     <span class='ocr_line' id='line_1_70' title="bbox 1385 4406 2473 4471; baseline 0.002 -2"><span class='ocrx_word' id='word_1_458' title='bbox 1385 4409 1501 4469; x_wconf 78' lang='lat' dir='ltr'><strong>tim</strong></span> <span class='ocrx_word' id='word_1_459' title='bbox 1537 4408 1710 4470; x_wconf 78' lang='lat' dir='ltr'><strong>aditu</strong></span> <span class='ocrx_word' id='word_1_460' title='bbox 1750 4409 1832 4469; x_wconf 82' lang='lat' dir='ltr'><strong>sd</strong></span> <span class='ocrx_word' id='word_1_461' title='bbox 1876 4406 2139 4470; x_wconf 79' lang='lat' dir='ltr'><strong>Aeneam</strong></span> <span class='ocrx_word' id='word_1_462' title='bbox 2184 4416 2245 4467; x_wconf 86' lang='lat' dir='ltr'><strong>et</strong></span> <span class='ocrx_word' id='word_1_463' title='bbox 2285 4417 2473 4471; x_wconf 84' lang='lat' dir='ltr'><strong>totam</strong></span> 
     </span>
    </p>
   </div>
  </div>
 </body>
</html>
