2882 5028
414 284 516 356 32
999 269 1937 362 D1SQU1slT10
2045 272 2082 344 1

365 462 641 569 ·quod
707 484 1197 562 magnopere
1264 461 1622 537 animum
1686 456 2043 558 impellat
2119 470 2198 533 et
2257 459 2670 559 percutiat.

409 567 844 645 Enimvero
885 590 1051 640 non
1102 565 1373 639 omnia
1425 562 1769 638 carmina
1812 563 2029 663 epica
2067 586 2159 637 ex
2197 587 2364 638 uno
2408 576 2488 638 et
2538 587 2675 638 eo-

419 671 610 747 dem
663 691 959 767 genere
1003 667 1451 769 procedere
1491 678 1863 767 possunt;
1935 678 2119 766 post
2154 666 2475 742 Achillis
2528 691 2672 741 au-

414 788 586 849 tem
627 774 777 847 iras
815 785 895 846 et
926 770 1217 871 Ulyssis
1259 775 1341 846 in
1402 794 1488 845 se
1530 795 1621 845 ex
1653 769 1966 845 casibus
1994 783 2074 844 et
2113 769 2484 869 periculis
2518 770 2673 844 ob-

418 877 638 952 iectis
692 875 1192 975 expediendo
1253 875 1721 976 sapientiam
1766 898 1904 948 seu
1963 871 2395 970 vafritiem,
2464 898 2674 974 quae

420 994 500 1057 et
542 980 845 1081 priscae
898 981 1129 1055 aetati
1189 992 1269 1055 et
1334 979 1563 1078 epico
1616 977 1941 1052 carmini
1987 977 2675 1053 accommodatior

420 1097 624 1181 erat,
690 1107 933 1183 quam
992 1082 1406 1183 sapientia,
1489 1106 1674 1156 cum
1722 1080 2188 1156 variandum
2240 1095 2317 1156 et
2364 1106 2674 1156 novan-

421 1187 619 1263 dum
640 1199 846 1263 esset
877 1186 1175 1288 aliquid
1208 1198 1532 1287 poetae,
1602 1184 1883 1285 quidni
1930 1192 2251 1260 Aeneae
2301 1193 2672 1275 virtutem,

421 1316 662 1393 quarn
693 1315 876 1366 cum
918 1291 1197 1365 ceteris
1232 1289 1614 1366 heroibus
1647 1313 2168 1364 communem
2202 1288 2466 1385 habet,
2484 1295 2674 1389 sor-

421 1402 731 1472 titudine
788 1401 1013 1470 animi
1065 1401 1140 1470 in
1180 1399 1664 1495 perferendis
1711 1391 2277 1467 calamitatibus
2327 1406 2407 1467 et
2462 1399 2675 1469 obse-

422 1506 589 1600 quio
632 1527 830 1597 erga
881 1506 1062 1574 deos
1105 1505 1641 1599 temperaret?
1693 1495 1818 1572 Ad
1858 1496 2016 1570 hoc
2061 1521 2247 1572 eum
2294 1497 2463 1596 ipse
2501 1501 2678 1572 Ho-

421 1626 693 1679 merus
739 1600 956 1680 Iliad.
1001 1629 1078 1703 ψ,
1130 1612 1306 1683 298.
1343 1601 1517 1699 (ubi
1551 1605 1972 1700 Neptunus
2018 1610 2368 1678 Aeneam
2408 1624 2679 1675 serva-

420 1720 596 1781 tum
642 1730 813 1781 esse
844 1704 1041 1780 vult:
1103 1712 1596 1807 κεχαρισμένα
1637 1706 1706 1783 δ’
1747 1709 1888 1782 αἰεὶ
1935 1710 2130 1806 δῶρα
2174 1716 2417 1783 θεοῖσι
2461 1711 2680 1783 δίδω-

423 1843 515 1904 σι,
560 1815 681 1889 τοὶ
725 1808 1045 1912 οὐρανόν
1077 1810 1296 1908 εὑρὼν
1335 1816 1617 1903 ἔχουσι)
1644 1820 1820 1883 tum
1852 1807 2019 1909 ipsa
2044 1832 2317 1882 rerum
2348 1832 2433 1882 ac
2475 1821 2681 1883 tem-

422 1937 720 2014 porum
775 1924 1074 1987 mutata
1116 1911 1314 1986 ratio
1363 1909 1741 2002 ducebat,
1799 1924 1878 1986 et
1925 1936 2052 2006 ea,
2109 1935 2313 2010 quae
2364 1910 2466 1987 de
2515 1916 2681 1987 Ae-

423 2040 626 2091 neae
659 2013 1060 2091 erroribus
1108 2027 1187 2088 et
1226 2014 1576 2089 adventu
1603 2016 1681 2089 in
1709 2015 2019 2090 Latium
2050 2012 2330 2089 tradita
2364 2039 2405 2089 a
2446 2037 2683 2114 supe-

424 2118 766 2195 rioribus
789 2119 1050 2219 poetis
1097 2131 1344 2212 erant,
1398 2118 1898 2196 revocabant.
2010 2125 2321 2194 Munitis
2365 2126 2685 2194 deorum

425 2239 499 2300 et
547 2230 879 2299 oraculis
931 2223 1200 2297 omnia
1266 2221 1362 2296 ab
1414 2227 1688 2298 Aenea
1735 2235 2097 2322 suscepta
2152 2235 2232 2297 et
2287 2221 2681 2318 confecta,

424 2331 762 2403 Penates
806 2339 886 2401 et
929 2349 1140 2400 sacra
1172 2326 1419 2426 patria
1465 2324 1561 2400 ab
1615 2349 1714 2400 eo
1763 2328 1843 2399 in
1887 2350 2131 2401 novas
2171 2325 2405 2402 sedes
2445 2326 2683 2423 illata,

424 2443 876 2506 narraverat
932 2429 1349 2530 antiquitas
1400 2440 1502 2528 (V.
1553 2430 1887 2530 DisquiS.
1935 2433 2082 2529 11);
2158 2430 2352 2531 quid
2409 2431 2681 2531 itaque

424 2536 672 2632 magis
717 2534 835 2609 rei
885 2547 1553 2631 consentaneum,
1626 2559 1869 2634 quam
1924 2548 2016 2610 ut
2070 2533 2324 2609 heros*
2364 2542 2686 2635 insignis

415 2645 703 2739 pietate
750 2654 819 2713 et
863 2644 1226 2737 religione
1287 2636 1846 2714 exhiberetur?
1932 2643 2220 2739 Neque
2272 2663 2466 2714 vero
2508 2663 2685 2713 non

424 2741 704 2817 videre
753 2739 1031 2817 debuit
1069 2754 1333 2818 tantus
1384 2753 1660 2841 poeta,
1729 2740 1829 2815 ad
1874 2766 2149 2817 rerum
2195 2741 2687 2841 magnitudi-

426 2871 621 2921 nem
662 2857 744 2920 et
779 2857 1185 2942 augustam
1220 2844 1564 2945 aliquam
1594 2844 2055 2941 dignitatem
2093 2844 2490 2944 religiosas
2524 2871 2684 2941 reS‚

430 2971 731 3024 caussas
792 2960 872 3023 et
945 2948 1268 3023 consilia
1324 2949 1689 3023 eximiam
1750 2949 1910 3023 vim
1960 2948 2283 3029 habere.
2396 2954 2687 3051 Itaque

428 3050 589 3126 hoc
627 3050 958 3152 quidem
1003 3064 1413 3151 tamquam
1457 3076 1730 3126 rerum
1781 3052 2100 3130 cardine
2131 3053 2531 3154 praeclare
2560 3069 2689 3130 est

426 3178 637 3248 usm,
667 3166 757 3229 ut
795 3153 1474 3253 praedictionibus
1510 3156 1739 3230 variis
1774 3157 2080 3232 animos
2124 3181 2266 3258 spe
2315 3171 2394 3233 et
2441 3183 2687 3259 expe-

433 3259 776 3334 ctatione
818 3270 1138 3333 teneret
1177 3282 1642 3357 suspensos,
1685 3259 2298 3362 religiosamque
2335 3260 2687 3364 aliquam

432 3374 513 3438 et
556 3373 964 3459 augustam
1009 3362 1360 3461 speciem
1407 3386 1682 3438 rerum
1740 3364 2154 3440 eventibus
2198 3365 2688 3465 praetende-

430 3478 556 3541 ret
570 3472 659 3564 ·).
747 3462 1200 3540 Achilleum
1238 3465 1569 3565 quidem
1596 3466 1849 3542 robur
1881 3480 1960 3543 et
1987 3468 2393 3544 iracundia
2425 3469 2683 3546 aliena

432 3581 661 3644 erant
687 3593 727 3642 a
755 3579 931 3642 toto
971 3582 1482 3666 argument03
1535 3570 1805 3646 sedata
1843 3583 1923 3645 et
1949 3571 2261 3670 placida
2300 3586 2380 3648 et
2404 3572 2687 3650 huma-

429 3671 691 3747 nitatis
738 3694 977 3746 sensu
1010 3685 1453 3773 temperata
1490 3685 1607 3747 est
1637 3678 1958 3751 Aeneae
1991 3678 2270 3769 virtus;
2338 3690 2449 3771 et,
2497 3677 2688 3753 licet

432 3773 1048 3852 concedendurn
1083 3777 1218 3873 sit,
1272 3777 1583 3877 epicam
1616 3777 1779 3852 vim
1812 3779 2207 3857 maiorem
2232 3778 2516 3858 Achilli
2560 3783 2685 3856 in-

605 4053 662 4139 *)
706 4055 936 4116 Multus
960 4065 1052 4116 est
1075 4056 1321 4116 Servius
1345 4058 1564 4138 passim
1599 4057 1660 4118 in
1691 4058 1839 4136 hoc,
1894 4070 1968 4122 ut
1995 4061 2256 4122 Aeneam
2298 4083 2374 4123 ex
2399 4063 2687 4124 Flaminis

429 4142 684 4203 alicuius
718 4142 817 4202 vel
845 4142 1144 4208 Pontificis
1180 4162 1444 4223 persona
1481 4145 1740 4224 plurima
1784 4148 1964 4227 egisse
2004 4148 2221 4209 doceat
2250 4171 2310 4210 v.
2350 4171 2400 4211 c.
2430 4151 2524 4226 lv,
2582 4155 2687 4228 29,

342 4294 348 4300 ,
429 4249 623 4309 pravo
665 4227 877 4308 utique
924 4229 1228 4307 acumine,
1289 4231 1462 4290 cuius
1509 4240 1712 4292 tamen
1764 4234 1988 4295 fundus
2031 4234 2245 4316 aliquis
2287 4255 2412 4296 esse
2458 4236 2688 4297 debuit.

429 4315 509 4375 cs.
536 4313 797 4375 Macrob.
827 4313 927 4392 ΙΙΙ,
977 4319 1008 4379 1
1040 4334 1128 4394 sq.
2409 4331 2412 4336 ·
