2882 5028
545 426 1163 504 AENEmos
1215 428 1432 504 Lm.
1488 428 1618 523 v1‚
1664 434 2103 550 347÷364
2311 437 2464 510 sos
2519 475 2522 478 -

198 612 585 712 Prospexi
619 612 928 689 Italiam
957 638 1270 690 summa
1304 610 1662 690 sublimis
1692 612 1790 687 ab
1821 612 2058 693 unda.
2115 609 2120 614 ⁴

198 714 627 792 Paullatim
663 716 1052 792 adnabam
1081 730 1377 807 terrae3
1430 718 1588 792 iam
1619 729 1785 791 tuta
1810 717 2222 795 tenebam:
2255 813 2262 821 ι

195 820 306 897 Ni
336 842 530 917 gens
558 819 900 898 crudelis
928 820 1251 897 madida
1288 846 1469 897 cum
1506 833 1722 897 veste
1748 835 2180 920 gravatum,

195 927 890 1027 Prensantemque
937 926 1162 1001 uncis
1196 924 1561 1001 manibus
1605 921 1851 1025 capita
1898 949 2171 1028 aspera
2220 948 2460 1004 mon-

1368 1029 1491 1123 tis,
2302 1038 2458 1113 360

195 1133 454 1206 Ferro
496 1130 935 1226 invasisset,
987 1129 1532 1234 praedamque
1577 1129 1840 1230 ignara
1881 1145 2250 1234 putasset.

194 1238 437 1310 Nune
465 1258 602 1311 me
642 1230 929 1309 fluctus
961 1232 1244 1329 habet,
1312 1243 1789 1336 versantque
1822 1236 1905 1310 in
1945 1234 2179 1312 litore
2219 1238 2452 1316 venti.

197 1335 451 1431 Quod
482 1351 561 1413 te
593 1361 743 1438 per
769 1336 968 1414 coeli
1014 1338 1457 1415 iucundum
1483 1340 1758 1416 lumen
1791 1353 1872 1415 et
1900 1364 2145 1437 auraS‚

194 1444 361 1516 Per
386 1442 838 1537 genitorem
873 1466 1019 1518 oro
1040 1504 1061 1540 ‚
1114 1465 1265 1543 per
1293 1467 1475 1545 spes
1502 1443 1888 1544 surgentis
1920 1437 2107 1537 Iuli;

306 1569 480 1641 363.
525 1586 816 1660 LUMEN,

341 1735 445 1789 357
473 1736 532 1787 in
559 1737 714 1788 unda
741 1736 984 1788 Parthas.
1033 1736 1175 1790 oonf.
1198 1737 1369 1791 Burm.
1436 1737 1544 1789 Sed
1566 1736 1801 1790 deterius
1827 1735 1950 1791 boe.
2086 1737 2192 1796 858
2224 1749 2279 1789 οι
2306 1734 2454 1788 inse-

194 1813 329 1855 runt
356 1804 508 1855 multi
543 1805 726 1875 scripti
755 1817 809 1858 et
834 1806 998 1869 editi,
1044 1815 1188 1858 recte
1226 1807 1293 1858 ab
1324 1805 1505 1858 Heius.
1548 1807 1826 1860 sublatum.
1877 1808 2004 1876 (vid.
2033 1806 2273 1876 exempla
2299 1806 2453 1859 huius

191 1872 495 1944 particulae
535 1875 714 1927 illatae
748 1876 891 1942 apud
929 1876 1073 1926 Cort.
1117 1873 1184 1926 ad
1230 1877 1421 1928 Lucan.
1466 1878 1554 1940 111,
1599 1877 1755 1940 564.;
1791 1895 1889 1930 nee
1931 1876 2140 1929 videtur
2167 1888 2225 1928 et
2262 1876 2317 1927 in
2342 1874 2452 1927 ullo

192 1960 414 1995 suorum
442 1943 595 1997 codd.
626 1944 871 1996 Heinsius
898 1944 1178 2014 reperisse.
1222 1945 1364 2012 Wr.)
1434 1957 1590 1997 terra
1631 1947 1843 2012 Medic„
1892 1947 2112 1998 Heinsio
2141 1955 2310 2007 teste3
2357 1945 2454 1996 sed

192 2012 487 2081 Pogginius
522 2032 841 2067 communem
867 2013 1146 2066 lectionem
1170 2014 1413 2078 exhibet,
1452 2025 1650 2068 mutata
1678 2025 1878 2068 tantum
1905 2015 2259 2079 distinctione,
2300 2031 2454 2083 quam

194 2083 361 2134 etiam
389 2084 598 2135 Servius
625 2093 908 2136 memorat:
946 2087 1010 2135 P.
1035 2082 1331 2134 adnabam:
1369 2096 1556 2136 terrae
1584 2088 1696 2136 iam
1721 2098 1847 2137 tuta
1871 2084 2133 2140 tenebam.
2239 2085 2344 2139 359
2372 2088 2454 2135 Au

192 2152 428 2204 madida
460 2172 543 2205 me
574 2172 627 2205 v.
697 2153 802 2205 Sed
838 2170 906 2204 ne
944 2153 999 2204 in
1039 2170 1157 2204 cum
1193 2152 1444 2218 haereas,
1493 2154 1699 2222 cogita,
1773 2168 2026 2207 ravanam
2058 2172 2173 2207 esse
2203 2162 2258 2205 et
2281 2153 2453 2223 ipsum

193 2231 258 2275 et
285 2232 484 2273 vestem
509 2241 642 2292 aqua
678 2223 878 2274 hausta.
915 2223 1042 2291 (vid.
1073 2223 1201 2273 Not.
1242 2225 1384 2289 Wr.)
1422 2223 1561 2275 conf.
1591 2226 1658 2288 V,
1763 2227 1814 2279 7.
1929 2224 2036 2281 360
2071 2229 2453 2276 Pressaneem-

193 2311 307 2362 que
330 2291 481 2345 Leid.
549 2306 995 2363 praesentemque
1029 2293 1292 2357 Donatus,
1364 2310 1483 2343 uem
1503 2292 1784 2356 habemus,
1837 2293 1996 2362 legit,
2032 2295 2119 2364 qui
2147 2294 2335 2345 misere
2359 2303 2452 2344 to-

191 2371 312 2413 tum
340 2361 513 2413 locum
538 2372 707 2414 vexat.
847 2364 949 2419 361
985 2380 1089 2432 que
1117 2361 1269 2413 deest
1294 2378 1323 2412 e
1363 2401 1375 2414 .
1403 2364 1536 2414 lunt.
1603 2366 1833 2434 petis-set
1861 2365 2091 2428 Oudai-t„
2133 2361 2274 2433 quod
2299 2362 2452 2416 valde

191 2430 418 2484 arridet.
486 2433 776 2500 Receptum
826 2447 1034 2501 quoque
1077 2448 1214 2483 nunc
1252 2431 1407 2482 video
1446 2450 1477 2483 a
1515 2433 1868 2494 Wakefield.;
1920 2444 1976 2486 et
2016 2437 2227 2505 ignava
2264 2450 2293 2483 e
2319 2433 2448 2485 Cod.

189 2500 334 2554 Con.
369 2502 517 2567 Iesu,
552 2502 820 2570 eleganter
862 2520 958 2570 per
994 2518 1086 2566 se,
1136 2511 1390 2570 quatenus
1427 2510 1604 2552 tamen
1651 2502 1706 2553 in
1746 2503 2000 2556 barbaros
2028 2505 2080 2555 h.
2105 2503 2143 2556 l.
2183 2502 2240 2554 id
2278 2502 2451 2569 cadat,

188 2587 307 2622 non
337 2571 509 2623 video.
579 2574 781 2654 ignara
813 2571 1020 2640 quidem
1049 2587 1145 2622 nec
1171 2571 1340 2639 ipsum
1370 2571 1534 2622 habet
1560 2588 1799 2638 magnam
1825 2573 1958 2636 vim,
2008 2573 2250 2624 convenit
2277 2581 2450 2623 tamen

191 2641 438 2694 barbaris
470 2641 750 2712 spoliando
773 2641 986 2711 corpori
1010 2639 1329 2691 inhiantibus
1347 2679 1361 2704 ,
1397 2657 1493 2707 spe
1519 2641 1772 2709 opiparae
1798 2642 2026 2723 praedae
2067 2641 2217 2693 falsa.
2267 2641 2452 2709 (Opti-

186 2728 281 2762 me
304 2722 559 2780 putasset
584 2719 640 2762 et
662 2713 892 2781 ignara3
930 2710 966 2764 i.
1005 2727 1050 2761 e.
1087 2709 1446 2771 nesciens,
1496 2725 1599 2777 quo
1638 2726 1762 2761 casu
1796 2726 1851 2760 tn
1892 2727 2035 2761 maro
2070 2708 2448 2780 praecipitatus

189 2798 396 2847 essem,
433 2791 487 2832 et
520 2790 800 2851 putans,
848 2797 931 2831 me
965 2778 1289 2847 naufragium
1327 2795 1568 2845 passum,
1620 2778 1877 2847 quidquid
1915 2796 1977 2830 ex
2017 2780 2206 2847 opibus
2237 2796 2448 2831 servare

182 2849 484 2920 potuissem
502 2889 518 2915 ‚
556 2867 756 2902 mecum
786 2860 1008 2918 gestare.
1051 2851 1135 2901 W
1128 2849 1194 2916 r.)
1312 2848 1417 2901 362
1447 2845 1650 2898 habent
1676 2848 1888 2910 Medio„
1925 2849 2066 2916 quod
2100 2858 2154 2899 et
2183 2848 2239 2900 h.
2265 2846 2303 2899 l.
2332 2866 2447 2899 cum

184 2918 405 2971 ratione
435 2931 697 2971 exaratum
726 2921 946 2988 putabat
971 2918 1148 2970 Heius.
1185 2917 1251 2968 cf.
1273 2916 1342 2967 ad
1371 2934 1418 2968 v,
1447 2918 1565 2970 109.
1636 2916 1742 2968 Sed
1772 2916 2102 2969 manifestum
2140 2927 2221 2968 est
2244 2916 2445 2983 vitium,

185 2988 341 3058 quod
370 2997 423 3038 et
451 2990 613 3042 Goth.
639 3007 739 3057 pr„
776 2988 1108 3040 vitiosissime
1139 2986 1362 3052 scriptus
1391 2985 1545 3049 liber,
1579 2985 1761 3050 babet,
1797 2987 1980 3038 fraude
2009 3004 2072 3037 ex
2100 3002 2248 3055 seqq.
2275 2985 2446 3039 libra-

182 3059 275 3110 rio
308 3058 463 3111 facta.
510 3060 636 3127 (vid.
665 3062 728 3122 Q.
747 3061 815 3110 V.
834 3061 970 3120 vm,
1008 3060 1060 3119 2,
1090 3076 1133 3109 c.
1150 3066 1205 3107 et
1232 3058 1287 3119 4,
1319 3073 1364 3106 c.
1386 3055 1530 3122 Wr.)
1591 3057 1652 3106 in
1670 3056 1840 3108 litora
1867 3055 2069 3124 aliquot
2090 3055 2226 3107 Pier.
2259 3065 2314 3106 et
2339 3056 2444 3109 duo

181 3127 396 3191 Heius„
418 3127 708 3196 elegantius
725 3128 920 3195 utique.
956 3127 1068 3177 Etsi
1086 3124 1367 3178 communis
1390 3124 1554 3175 lectio
1582 3126 1765 3176 eodem
1783 3126 1945 3187 redit3
1971 3135 2042 3188 et,
2109 3125 2160 3175 ui
2178 3130 2445 3210 arffutlora

182 3206 442 3261 sectatur,
469 3210 645 3266 potest
673 3215 735 3248 ex
761 3198 977 3248 Hecuba
998 3196 1171 3264 Eurip.
1196 3195 1352 3246 verba
1368 3193 1585 3245 laudare
1612 3211 1659 3245 v.
1685 3196 1754 3249 28
1780 3198 1966 3263 κεῖμαι
2003 3189 2064 3249 δ’
2118 3186 2189 3246 π’
2217 3198 2443 3259 scutale·

186 3258 396 3320 ἄλλοτ’
428 3262 490 3320 ἐν
520 3263 738 3319 πόντου
780 3261 945 3320 σάλω.

1087 3265 1194 3321 363
1235 3269 1307 3316 Aa
1337 3276 1391 3314 te
1424 3263 1662 3315 Parthas.
1730 3266 2021 3317 iae-undum
2055 3263 2223 3315 edidit
2247 3265 2445 3332 Heius„

182 3337 290 3388 sed
320 3337 619 3388 iucundum
645 3338 760 3405 ipse
788 3317 981 3387 Medic.
1016 3335 1093 3403 (et
1122 3337 1298 3395 Rom.;
1337 3333 1630 3383 iocundum
1662 3336 1805 3387 Serv.
1833 3335 2022 3386 Dresd.
2056 3335 2201 3402 Wr.)
2247 3336 2444 3387 iocun-

185 3407 327 3459 dum
346 3425 453 3477 per
479 3407 620 3458 coeli
646 3406 684 3457 l.
719 3406 825 3457 duo
860 3405 1042 3457 Heius.
1112 3405 1275 3456 limen
1313 3401 1452 3453 alter
1491 3403 1676 3453 Hamb.
1728 3404 1939 3472 (sustuli
1969 3420 2168 3455 comma
2195 3414 2321 3471 post
2349 3406 2444 3458 lu—

182 3494 343 3536 men3
380 3475 516 3527 infra
539 3477 655 3538 vn,
690 3477 837 3531 786.:
904 3473 1142 3541 „coeli
1192 3473 1398 3524 venisse
1447 3471 1543 3522 sub
1591 3479 1846 3527 aurasf·
1908 3474 2052 3539 Wr.)

2191 3473 2300 3530 364
2333 3477 2445 3528 Per

182 3563 321 3615 spes
348 3562 411 3595 ex
439 3545 671 3597 Macrob.
700 3546 750 3599 V
778 3549 890 3598 Sat.
922 3546 957 3599 7
994 3555 1047 3596 et
1075 3542 1229 3595 codd.
1272 3542 1380 3593 suis
1422 3559 1486 3593 ac
1526 3540 1663 3594 Pier.
1705 3542 1943 3596 omnibus
1981 3543 2223 3627 reposuit
2261 3545 2442 3601 Heius.

179 3693 571 3763 enataverat5
614 3685 720 3744 sed
744 3706 778 3743 a
807 3684 1076 3744 barbaris
1108 3683 1272 3743 occi-

176 3792 291 3831 sus
327 3772 741 3850 promontorio
774 3791 994 3832 nomen
1028 3769 1272 3829 Palinu-

173 3876 326 3919 rum
363 3857 548 3917 dedit.
606 3857 732 3918 vid.
783 3856 1149 3916 Excurs.1V
1193 3852 1273 3911 ad

175 3943 247 4003 h.
284 3942 387 4002 lib.
424 3965 564 4003 cum
596 3956 752 4004 ves-ee
775 3955 1124 4022 gravam,
1165 3949 1272 3999 aut

174 4037 257 4091 ut
292 4047 360 4087 ea
388 4039 448 4089 et
489 4032 615 4110 ipsa
652 4027 829 4089 undis
870 4028 1099 4088 haustis
1131 4046 1272 4105 gra-

174 4123 465 4191 varetur,
528 4124 636 4174 aut
682 4125 754 4175 ut
801 4137 939 4174 cum
980 4112 1269 4187 abundet,

176 4202 276 4262 uti
345 4201 652 4261 interdum
708 4204 771 4261 in
835 4201 1025 4282 poetis
1098 4198 1269 4258 solet.

172 4286 394 4369 (Soph.
428 4287 579 4349 Oed.
611 4289 679 4348 R.
722 4293 844 4354 17.:
886 4288 993 4365 „ol
1018 4283 1083 4348 δὲ
1130 4280 1268 4349 σύν

292 4397 385 4518 ἵε
426 4376 696 4525 {zizi
730 4371 1266 4524 531123‘132235·

386 4503 403 4535 2
580 4505 594 4519 ·
841 4505 857 4536 2
1036 4504 1080 4537 '7
1231 4496 1264 4505 ““

1358 3680 1434 3741 de
1486 3689 1574 3767 V,
1636 3692 1774 3755 179.
1820 3693 1882 3745 et
1911 3685 1980 3746 v.
2009 3688 2073 3748 L.
2111 3687 2190 3746 ad
2220 3687 2291 3765 v,
2338 3691 2438 3754 37.

1365 3781 1461 3840 W
1463 3774 1546 3856 r.)

1443 3864 1825 3927 860—371.
1866 3858 1994 3926 860
2020 3860 2094 3919 ab
2121 3859 2439 3919 Homerico

1356 3947 1564 4028 Ulysse
1586 3947 1801 4027 Odyss.
1829 3969 1875 4018 ε,
1904 3945 2210 4015 428434.
2253 3946 2438 4019 Quod

1357 4044 1559 4095 autem
1592 4032 1694 4092 hic
1729 4034 1953 4093 Lucani
1975 4033 2234 4107 faciunt,
2276 4031 2438 4090 idem

1354 4120 1852 4200 Laestrygonibus
1868 4120 2023 4179 circa
2039 4117 2305 4176 Formias
2319 4117 2437 4176 tri-

1353 4206 1570 4266 buerat
1607 4204 1905 4266 Homerus
1950 4203 2164 4283 Odyss.
2207 4227 2263 4276 κ,
2314 4207 2438 4269 118

1353 4312 1514 4372 seqq.
1598 4296 1743 4360 862.
1788 4312 1882 4349 me
1922 4309 2141 4368 corpus
2179 4306 2302 4346 esse
2343 4289 2436 4348 sa-

1353 4379 1463 4438 cile
1503 4378 1908 4456 unusquisque
1958 4372 2144 4434 videt.
2229 4373 2436 4435 Notis-

1354 4460 1570 4525 simum
1620 4459 1848 4539 αὖτοι“ς
1888 4459 1952 4525 δὲ
1994 4455 2216 4545 ἑλώρια
2265 4465 2435 4543 τεῦχε
2493 4524 2500 4535 ,
