<?xml version="1.0" encoding="UTF-8"?>
<!DOCTYPE html PUBLIC "-//W3C//DTD XHTML 1.0 Transitional//EN"
    "http://www.w3.org/TR/xhtml1/DTD/xhtml1-transitional.dtd">
<html xmlns="http://www.w3.org/1999/xhtml" xml:lang="en" lang="en">
 <head>
  <title>
</title>
<meta http-equiv="Content-Type" content="text/html;charset=utf-8" />
  <meta name='ocr-system' content='tesseract 3.04.00' />
  <meta name='ocr-capabilities' content='ocr_page ocr_carea ocr_par ocr_line ocrx_word'/>
</head>
<body>
  <div class='ocr_page' id='page_1' title='image "./pvblivsvirgiliv00sillgoog/pvblivsvirgiliv00sillgoog_0035.png"; bbox 0 0 2882 5028; ppageno 0'>
   <div class='ocr_carea' id='block_1_1' title="bbox 280 332 2057 468">
    <p class='ocr_par' dir='ltr' id='par_1_1' title="bbox 280 324 2057 468">
     <span class='ocr_line' id='line_1_1' title="bbox 280 332 2057 468; baseline -0.005 -9"><span class='ocrx_word' id='word_1_1' title='bbox 280 332 610 459; x_wconf 46' lang='lat'>&#39;24&#39;</span> <span class='ocrx_word' id='word_1_2' title='bbox 979 374 1913 468; x_wconf 69' lang='lat' dir='ltr'>nlsonlslrlo</span> <span class='ocrx_word' id='word_1_3' title='bbox 2021 376 2057 451; x_wconf 92' lang='lat'>1</span> 
     </span>
    </p>
   </div>
   <div class='ocr_carea' id='block_1_2' title="bbox 296 561 2712 3461">
    <p class='ocr_par' dir='ltr' id='par_1_2' title="bbox 296 561 2712 3461">
     <span class='ocr_line' id='line_1_2' title="bbox 397 561 2649 663; baseline -0.002 -22"><span class='ocrx_word' id='word_1_4' title='bbox 397 567 548 663; x_wconf 85' lang='lat' dir='ltr'>dis&#39;,</span> <span class='ocrx_word' id='word_1_5' title='bbox 606 577 687 639; x_wconf 89' lang='lat' dir='ltr'>et</span> <span class='ocrx_word' id='word_1_6' title='bbox 718 561 988 661; x_wconf 89' lang='lat' dir='ltr'>figuris</span> <span class='ocrx_word' id='word_1_7' title='bbox 1034 561 1420 645; x_wconf 76' lang='lat' dir='ltr'>variandis</span> <span class='ocrx_word' id='word_1_8' title='bbox 1451 562 1789 663; x_wconf 83' lang='lat' dir='ltr'><strong>turpiter</strong></span> <span class='ocrx_word' id='word_1_9' title='bbox 1837 562 2131 659; x_wconf 86' lang='lat' dir='ltr'>ingenii</span> <span class='ocrx_word' id='word_1_10' title='bbox 2178 562 2381 637; x_wconf 83' lang='lat' dir='ltr'>vires</span> <span class='ocrx_word' id='word_1_11' title='bbox 2433 563 2649 636; x_wconf 87' lang='lat' dir='ltr'>attri-</span> 
     </span>
     <span class='ocr_line' id='line_1_3' title="bbox 394 665 2652 770; baseline -0.002 -25"><span class='ocrx_word' id='word_1_12' title='bbox 394 670 504 745; x_wconf 83' lang='lat' dir='ltr'>vit</span> <span class='ocrx_word' id='word_1_13' title='bbox 549 681 822 770; x_wconf 87' lang='lat' dir='ltr'>poeta;</span> <span class='ocrx_word' id='word_1_14' title='bbox 876 666 1061 762; x_wconf 90' lang='lat' dir='ltr'>sed,</span> <span class='ocrx_word' id='word_1_15' title='bbox 1108 667 1250 742; x_wconf 90' lang='lat' dir='ltr'>ubi</span> <span class='ocrx_word' id='word_1_16' title='bbox 1287 679 1740 741; x_wconf 89' lang='lat' dir='ltr'>occurrerat</span> <span class='ocrx_word' id='word_1_17' title='bbox 1769 665 2068 769; x_wconf 83' lang='lat' dir='ltr'>aliquid</span> <span class='ocrx_word' id='word_1_18' title='bbox 2104 665 2200 739; x_wconf 87' lang='lat' dir='ltr'>ab</span> <span class='ocrx_word' id='word_1_19' title='bbox 2238 665 2392 741; x_wconf 88' lang='lat' dir='ltr'>alio</span> <span class='ocrx_word' id='word_1_20' title='bbox 2421 667 2652 764; x_wconf 7' lang='lat' dir='ltr'>*inge-</span> 
     </span>
     <span class='ocr_line' id='line_1_4' title="bbox 395 768 2652 870; baseline -0.002 -21"><span class='ocrx_word' id='word_1_21' title='bbox 395 775 620 850; x_wconf 86' lang='lat' dir='ltr'>niose</span> <span class='ocrx_word' id='word_1_22' title='bbox 660 771 1086 870; x_wconf 90' lang='lat' dir='ltr'>cogitatum</span> <span class='ocrx_word' id='word_1_23' title='bbox 1121 770 1251 855; x_wconf 85' lang='lat' dir='ltr'>vel</span> <span class='ocrx_word' id='word_1_24' title='bbox 1278 771 1720 864; x_wconf 87' lang='lat' dir='ltr'>inventum,</span> <span class='ocrx_word' id='word_1_25' title='bbox 1773 768 1910 844; x_wconf 89' lang='lat' dir='ltr'>illo</span> <span class='ocrx_word' id='word_1_26' title='bbox 1949 782 2359 869; x_wconf 88' lang='lat' dir='ltr'>tamquam</span> <span class='ocrx_word' id='word_1_27' title='bbox 2394 768 2652 870; x_wconf 85' lang='lat' dir='ltr'>phan-</span> 
     </span>
     <span class='ocr_line' id='line_1_5' title="bbox 394 870 2650 971; baseline -0.002 -18"><span class='ocrx_word' id='word_1_28' title='bbox 394 889 723 953; x_wconf 84' lang='lat' dir='ltr'>tasmate</span> <span class='ocrx_word' id='word_1_29' title='bbox 763 888 1012 950; x_wconf 90' lang='lat' dir='ltr'>tactus</span> <span class='ocrx_word' id='word_1_30' title='bbox 1037 874 1388 951; x_wconf 90' lang='lat' dir='ltr'>Maronis</span> <span class='ocrx_word' id='word_1_31' title='bbox 1418 875 1768 971; x_wconf 79' lang='lat' dir='ltr'>animuS,</span> <span class='ocrx_word' id='word_1_32' title='bbox 1822 870 1990 968; x_wconf 88' lang='lat' dir='ltr'>vel,</span> <span class='ocrx_word' id='word_1_33' title='bbox 2043 874 2161 947; x_wconf 90' lang='lat' dir='ltr'>uti</span> <span class='ocrx_word' id='word_1_34' title='bbox 2199 870 2375 948; x_wconf 91' lang='lat' dir='ltr'>fieri</span> <span class='ocrx_word' id='word_1_35' title='bbox 2419 873 2650 969; x_wconf 87' lang='lat' dir='ltr'>solet,</span> 
     </span>
     <span class='ocr_line' id='line_1_6' title="bbox 394 973 2652 1077; baseline -0.002 -21"><span class='ocrx_word' id='word_1_36' title='bbox 394 983 458 1056; x_wconf 90' lang='lat' dir='ltr'>si</span> <span class='ocrx_word' id='word_1_37' title='bbox 508 978 835 1055; x_wconf 90' lang='lat' dir='ltr'>scintilla</span> <span class='ocrx_word' id='word_1_38' title='bbox 879 977 1179 1053; x_wconf 89' lang='lat' dir='ltr'>idoneo</span> <span class='ocrx_word' id='word_1_39' title='bbox 1214 975 1502 1057; x_wconf 84' lang='lat' dir='ltr'>fomite</span> <span class='ocrx_word' id='word_1_40' title='bbox 1555 990 1876 1077; x_wconf 79' lang='lat' dir='ltr'>excepta</span> <span class='ocrx_word' id='word_1_41' title='bbox 1911 989 2063 1074; x_wconf 93' lang='lat' dir='ltr'>est,</span> <span class='ocrx_word' id='word_1_42' title='bbox 2115 973 2439 1052; x_wconf 87' lang='lat' dir='ltr'>flamma</span> <span class='ocrx_word' id='word_1_43' title='bbox 2473 1002 2652 1052; x_wconf 92' lang='lat' dir='ltr'>cor-</span> 
     </span>
     <span class='ocr_line' id='line_1_7' title="bbox 395 1079 2668 1184; baseline -0.001 -25"><span class='ocrx_word' id='word_1_44' title='bbox 395 1096 669 1184; x_wconf 87' lang='lat' dir='ltr'>reptus</span> <span class='ocrx_word' id='word_1_45' title='bbox 714 1081 1072 1173; x_wconf 89' lang='lat' dir='ltr'>incaluit,</span> <span class='ocrx_word' id='word_1_46' title='bbox 1147 1095 1227 1157; x_wconf 91' lang='lat' dir='ltr'>et</span> <span class='ocrx_word' id='word_1_47' title='bbox 1256 1104 1560 1179; x_wconf 42' lang='lat' dir='ltr'>wmagno</span> <span class='ocrx_word' id='word_1_48' title='bbox 1611 1079 1989 1155; x_wconf 89' lang='lat' dir='ltr'>incendio</span> <span class='ocrx_word' id='word_1_49' title='bbox 2048 1081 2339 1158; x_wconf 85' lang='lat' dir='ltr'><strong>exarsit.</strong></span> <span class='ocrx_word' id='word_1_50' title='bbox 2445 1082 2668 1156; x_wconf 48' lang='lat' dir='ltr'>Hinc&gt;</span> 
     </span>
     <span class='ocr_line' id='line_1_8' title="bbox 396 1182 2712 1281; baseline -0 -20"><span class='ocrx_word' id='word_1_51' title='bbox 396 1212 651 1263; x_wconf 88' lang='lat' dir='ltr'>novae</span> <span class='ocrx_word' id='word_1_52' title='bbox 703 1210 979 1261; x_wconf 87' lang='lat' dir='ltr'>rerum</span> <span class='ocrx_word' id='word_1_53' title='bbox 1027 1182 1377 1281; x_wconf 85' lang='lat' dir='ltr'>formae,</span> <span class='ocrx_word' id='word_1_54' title='bbox 1451 1206 1658 1261; x_wconf 88' lang='lat' dir='ltr'>nova</span> <span class='ocrx_word' id='word_1_55' title='bbox 1704 1207 2032 1281; x_wconf 87' lang='lat' dir='ltr'>genera,</span> <span class='ocrx_word' id='word_1_56' title='bbox 2101 1208 2357 1259; x_wconf 89' lang='lat' dir='ltr'>novae</span> <span class='ocrx_word' id='word_1_57' title='bbox 2406 1185 2656 1260; x_wconf 89' lang='lat' dir='ltr'>inter-</span> <span class='ocrx_word' id='word_1_58' title='bbox 2707 1204 2712 1211; x_wconf 85' lang='grc'><em>·</em></span> 
     </span>
     <span class='ocr_line' id='line_1_9' title="bbox 399 1285 2654 1386; baseline -0.002 -19"><span class='ocrx_word' id='word_1_59' title='bbox 399 1292 596 1367; x_wconf 91' lang='lat' dir='ltr'>dum</span> <span class='ocrx_word' id='word_1_60' title='bbox 632 1302 980 1367; x_wconf 87' lang='lat' dir='ltr'>naturae.</span> <span class='ocrx_word' id='word_1_61' title='bbox 1084 1285 1654 1385; x_wconf 84' lang='lat' dir='ltr'>Nemosacile,</span> <span class='ocrx_word' id='word_1_62' title='bbox 1709 1288 1772 1362; x_wconf 92' lang='lat' dir='ltr'>si</span> <span class='ocrx_word' id='word_1_63' title='bbox 1803 1287 2105 1386; x_wconf 86' lang='lat' dir='ltr'>singula</span> <span class='ocrx_word' id='word_1_64' title='bbox 2131 1302 2654 1385; x_wconf 86' lang='lat' dir='ltr'>recognoscat</span> 
     </span>
     <span class='ocr_line' id='line_1_10' title="bbox 401 1389 2657 1491; baseline -0.001 -21"><span class='ocrx_word' id='word_1_65' title='bbox 401 1410 481 1471; x_wconf 91' lang='lat' dir='ltr'>et</span> <span class='ocrx_word' id='word_1_66' title='bbox 543 1394 918 1483; x_wconf 85' lang='lat' dir='ltr'>excutiat,</span> <span class='ocrx_word' id='word_1_67' title='bbox 1016 1418 1182 1472; x_wconf 90' lang='lat' dir='ltr'>non</span> <span class='ocrx_word' id='word_1_68' title='bbox 1244 1392 1617 1491; x_wconf 85' lang='lat' dir='ltr'>intelligit</span> <span class='ocrx_word' id='word_1_69' title='bbox 1677 1389 2129 1488; x_wconf 84' lang='lat' dir='ltr'>Virgilium,</span> <span class='ocrx_word' id='word_1_70' title='bbox 2213 1393 2450 1468; x_wconf 91' lang='lat' dir='ltr'>etiam</span> <span class='ocrx_word' id='word_1_71' title='bbox 2512 1391 2657 1467; x_wconf 88' lang='lat' dir='ltr'>ubi</span> 
     </span>
     <span class='ocr_line' id='line_1_11' title="bbox 397 1494 2656 1601; baseline -0.002 -28"><span class='ocrx_word' id='word_1_72' title='bbox 397 1522 668 1601; x_wconf 80' lang='lat' dir='ltr'><strong>presse</strong></span> <span class='ocrx_word' id='word_1_73' title='bbox 700 1496 1095 1597; x_wconf 91' lang='lat' dir='ltr'>sequitur,</span> <span class='ocrx_word' id='word_1_74' title='bbox 1149 1495 1403 1571; x_wconf 93' lang='lat' dir='ltr'>modo</span> <span class='ocrx_word' id='word_1_75' title='bbox 1440 1495 1960 1592; x_wconf 79' lang='lat' dir='ltr'>castigatiore,</span> <span class='ocrx_word' id='word_1_76' title='bbox 2013 1494 2455 1595; x_wconf 91' lang='lat' dir='ltr'>pulcriore,</span> <span class='ocrx_word' id='word_1_77' title='bbox 2525 1495 2656 1573; x_wconf 84' lang='lat' dir='ltr'>vel</span> 
     </span>
     <span class='ocr_line' id='line_1_12' title="bbox 401 1598 2658 1702; baseline -0.002 -25"><span class='ocrx_word' id='word_1_78' title='bbox 401 1601 849 1700; x_wconf 83' lang='lat' dir='ltr'>augustiore</span> <span class='ocrx_word' id='word_1_79' title='bbox 887 1602 1002 1675; x_wconf 92' lang='lat' dir='ltr'>rei</span> <span class='ocrx_word' id='word_1_80' title='bbox 1052 1601 1314 1702; x_wconf 91' lang='lat' dir='ltr'>specie</span> <span class='ocrx_word' id='word_1_81' title='bbox 1331 1609 1444 1697; x_wconf 89' lang='lat'>*),</span> <span class='ocrx_word' id='word_1_82' title='bbox 1501 1600 1756 1675; x_wconf 91' lang='lat' dir='ltr'>Latini</span> <span class='ocrx_word' id='word_1_83' title='bbox 1804 1598 2199 1673; x_wconf 90' lang='lat' dir='ltr'>sermonis</span> <span class='ocrx_word' id='word_1_84' title='bbox 2245 1600 2658 1697; x_wconf 81' lang='lat' dir='ltr'>elegantia,</span> 
     </span>
     <span class='ocr_line' id='line_1_13' title="bbox 402 1701 2657 1799; baseline -0 -20"><span class='ocrx_word' id='word_1_85' title='bbox 402 1719 534 1780; x_wconf 86' lang='lat' dir='ltr'>aut</span> <span class='ocrx_word' id='word_1_86' title='bbox 562 1728 776 1779; x_wconf 86' lang='lat' dir='ltr'>novo</span> <span class='ocrx_word' id='word_1_87' title='bbox 812 1727 1085 1781; x_wconf 91' lang='lat' dir='ltr'>rerum</span> <span class='ocrx_word' id='word_1_88' title='bbox 1120 1717 1441 1799; x_wconf 89' lang='lat' dir='ltr'>ornatu,</span> <span class='ocrx_word' id='word_1_89' title='bbox 1495 1701 1750 1778; x_wconf 91' lang='lat' dir='ltr'>modo</span> <span class='ocrx_word' id='word_1_90' title='bbox 1813 1701 2156 1778; x_wconf 86' lang='lat' dir='ltr'>deducta</span> <span class='ocrx_word' id='word_1_91' title='bbox 2187 1701 2523 1778; x_wconf 87' lang='lat' dir='ltr'>feliciter</span> <span class='ocrx_word' id='word_1_92' title='bbox 2567 1729 2657 1779; x_wconf 87' lang='lat' dir='ltr'>ac</span> 
     </span>
     <span class='ocr_line' id='line_1_14' title="bbox 403 1805 2659 1904; baseline -0.001 -20"><span class='ocrx_word' id='word_1_93' title='bbox 403 1805 705 1884; x_wconf 85' lang='lat' dir='ltr'>deflexa</span> <span class='ocrx_word' id='word_1_94' title='bbox 769 1806 865 1881; x_wconf 89' lang='lat' dir='ltr'>ad</span> <span class='ocrx_word' id='word_1_95' title='bbox 925 1808 1140 1884; x_wconf 89' lang='lat' dir='ltr'>aliud</span> <span class='ocrx_word' id='word_1_96' title='bbox 1195 1832 1467 1883; x_wconf 90' lang='lat' dir='ltr'>rerum</span> <span class='ocrx_word' id='word_1_97' title='bbox 1531 1829 1785 1904; x_wconf 90' lang='lat' dir='ltr'>genus</span> <span class='ocrx_word' id='word_1_98' title='bbox 1837 1808 2227 1881; x_wconf 87' lang='lat' dir='ltr'>sententia</span> <span class='ocrx_word' id='word_1_99' title='bbox 2283 1806 2410 1881; x_wconf 88' lang='lat' dir='ltr'>vel</span> <span class='ocrx_word' id='word_1_100' title='bbox 2474 1832 2659 1882; x_wconf 88' lang='lat' dir='ltr'>ora-</span> 
     </span>
     <span class='ocr_line' id='line_1_15' title="bbox 400 1911 2663 2011; baseline -0.001 -23"><span class='ocrx_word' id='word_1_101' title='bbox 400 1913 662 2005; x_wconf 90' lang='lat' dir='ltr'>tione,</span> <span class='ocrx_word' id='word_1_102' title='bbox 735 1924 1069 1987; x_wconf 85' lang='lat' dir='ltr'>certasse</span> <span class='ocrx_word' id='word_1_103' title='bbox 1128 1937 1314 1991; x_wconf 89' lang='lat' dir='ltr'>cum</span> <span class='ocrx_word' id='word_1_104' title='bbox 1360 1913 1668 1995; x_wconf 86' lang='lat' dir='ltr'>Graeco</span> <span class='ocrx_word' id='word_1_105' title='bbox 1729 1922 1989 2011; x_wconf 87' lang='lat' dir='ltr'>poeta.</span> <span class='ocrx_word' id='word_1_106' title='bbox 2093 1911 2462 2009; x_wconf 85' lang='lat' dir='ltr'>Inprimis</span> <span class='ocrx_word' id='word_1_107' title='bbox 2517 1937 2663 1986; x_wconf 90' lang='lat' dir='ltr'>au-</span> 
     </span>
     <span class='ocr_line' id='line_1_16' title="bbox 402 2014 2661 2115; baseline -0.001 -24"><span class='ocrx_word' id='word_1_108' title='bbox 402 2030 569 2091; x_wconf 88' lang='lat' dir='ltr'>tem</span> <span class='ocrx_word' id='word_1_109' title='bbox 612 2038 696 2089; x_wconf 91' lang='lat' dir='ltr'>se</span> <span class='ocrx_word' id='word_1_110' title='bbox 737 2015 1122 2091; x_wconf 85' lang='lat' dir='ltr'>Romanis</span> <span class='ocrx_word' id='word_1_111' title='bbox 1175 2016 1259 2089; x_wconf 91' lang='lat' dir='ltr'>in</span> <span class='ocrx_word' id='word_1_112' title='bbox 1299 2016 1636 2090; x_wconf 88' lang='lat' dir='ltr'>Homeri</span> <span class='ocrx_word' id='word_1_113' title='bbox 1681 2014 2122 2088; x_wconf 86' lang='lat' dir='ltr'>imitatione</span> <span class='ocrx_word' id='word_1_114' title='bbox 2163 2037 2661 2115; x_wconf 81' lang='lat' dir='ltr'>magnopere</span> 
     </span>
     <span class='ocr_line' id='line_1_17' title="bbox 402 2116 2662 2222; baseline 0 -29"><span class='ocrx_word' id='word_1_115' title='bbox 402 2118 745 2222; x_wconf 89' lang='lat' dir='ltr'>probare</span> <span class='ocrx_word' id='word_1_116' title='bbox 777 2117 1059 2195; x_wconf 88' lang='lat' dir='ltr'>debuit</span> <span class='ocrx_word' id='word_1_117' title='bbox 1085 2118 1339 2198; x_wconf 88' lang='lat' dir='ltr'>cultus</span> <span class='ocrx_word' id='word_1_118' title='bbox 1366 2119 1743 2215; x_wconf 89' lang='lat' dir='ltr'>Augustei</span> <span class='ocrx_word' id='word_1_119' title='bbox 1788 2116 2115 2213; x_wconf 91' lang='lat' dir='ltr'>saeculi,</span> <span class='ocrx_word' id='word_1_120' title='bbox 2171 2142 2334 2218; x_wconf 94' lang='lat' dir='ltr'>quo</span> <span class='ocrx_word' id='word_1_121' title='bbox 2363 2118 2662 2219; x_wconf 87' lang='lat' dir='ltr'>simpli-</span> 
     </span>
     <span class='ocr_line' id='line_1_18' title="bbox 405 2219 2662 2319; baseline -0.001 -22"><span class='ocrx_word' id='word_1_122' title='bbox 405 2225 589 2297; x_wconf 85' lang='lat' dir='ltr'>citas</span> <span class='ocrx_word' id='word_1_123' title='bbox 631 2221 949 2318; x_wconf 88' lang='lat' dir='ltr'>inculta,</span> <span class='ocrx_word' id='word_1_124' title='bbox 1007 2235 1087 2298; x_wconf 88' lang='lat' dir='ltr'>et</span> <span class='ocrx_word' id='word_1_125' title='bbox 1122 2220 1450 2300; x_wconf 88' lang='lat' dir='ltr'>horrida</span> <span class='ocrx_word' id='word_1_126' title='bbox 1478 2219 1887 2297; x_wconf 89' lang='lat' dir='ltr'>interdum</span> <span class='ocrx_word' id='word_1_127' title='bbox 1922 2222 2260 2296; x_wconf 90' lang='lat' dir='ltr'>Homeri</span> <span class='ocrx_word' id='word_1_128' title='bbox 2292 2235 2662 2319; x_wconf 81' lang='lat' dir='ltr'>vetustaS,</span> 
     </span>
     <span class='ocr_line' id='line_1_19' title="bbox 404 2324 2664 2423; baseline 0 -24"><span class='ocrx_word' id='word_1_129' title='bbox 404 2338 538 2401; x_wconf 88' lang='lat' dir='ltr'>aut</span> <span class='ocrx_word' id='word_1_130' title='bbox 568 2327 777 2401; x_wconf 89' lang='lat' dir='ltr'>iners</span> <span class='ocrx_word' id='word_1_131' title='bbox 811 2324 1181 2423; x_wconf 87' lang='lat' dir='ltr'>languor,</span> <span class='ocrx_word' id='word_1_132' title='bbox 1234 2325 1488 2400; x_wconf 90' lang='lat' dir='ltr'>modo</span> <span class='ocrx_word' id='word_1_133' title='bbox 1537 2325 1638 2400; x_wconf 90' lang='lat' dir='ltr'>ad</span> <span class='ocrx_word' id='word_1_134' title='bbox 1667 2324 2218 2399; x_wconf 88' lang='lat' dir='ltr'>honestiorem</span> <span class='ocrx_word' id='word_1_135' title='bbox 2270 2339 2349 2400; x_wconf 93' lang='lat' dir='ltr'>et</span> <span class='ocrx_word' id='word_1_136' title='bbox 2390 2326 2664 2400; x_wconf 89' lang='lat' dir='ltr'>mitio-</span> 
     </span>
     <span class='ocr_line' id='line_1_20' title="bbox 404 2426 2665 2525; baseline 0 -22"><span class='ocrx_word' id='word_1_137' title='bbox 404 2453 580 2504; x_wconf 86' lang='lat' dir='ltr'>rem</span> <span class='ocrx_word' id='word_1_138' title='bbox 620 2428 921 2504; x_wconf 90' lang='lat' dir='ltr'>cultum</span> <span class='ocrx_word' id='word_1_139' title='bbox 967 2456 1009 2504; x_wconf 87' lang='lat' dir='ltr'>a</span> <span class='ocrx_word' id='word_1_140' title='bbox 1050 2436 1422 2525; x_wconf 89' lang='lat' dir='ltr'>Marone,</span> <span class='ocrx_word' id='word_1_141' title='bbox 1474 2429 1728 2504; x_wconf 83' lang='lat' dir='ltr'>mo&#39;do</span> <span class='ocrx_word' id='word_1_142' title='bbox 1765 2426 1864 2503; x_wconf 91' lang='lat' dir='ltr'>ad</span> <span class='ocrx_word' id='word_1_143' title='bbox 1910 2426 2480 2525; x_wconf 89' lang='lat' dir='ltr'>elegantiorem</span> <span class='ocrx_word' id='word_1_144' title='bbox 2527 2453 2665 2504; x_wconf 90' lang='lat' dir='ltr'>or-</span> 
     </span>
     <span class='ocr_line' id='line_1_21' title="bbox 296 2531 2666 2632; baseline 0 -24"><span class='ocrx_word' id='word_1_145' title='bbox 296 2531 318 2547; x_wconf 82' lang='lat'>&#39;</span> <span class='ocrx_word' id='word_1_146' title='bbox 405 2533 678 2608; x_wconf 83' lang='lat' dir='ltr'>natum</span> <span class='ocrx_word' id='word_1_147' title='bbox 721 2546 854 2608; x_wconf 91' lang='lat' dir='ltr'>aut</span> <span class='ocrx_word' id='word_1_148' title='bbox 902 2534 1002 2609; x_wconf 88' lang='lat' dir='ltr'>ad</span> <span class='ocrx_word' id='word_1_149' title='bbox 1038 2535 1562 2609; x_wconf 86' lang='lat' dir='ltr'>incitatiorem</span> <span class='ocrx_word' id='word_1_150' title='bbox 1597 2535 1760 2607; x_wconf 85' lang='lat' dir='ltr'>vim</span> <span class='ocrx_word' id='word_1_151' title='bbox 1798 2545 2239 2632; x_wconf 85' lang='lat' dir='ltr'>temperata</span> <span class='ocrx_word' id='word_1_152' title='bbox 2277 2546 2412 2611; x_wconf 91' lang='lat' dir='ltr'>est.</span> <span class='ocrx_word' id='word_1_153' title='bbox 2485 2538 2666 2609; x_wconf 90' lang='lat' dir='ltr'>Hoc</span> 
     </span>
     <span class='ocr_line' id='line_1_22' title="bbox 404 2634 2666 2737; baseline 0.001 -26"><span class='ocrx_word' id='word_1_154' title='bbox 404 2637 738 2712; x_wconf 88' lang='lat' dir='ltr'>nomine</span> <span class='ocrx_word' id='word_1_155' title='bbox 773 2637 941 2736; x_wconf 91' lang='lat' dir='ltr'>ipse</span> <span class='ocrx_word' id='word_1_156' title='bbox 968 2643 1275 2714; x_wconf 88' lang='lat' dir='ltr'>Aeneas</span> <span class='ocrx_word' id='word_1_157' title='bbox 1309 2634 2036 2712; x_wconf 88' lang='lat' dir='ltr'>commendabilior</span> <span class='ocrx_word' id='word_1_158' title='bbox 2072 2634 2326 2712; x_wconf 88' lang='lat' dir='ltr'>videri</span> <span class='ocrx_word' id='word_1_159' title='bbox 2366 2638 2666 2737; x_wconf 86' lang='lat' dir='ltr'>potuit:</span> 
     </span>
     <span class='ocr_line' id='line_1_23' title="bbox 407 2738 2666 2840; baseline -0 -23"><span class='ocrx_word' id='word_1_160' title='bbox 407 2740 780 2817; x_wconf 87' lang='lat' dir='ltr'>omnibus</span> <span class='ocrx_word' id='word_1_161' title='bbox 814 2741 979 2816; x_wconf 89' lang='lat' dir='ltr'>eius</span> <span class='ocrx_word' id='word_1_162' title='bbox 1010 2740 1270 2833; x_wconf 81' lang='lat' dir='ltr'>factiS,</span> <span class='ocrx_word' id='word_1_163' title='bbox 1322 2740 1687 2815; x_wconf 91' lang='lat' dir='ltr'>moribus</span> <span class='ocrx_word' id='word_1_164' title='bbox 1723 2765 1811 2814; x_wconf 90' lang='lat' dir='ltr'>ac</span> <span class='ocrx_word' id='word_1_165' title='bbox 1848 2738 2068 2814; x_wconf 90' lang='lat' dir='ltr'>dictis</span> <span class='ocrx_word' id='word_1_166' title='bbox 2098 2741 2357 2815; x_wconf 89' lang='lat' dir='ltr'>maior</span> <span class='ocrx_word' id='word_1_167' title='bbox 2382 2740 2666 2840; x_wconf 90' lang='lat' dir='ltr'>aliquis</span> 
     </span>
     <span class='ocr_line' id='line_1_24' title="bbox 403 2842 2668 2943; baseline 0 -24"><span class='ocrx_word' id='word_1_168' title='bbox 403 2842 912 2919; x_wconf 88' lang='lat' dir='ltr'>humanitatis</span> <span class='ocrx_word' id='word_1_169' title='bbox 956 2844 1209 2921; x_wconf 89' lang='lat' dir='ltr'>cultus</span> <span class='ocrx_word' id='word_1_170' title='bbox 1252 2846 1496 2938; x_wconf 81' lang='lat' dir='ltr'>inest3</span> <span class='ocrx_word' id='word_1_171' title='bbox 1553 2856 1967 2943; x_wconf 86' lang='lat' dir='ltr'>apparatus</span> <span class='ocrx_word' id='word_1_172' title='bbox 2011 2868 2286 2918; x_wconf 89' lang='lat' dir='ltr'>rerum</span> <span class='ocrx_word' id='word_1_173' title='bbox 2323 2858 2506 2919; x_wconf 91' lang='lat' dir='ltr'>sunt</span> <span class='ocrx_word' id='word_1_174' title='bbox 2537 2869 2668 2920; x_wconf 88' lang='lat' dir='ltr'>or-</span> 
     </span>
     <span class='ocr_line' id='line_1_25' title="bbox 406 2945 2668 3046; baseline 0.001 -25"><span class='ocrx_word' id='word_1_175' title='bbox 406 2948 790 3039; x_wconf 84' lang='lat' dir='ltr'>natiores;</span> <span class='ocrx_word' id='word_1_176' title='bbox 865 2962 1335 3024; x_wconf 88' lang='lat' dir='ltr'>ornamenta</span> <span class='ocrx_word' id='word_1_177' title='bbox 1382 2947 1750 3046; x_wconf 79' lang='lat' dir='ltr'>dignitaS,</span> <span class='ocrx_word' id='word_1_178' title='bbox 1808 2945 2198 3046; x_wconf 89' lang='lat' dir='ltr'>splendor</span> <span class='ocrx_word' id='word_1_179' title='bbox 2229 2962 2309 3023; x_wconf 93' lang='lat' dir='ltr'>et</span> <span class='ocrx_word' id='word_1_180' title='bbox 2347 2948 2668 3044; x_wconf 86' lang='lat' dir='ltr'>elegan-</span> 
     </span>
     <span class='ocr_line' id='line_1_26' title="bbox 405 3050 2667 3149; baseline 0.001 -25"><span class='ocrx_word' id='word_1_181' title='bbox 405 3052 548 3144; x_wconf 86' lang='lat' dir='ltr'>tia,</span> <span class='ocrx_word' id='word_1_182' title='bbox 594 3061 1240 3149; x_wconf 67' lang='grc' dir='ltr'><strong><em>μεγαλοπρέπεια,</em></strong></span> <span class='ocrx_word' id='word_1_183' title='bbox 1295 3050 1438 3126; x_wconf 92' lang='lat' dir='ltr'>sed</span> <span class='ocrx_word' id='word_1_184' title='bbox 1467 3051 1816 3126; x_wconf 90' lang='lat' dir='ltr'>heroum</span> <span class='ocrx_word' id='word_1_185' title='bbox 1849 3051 2211 3149; x_wconf 90' lang='lat' dir='ltr'>personis</span> <span class='ocrx_word' id='word_1_186' title='bbox 2259 3052 2516 3149; x_wconf 87' lang='lat' dir='ltr'>digna,</span> <span class='ocrx_word' id='word_1_187' title='bbox 2570 3052 2667 3126; x_wconf 90' lang='lat' dir='ltr'>il-</span> 
     </span>
     <span class='ocr_line' id='line_1_27' title="bbox 404 3153 2666 3256; baseline 0.002 -28"><span class='ocrx_word' id='word_1_188' title='bbox 404 3153 698 3234; x_wconf 87' lang='lat' dir='ltr'>lustrat.</span> <span class='ocrx_word' id='word_1_189' title='bbox 805 3157 1027 3247; x_wconf 84' lang='lat' dir='ltr'>Quae</span> <span class='ocrx_word' id='word_1_190' title='bbox 1064 3153 1394 3254; x_wconf 92' lang='lat' dir='ltr'>quidem</span> <span class='ocrx_word' id='word_1_191' title='bbox 1425 3156 1656 3230; x_wconf 91' lang='lat' dir='ltr'>resin</span> <span class='ocrx_word' id='word_1_192' title='bbox 1686 3154 2010 3250; x_wconf 87' lang='lat' dir='ltr'>longam</span> <span class='ocrx_word' id='word_1_193' title='bbox 2043 3155 2666 3256; x_wconf 85' lang='lat' dir='ltr'>disputationem</span> 
     </span>
     <span class='ocr_line' id='line_1_28' title="bbox 407 3255 2666 3360; baseline 0.001 -27"><span class='ocrx_word' id='word_1_194' title='bbox 407 3255 694 3333; x_wconf 88' lang='lat' dir='ltr'>adduci</span> <span class='ocrx_word' id='word_1_195' title='bbox 724 3271 1028 3354; x_wconf 92' lang='lat' dir='ltr'>posset,</span> <span class='ocrx_word' id='word_1_196' title='bbox 1097 3257 1160 3331; x_wconf 90' lang='lat' dir='ltr'>si</span> <span class='ocrx_word' id='word_1_197' title='bbox 1216 3259 1453 3332; x_wconf 85' lang='lat' dir='ltr'>animi</span> <span class='ocrx_word' id='word_1_198' title='bbox 1492 3260 1738 3355; x_wconf 89' lang='lat' dir='ltr'>magis</span> <span class='ocrx_word' id='word_1_199' title='bbox 1789 3258 2133 3336; x_wconf 91' lang='lat' dir='ltr'>lubitum</span> <span class='ocrx_word' id='word_1_200' title='bbox 2181 3285 2422 3360; x_wconf 88' lang='lat' dir='ltr'>quam</span> <span class='ocrx_word' id='word_1_201' title='bbox 2473 3262 2666 3336; x_wconf 88' lang='lat' dir='ltr'>scri-</span> 
     </span>
     <span class='ocr_line' id='line_1_29' title="bbox 407 3360 2666 3461; baseline 0.003 -27"><span class='ocrx_word' id='word_1_202' title='bbox 407 3360 700 3460; x_wconf 89' lang='lat' dir='ltr'>ptionis</span> <span class='ocrx_word' id='word_1_203' title='bbox 730 3360 1146 3438; x_wconf 89' lang='lat' dir='ltr'>consilium</span> <span class='ocrx_word' id='word_1_204' title='bbox 1184 3363 1563 3461; x_wconf 89' lang='lat' dir='ltr'>prosequi</span> <span class='ocrx_word' id='word_1_205' title='bbox 1595 3360 2016 3437; x_wconf 88' lang='lat' dir='ltr'>mallemus</span> <span class='ocrx_word' id='word_1_206' title='bbox 2033 3370 2191 3460; x_wconf 82' lang='lat'>**);</span> <span class='ocrx_word' id='word_1_207' title='bbox 2231 3387 2666 3440; x_wconf 90' lang='lat' dir='ltr'>monemus</span> 
     </span>
    </p>
   </div>
   <div class='ocr_carea' id='block_1_3' title="bbox 412 3549 829 3559">
    <p class='ocr_par' dir='ltr' id='par_1_3' title="bbox 412 3549 829 3559">
     <span class='ocr_line' id='line_1_30' title="bbox 412 3549 829 3559; baseline 0 1469"><span class='ocrx_word' id='word_1_208' title='bbox 412 3549 829 3559; x_wconf 95' lang='lat' dir='ltr'> </span> 
     </span>
    </p>
   </div>
   <div class='ocr_carea' id='block_1_4' title="bbox 407 3638 2736 4503">
    <p class='ocr_par' dir='ltr' id='par_1_4' title="bbox 407 3638 2667 3979">
     <span class='ocr_line' id='line_1_31' title="bbox 575 3638 2667 3725; baseline 0.002 -22"><span class='ocrx_word' id='word_1_209' title='bbox 575 3638 638 3725; x_wconf 76' lang='lat'>¹⁰¹)</span> <span class='ocrx_word' id='word_1_210' title='bbox 683 3643 819 3718; x_wconf 86' lang='lat' dir='ltr'>Qua</span> <span class='ocrx_word' id='word_1_211' title='bbox 858 3653 987 3702; x_wconf 87' lang='lat' dir='ltr'>arte</span> <span class='ocrx_word' id='word_1_212' title='bbox 1026 3643 1303 3722; x_wconf 74' lang='lat' dir='ltr'>Virgilius</span> <span class='ocrx_word' id='word_1_213' title='bbox 1348 3643 1578 3703; x_wconf 85' lang='lat' dir='ltr'>colores</span> <span class='ocrx_word' id='word_1_214' title='bbox 1625 3644 1885 3723; x_wconf 83' lang='lat' dir='ltr'>singulos</span> <span class='ocrx_word' id='word_1_215' title='bbox 1926 3644 2253 3722; x_wconf 79' lang='lat' dir='ltr'>imaginum</span> <span class='ocrx_word' id='word_1_216' title='bbox 2286 3646 2384 3705; x_wconf 83' lang='lat' dir='ltr'>vel</span> <span class='ocrx_word' id='word_1_217' title='bbox 2434 3647 2667 3708; x_wconf 86' lang='lat' dir='ltr'>descri-</span> 
     </span>
     <span class='ocr_line' id='line_1_32' title="bbox 407 3726 2666 3810; baseline 0.004 -24"><span class='ocrx_word' id='word_1_218' title='bbox 407 3726 681 3807; x_wconf 87' lang='lat' dir='ltr'>ptionum</span> <span class='ocrx_word' id='word_1_219' title='bbox 724 3729 970 3789; x_wconf 85' lang='lat' dir='ltr'>Homeri</span> <span class='ocrx_word' id='word_1_220' title='bbox 997 3729 1316 3810; x_wconf 84' lang='lat' dir='ltr'>elegantiae</span> <span class='ocrx_word' id='word_1_221' title='bbox 1342 3748 1582 3788; x_wconf 89' lang='lat' dir='ltr'>morum</span> <span class='ocrx_word' id='word_1_222' title='bbox 1606 3731 1825 3790; x_wconf 87' lang='lat' dir='ltr'>saeculi</span> <span class='ocrx_word' id='word_1_223' title='bbox 1855 3730 1946 3789; x_wconf 86' lang='lat' dir='ltr'>sui</span> <span class='ocrx_word' id='word_1_224' title='bbox 1978 3731 2056 3789; x_wconf 83' lang='lat' dir='ltr'>ad</span> <span class='ocrx_word' id='word_1_225' title='bbox 2099 3731 2326 3790; x_wconf 88' lang='lat' dir='ltr'>animos</span> <span class='ocrx_word' id='word_1_226' title='bbox 2353 3733 2666 3794; x_wconf 84' lang='lat' dir='ltr'>oblectan-</span> 
     </span>
     <span class='ocr_line' id='line_1_33' title="bbox 408 3813 2666 3896; baseline 0.004 -22"><span class='ocrx_word' id='word_1_227' title='bbox 408 3813 520 3874; x_wconf 82' lang='lat' dir='ltr'>dos</span> <span class='ocrx_word' id='word_1_228' title='bbox 559 3815 1135 3891; x_wconf 76' lang='lat' dir='ltr'>accommodaverit,</span> <span class='ocrx_word' id='word_1_229' title='bbox 1200 3815 1472 3894; x_wconf 83' lang='lat' dir='ltr'>exemplo</span> <span class='ocrx_word' id='word_1_230' title='bbox 1527 3817 1691 3877; x_wconf 87' lang='lat' dir='ltr'>claro</span> <span class='ocrx_word' id='word_1_231' title='bbox 1736 3816 2080 3896; x_wconf 85' lang='lat' dir='ltr'>apparebit,</span> <span class='ocrx_word' id='word_1_232' title='bbox 2136 3817 2183 3876; x_wconf 87' lang='lat' dir='ltr'>si</span> <span class='ocrx_word' id='word_1_233' title='bbox 2226 3816 2547 3879; x_wconf 85' lang='lat' dir='ltr'>Aeneidem</span> <span class='ocrx_word' id='word_1_234' title='bbox 2594 3823 2666 3896; x_wconf 90' lang='lat' dir='ltr'>V,</span> 
     </span>
     <span class='ocr_line' id='line_1_34' title="bbox 408 3901 2388 3979; baseline -0.001 -14"><span class='ocrx_word' id='word_1_235' title='bbox 408 3902 536 3965; x_wconf 81' lang='lat'>328</span> <span class='ocrx_word' id='word_1_236' title='bbox 554 3932 629 3943; x_wconf 88' lang='lat'>—</span> <span class='ocrx_word' id='word_1_237' title='bbox 648 3904 792 3965; x_wconf 82' lang='lat'><strong>333.</strong></span> <span class='ocrx_word' id='word_1_238' title='bbox 820 3921 960 3960; x_wconf 75' lang='lat' dir='ltr'>cum</span> <span class='ocrx_word' id='word_1_239' title='bbox 988 3902 1173 3961; x_wconf 86' lang='lat' dir='ltr'>Iliade</span> <span class='ocrx_word' id='word_1_240' title='bbox 1201 3923 1274 3979; x_wconf 85' lang='grc' dir='ltr'>ψ,</span> <span class='ocrx_word' id='word_1_241' title='bbox 1323 3904 1450 3965; x_wconf 86' lang='grc'>769</span> <span class='ocrx_word' id='word_1_242' title='bbox 1468 3935 1550 3946; x_wconf 91' lang='grc'>--</span> <span class='ocrx_word' id='word_1_243' title='bbox 1567 3907 1712 3967; x_wconf 85' lang='grc'><strong>773.</strong></span> <span class='ocrx_word' id='word_1_244' title='bbox 1745 3901 2095 3962; x_wconf 85' lang='lat' dir='ltr'>contuleris.</span> <span class='ocrx_word' id='word_1_245' title='bbox 2197 3906 2388 3964; x_wconf 73' lang='lat' dir='ltr'>Wclz.</span> 
     </span>
    </p>

    <p class='ocr_par' dir='ltr' id='par_1_5' title="bbox 407 3982 2736 4503">
     <span class='ocr_line' id='line_1_35' title="bbox 578 3982 2669 4068; baseline 0.003 -24"><span class='ocrx_word' id='word_1_246' title='bbox 578 3982 664 4067; x_wconf 74' lang='grc'>**)</span> <span class='ocrx_word' id='word_1_247' title='bbox 709 3987 945 4066; x_wconf 86' lang='lat' dir='ltr'>Scripta</span> <span class='ocrx_word' id='word_1_248' title='bbox 974 3987 1121 4047; x_wconf 90' lang='lat' dir='ltr'>haec</span> <span class='ocrx_word' id='word_1_249' title='bbox 1150 3996 1323 4047; x_wconf 86' lang='lat' dir='ltr'>erant</span> <span class='ocrx_word' id='word_1_250' title='bbox 1339 4031 1358 4064; x_wconf 89' lang='lat'>‚</span> <span class='ocrx_word' id='word_1_251' title='bbox 1402 4007 1540 4046; x_wconf 88' lang='lat' dir='ltr'>cum</span> <span class='ocrx_word' id='word_1_252' title='bbox 1570 3991 1636 4064; x_wconf 75' lang='lat' dir='ltr'>in</span> <span class='ocrx_word' id='word_1_253' title='bbox 1661 4009 1875 4048; x_wconf 86' lang='lat' dir='ltr'>manus</span> <span class='ocrx_word' id='word_1_254' title='bbox 1907 3989 2223 4049; x_wconf 80' lang='lat' dir='ltr'>sumsimus</span> <span class='ocrx_word' id='word_1_255' title='bbox 2248 3992 2500 4068; x_wconf 75' lang='lat' dir='ltr'>Hurdii,</span> <span class='ocrx_word' id='word_1_256' title='bbox 2543 3992 2669 4051; x_wconf 88' lang='lat' dir='ltr'>ele-</span> 
     </span>
     <span class='ocr_line' id='line_1_36' title="bbox 407 4069 2667 4159; baseline 0.005 -32"><span class='ocrx_word' id='word_1_257' title='bbox 407 4069 730 4149; x_wconf 83' lang='lat' dir='ltr'>gantissimi</span> <span class='ocrx_word' id='word_1_258' title='bbox 755 4072 1030 4133; x_wconf 86' lang='lat' dir='ltr'>Britanni</span> <span class='ocrx_word' id='word_1_259' title='bbox 1056 4071 1253 4154; x_wconf 68' lang='lat' dir='ltr'>(nunc</span> <span class='ocrx_word' id='word_1_260' title='bbox 1284 4073 1558 4152; x_wconf 77' lang='lat' dir='ltr'>Episcopi</span> <span class='ocrx_word' id='word_1_261' title='bbox 1587 4074 2072 4134; x_wconf 82' lang='lat' dir='ltr'>Worcestriensis</span> <span class='ocrx_word' id='word_1_262' title='bbox 2104 4076 2483 4159; x_wconf 82' lang='lat' dir='ltr'>gravissimi),</span> <span class='ocrx_word' id='word_1_263' title='bbox 2537 4079 2667 4138; x_wconf 79' lang='lat' dir='ltr'>dis-</span> 
     </span>
     <span class='ocr_line' id='line_1_37' title="bbox 409 4157 2663 4243; baseline 0.005 -30"><span class='ocrx_word' id='word_1_264' title='bbox 409 4157 774 4234; x_wconf 86' lang='lat' dir='ltr'>putationem</span> <span class='ocrx_word' id='word_1_265' title='bbox 804 4158 878 4218; x_wconf 89' lang='lat' dir='ltr'>‹le</span> <span class='ocrx_word' id='word_1_266' title='bbox 906 4159 1235 4219; x_wconf 83' lang='lat' dir='ltr'>imitatione</span> <span class='ocrx_word' id='word_1_267' title='bbox 1265 4160 1498 4239; x_wconf 84' lang='lat' dir='ltr'>poetica</span> <span class='ocrx_word' id='word_1_268' title='bbox 1516 4203 1533 4233; x_wconf 89' lang='lat'>,</span> <span class='ocrx_word' id='word_1_269' title='bbox 1577 4161 1679 4238; x_wconf 87' lang='lat' dir='ltr'>qui</span> <span class='ocrx_word' id='word_1_270' title='bbox 1708 4159 2013 4242; x_wconf 87' lang='lat' dir='ltr'>praeclare</span> <span class='ocrx_word' id='word_1_271' title='bbox 2041 4180 2169 4220; x_wconf 88' lang='lat' dir='ltr'>rem</span> <span class='ocrx_word' id='word_1_272' title='bbox 2206 4163 2469 4241; x_wconf 83' lang='lat' dir='ltr'>expedit,</span> <span class='ocrx_word' id='word_1_273' title='bbox 2513 4185 2663 4243; x_wconf 85' lang='lat' dir='ltr'>qua-</span> 
     </span>
     <span class='ocr_line' id='line_1_38' title="bbox 408 4244 2736 4325; baseline 0.006 -26"><span class='ocrx_word' id='word_1_274' title='bbox 408 4252 583 4300; x_wconf 80' lang='lat' dir='ltr'>tenus</span> <span class='ocrx_word' id='word_1_275' title='bbox 611 4253 672 4301; x_wconf 85' lang='lat' dir='ltr'>ct</span> <span class='ocrx_word' id='word_1_276' title='bbox 701 4263 908 4308; x_wconf 85' lang='lat' dir='ltr'>rerum</span> <span class='ocrx_word' id='word_1_277' title='bbox 953 4267 985 4303; x_wconf 88' lang='lat' dir='ltr'>a</span> <span class='ocrx_word' id='word_1_278' title='bbox 1021 4244 1214 4325; x_wconf 84' lang='lat' dir='ltr'>poetis</span> <span class='ocrx_word' id='word_1_279' title='bbox 1258 4244 1710 4306; x_wconf 78' lang='lat' dir='ltr'>tractandarum</span> <span class='ocrx_word' id='word_1_280' title='bbox 1746 4255 1809 4304; x_wconf 84' lang='lat' dir='ltr'>et</span> <span class='ocrx_word' id='word_1_281' title='bbox 1848 4246 2216 4324; x_wconf 83' lang='lat' dir='ltr'>ingeniorum</span> <span class='ocrx_word' id='word_1_282' title='bbox 2257 4257 2484 4308; x_wconf 83' lang='lat' dir='ltr'>tantam</span> <span class='ocrx_word' id='word_1_283' title='bbox 2508 4250 2670 4312; x_wconf 86' lang='lat' dir='ltr'>inter</span> <span class='ocrx_word' id='word_1_284' title='bbox 2714 4309 2736 4322; x_wconf 80' lang='lat'>,</span> 
     </span>
     <span class='ocr_line' id='line_1_39' title="bbox 408 4328 2667 4416; baseline 0.005 -31"><span class='ocrx_word' id='word_1_285' title='bbox 408 4346 469 4385; x_wconf 83' lang='lat' dir='ltr'>se</span> <span class='ocrx_word' id='word_1_286' title='bbox 495 4347 617 4386; x_wconf 85' lang='lat' dir='ltr'>esse</span> <span class='ocrx_word' id='word_1_287' title='bbox 658 4328 1003 4396; x_wconf 81' lang='lat' dir='ltr'>affinitatem</span> <span class='ocrx_word' id='word_1_288' title='bbox 1046 4331 1255 4407; x_wconf 86' lang='lat' dir='ltr'>docet,</span> <span class='ocrx_word' id='word_1_289' title='bbox 1299 4341 1370 4390; x_wconf 89' lang='lat' dir='ltr'>ut</span> <span class='ocrx_word' id='word_1_290' title='bbox 1396 4332 1599 4411; x_wconf 85' lang='lat' dir='ltr'>plures</span> <span class='ocrx_word' id='word_1_291' title='bbox 1629 4332 1835 4390; x_wconf 85' lang='lat' dir='ltr'>eadem</span> <span class='ocrx_word' id='word_1_292' title='bbox 1872 4342 1978 4391; x_wconf 87' lang='lat' dir='ltr'>aut</span> <span class='ocrx_word' id='word_1_293' title='bbox 2006 4334 2215 4392; x_wconf 88' lang='lat' dir='ltr'>eodem</span> <span class='ocrx_word' id='word_1_294' title='bbox 2247 4336 2428 4394; x_wconf 85' lang='lat' dir='ltr'>modo</span> <span class='ocrx_word' id='word_1_295' title='bbox 2470 4338 2667 4416; x_wconf 88' lang='lat' dir='ltr'>eloqui</span> 
     </span>
     <span class='ocr_line' id='line_1_40' title="bbox 408 4417 2670 4503; baseline 0.005 -29"><span class='ocrx_word' id='word_1_296' title='bbox 408 4432 642 4474; x_wconf 82' lang='lat' dir='ltr'>necesse</span> <span class='ocrx_word' id='word_1_297' title='bbox 669 4417 782 4493; x_wconf 67' lang='lat' dir='ltr'>sit,</span> <span class='ocrx_word' id='word_1_298' title='bbox 828 4417 973 4476; x_wconf 86' lang='lat' dir='ltr'>bene</span> <span class='ocrx_word' id='word_1_299' title='bbox 1004 4419 1182 4477; x_wconf 83' lang='lat' dir='ltr'>etiam</span> <span class='ocrx_word' id='word_1_300' title='bbox 1214 4426 1386 4476; x_wconf 77' lang='lat' dir='ltr'>notas</span> <span class='ocrx_word' id='word_1_301' title='bbox 1417 4437 1597 4477; x_wconf 83' lang='lat' dir='ltr'>verae</span> <span class='ocrx_word' id='word_1_302' title='bbox 1621 4418 1972 4479; x_wconf 78' lang='lat' dir='ltr'>imitationis</span> <span class='ocrx_word' id='word_1_303' title='bbox 2013 4420 2280 4501; x_wconf 87' lang='lat' dir='ltr'>apponit.</span> <span class='ocrx_word' id='word_1_304' title='bbox 2372 4421 2670 4503; x_wconf 68' lang='lat' dir='ltr'>(Adficiu-</span> 
     </span>
    </p>
   </div>
  </div>
 </body>
</html>
