2882 5028
415 336 567 410 584
954 323 1846 400 EXCURSUS
1948 322 2123 395 XII

950 593 1819 684 EXCURSUS
1905 593 2117 680 XII

751 765 1674 856 Neoptolemi
1787 762 2328 829 caedes.

592 945 692 1020 111,
738 948 819 1008 27
844 962 970 1020 sqq.
1016 943 1189 1015 Noa,
1244 941 1455 1020 patria
1495 940 1737 996 incensa
1757 982 1773 1013 ,
1836 940 2072 998 diversa
2106 959 2220 1015 per
2250 957 2517 1017 aequora
2560 958 2654 994 ve-

424 1043 554 1091 ctae
571 1030 784 1089 —Aat
808 1029 1079 1087 illum—
1098 1026 1328 1085 Orestes
1357 1026 1606 1101 Excipit
1630 1027 1937 1082 incautum
1971 1027 2325 1102 patriasque
2358 1021 2654 1080 ohtnmcat

425 1117 514 1177 ad
557 1138 720 1174 aras.
824 1115 1089 1172 Primum
1145 1111 1220 1170 de
1274 1109 1395 1169 hoc
1447 1110 1733 1168 monebo·
1789 1108 2203 1174 Andromache
2243 1117 2499 1186 sequuta
2542 1115 2654 1166 erat

426 1211 729 1278 tamquam
758 1200 993 1279 captiva
1016 1196 1465 1277 Neoptolemum
1507 1215 1612 1254 seu
1644 1195 1965 1293 Pyrrhum.
2011 1196 2178 1253 cuius
2222 1213 2460 1254 errores
2502 1192 2653 1253 varie

426 1287 636 1348 tuditi
676 1295 847 1360 sunt,
889 1305 922 1342 a
950 1283 1244 1364 plerisque
1267 1282 1385 1356 ita,
1430 1289 1502 1340 ut
1531 1282 1815 1340 maritimi
1854 1290 2075 1355 essent3
2118 1280 2190 1337 ab
2230 1279 2360 1340 aliis
2394 1278 2655 1337 terrestri

426 1374 670 1434 itinere:
732 1370 849 1430 hoc
912 1370 1164 1428 alterum
1215 1376 1503 1444 sequutus
1558 1376 1689 1425 erat
1754 1377 1965 1426 auctor
2019 1360 2272 1428 Νόστων
2333 1365 2655 1424 secundum

429 1458 735 1519 Proclum.
812 1454 1234 1534 Νεοπτόλεμος
1287 1451 1383 1529 δὲ,
1446 1449 1690 1525 Θέτιδος
1731 1449 2152 1556 ὑποθεμένης,
2212 1454 2361 1535 πεζῇ
2406 1458 2657 1513 ποιεῖται

429 1568 542 1643 την
578 1542 861 1623 πορείαν,
916 1539 1017 1602 καὶ
1068 1534 1548 1645 παραγενόμενος
1600 1538 1685 1610 εἰς
1733 1532 2022 1641 Goonnv-
2023 1530 2308 1602 Ὀδυσσέα
2364 1543 2658 1615 καταλαμ-

431 1623 604 1732 βᾶνει
631 1628 696 1690 ἐν
719 1630 797 1711 τῇ
828 1626 1203 1724 Μαρωνείᾳ,
1248 1622 1350 1685 καὶ
1374 1619 1443 1686 ro*
1479 1619 1695 1685 λοιπόν
1731 1599 1907 1685 ἄνυει
1946 1626 2056 1700 τῆς
2093 1620 2277 1697 ὁδοῦ,
2321 1621 2421 1683 καὶ
2467 1627 2658 1683 τελευ-

430 1709 693 1820 νήσαντα
754 1712 1014 1774 Φοίνικα
1065 1706 1319 1772 θάπτει·
1408 1703 1591 1782 αυτὸς
1635 1705 1700 1770 δὲ
1742 1709 1828 1781 εἰς
1876 1703 2244 1779 Μολοσσους
2296 1700 2660 1786 ἐφικόμενος

331 1853 337 1859 .
432 1794 890 1883 ἅναγνωρίζεται
916 1800 1126 1875 Πηλεῖ.
1212 1795 1428 1854 Noster
1471 1802 1651 1874 poeta
1689 1793 1966 1872 Tragicos
2006 1813 2141 1851 cum
2181 1792 2438 1851 Pindaro
2490 1793 2560 1853 N.
2603 1799 2660 1866 7,

432 1885 514 1950 58
573 1905 658 1962 sq.
717 1891 1005 1960 sequutus
1061 1880 1214 1940 mari
1253 1881 1497 1939 rediisse
1539 1878 1840 1958 Pyrrhum
1893 1878 2201 1958 significat.
2286 1878 2506 1937 Porro:
2564 1880 2664 1957 qui

433 1970 641 2030 deinde
683 1980 962 2048 sequutus
1015 1968 1328 2025 Ledaeam
1371 1970 1739 2024 liermionen
1778 1965 2404 2042 Lacedaemoniosque
2462 1965 2663 2042 hyme-

432 2076 612 2114 naeos
636 2057 749 2112 Me
760 2053 1082 2130 famulam
1089 2052 1344 2129 famulo
1364 2052 1600 2110 Heleno
1638 2053 1965 2109 wan-emisit
1990 2049 2364 2107 habendam.-
2426 2051 2499 2108 cf.
2540 2050 2663 2108 Ex·-

434 2160 589 2199 curs.
643 2147 832 2197 antec.
871 2138 949 2196 X.
1034 2137 1151 2194 Ast
1190 2139 1364 2196 illam
1388 2182 1406 2212 ‚
1468 2149 1698 2213 ereptae
1738 2157 1964 2214 mag-no
2011 2137 2430 2212 injkzmmatus
2472 2155 2666 2193 amore

441 2226 728 2301 Coniugia
765 2235 820 2281 ec
857 2222 1140 2280 scelerum
1178 2225 1380 2281 Furiis
1417 2224 1690 2300 agitatae
1706 2265 1725 2296 ‚
1799 2223 2028 2280 Orestes
2070 2223 2317 2298 Excipit
2359 2223 2666 2280 incautum

427 2313 780 2388 patriasque
807 2306 1116 2367 obtruncat
1139 2309 1229 2366 ad
1250 2330 1414 2366 aras.
1505 2307 1685 2365 Poeta
1724 2325 1852 2366 rem
1893 2307 1976 2365 ita
2024 2305 2241 2380 tradit,
2285 2313 2359 2363 ιιι
2403 2304 2666 2385 Pyrrhus

433 2395 783 2455 Hermiones
817 2411 1017 2453 amore
1039 2404 1248 2472 captus
1284 2391 1610 2452 fastiditam
1643 2390 2102 2452 Andromachen
2144 2390 2369 2449 Heleno
2412 2401 2666 2471 nuptum
2688 2418 2705 2431 ·

436 2479 700 2556 dederit,
766 2488 953 2558 utque
1002 2487 1204 2558 postea
1261 2478 1562 2559 Pyrrhum
1614 2477 1886 2555 Orestes,
1945 2478 2040 2539 cui
2081 2476 2287 2536 eadem
2328 2477 2666 2553 Hermione,

301 2560 308 2583 ¹
433 2567 692 2629 Helenae
716 2568 1040 2625 Lacaenae
1071 2565 1191 2623 filia
1223 2565 1546 2645 Ledaeque
1580 2564 1728 2623 adeo
1757 2568 1951 2642 neptis
1969 2609 1985 2639 ‚
2034 2563 2150 2622 iam
2196 2564 2335 2622 olim
2382 2564 2668 2643 promissa

435 2656 635 2715 fuerat
663 2648 831 2731 (nota
852 2671 948 2710 rea
975 2650 1073 2709 vel
1099 2669 1174 2709 ex
1209 2650 1410 2710 Ovidii
1450 2651 1630 2729 Epist.
1668 2649 1848 2731 VIII),
1886 2649 2287 2725 intel-emelim
2351 2669 2474 2726 quo
2516 2651 2667 2709 sacto

439 2759 576 2822 pare
596 2737 793 2817 Epiri,
845 2734 1137 2812 Chaonia,
1181 2735 1405 2796 Heleno
1449 2735 1750 2814 regnanda
1782 2735 1900 2815 suit
1946 2734 2190 2794 tradita.
2247 2754 2308 2798 v.
2356 2736 2563 2815 Eurip.
2608 2737 2669 2794 in

436 2822 852 2886 Andromache
916 2831 977 2881 et
1032 2822 1097 2880 in
1157 2821 1385 2882 Oreste.
1470 2821 1586 2883 Alii
1626 2821 1827 2896 aliter5
1881 2842 2020 2882 nam
2062 2820 2227 2880 varie
2267 2839 2363 2879 rea
2411 2842 2447 2878 a
2489 2821 2668 2901 poetis

439 2918 711 2970 tractata.
754 2929 811 2968 v.
838 2907 1009 2967 Pind.
1034 2907 1199 2967 Nem.
1234 2912 1292 2983 7,
1322 2910 1403 2972 50
1434 2916 1495 2965 et
1516 2907 1600 2965 ibi
1625 2906 1824 2965 Schol.
1869 2907 1940 2966 cf.
1973 2909 2143 2966 Serv.
2173 2926 2302 2985 sup.
2334 2906 2414 2965 ad
2447 2928 2505 2966 v.
2532 2911 2669 2973 297.

437 2997 524 3055 De
550 2993 900 3055 Hermionen
929 3001 989 3051 et
1018 2991 1237 3071 Pyrrhi
1268 2993 1491 3072 nuptiis
1527 2991 1753 3052 fundus
1793 3002 1883 3052 eet
1925 3013 2016 3073 ap.
2062 2993 2305 3052 Homer.
2358 2992 2575 3072 Odyzs.
2618 2992 2667 3064 ὅ,

439 3084 480 3147 5
506 3101 630 3159 sqq.
715 3079 833 3137 Sed
864 3076 1156 3138 occiditur
1181 3076 1451 3157 Pyrihue
1478 3082 1722 3156 patriae
1766 3077 1853 3137 ad
1895 3100 2061 3138 aras·
2150 3077 2328 3139 Varie
2366 3078 2493 3137 iam
2537 3078 2669 3137 olim

437 3166 793 3244 interpretes
820 3172 1207 3242 acceperunt3
1246 3185 1306 3225 v.
1349 3165 1517 3223 Serv.
1553 3173 1616 3223 et
1650 3163 1935 3243 Pompon.
1981 3163 2115 3223 Sab.
2200 3164 2264 3223 Si
2306 3182 2380 3223 ex
2426 3184 2545 3223 usu
2582 3166 2670 3223 lo-

441 3250 664 3329 quendi
703 3268 799 3308 ree
844 3246 1258 3325 diiudicanda3
1315 3247 1740 3329 simplicissima
1781 3250 1936 3310 ratio
1978 3258 2100 3325 est,
2154 3258 2226 3308 ut
2258 3267 2572 3310 reversum
2610 3249 2669 3307 in

439 3334 698 3415 patriam
719 3332 1048 3412 Pyrrhum,
1091 3352 1219 3392 rem
1243 3354 1472 3394 sacram
1495 3334 1841 3410 facientem,
1895 3344 2036 3393 ante
2072 3353 2236 3394 aram
2273 3335 2518 3394 Orestes
2570 3354 2668 3393 oc-

441 3418 674 3480 ciderit.
756 3417 1006 3477 Phthiae
1041 3415 1225 3497 igitur
1252 3419 1481 3479 factum
1517 3420 1584 3479 id
1636 3428 1814 3500 poeta
1852 3420 2057 3500 ponit,
2113 3419 2176 3480 in
2226 3439 2348 3498 quo
2384 3417 2665 3481 hactenus

442 3502 786 3583 Euripidem
828 3503 1115 3565 Androm.
1154 3503 1313 3571 1243
1364 3526 1490 3584 sqq.
1534 3506 1803 3584 sequitur
1820 3550 1837 3582 ,
1890 3516 1963 3565 ut
2005 3514 2143 3585 post
2185 3505 2427 3565 caedem
2463 3502 2667 3586 Pyrrhi

353 3646 356 3647 ι
441 3587 856 3651 Andromache
884 3610 1021 3649 cum
1046 3589 1274 3650 Heleno
1293 3593 1360 3649 in
1387 3591 1633 3670 Epirum
1656 3591 1891 3649 dimissa
1919 3591 2118 3651 iu'erit.
2201 3592 2289 3659 Eo
2334 3591 2518 3659 etiam
2557 3590 2666 3649 du-

445 3693 577 3735 oere
618 3673 905 3735 videntur
946 3695 1049 3737 vv.
1090 3680 1231 3740 333.
1279 3673 1403 3739 334
1447 3677 1637 3735 Morte
1677 3678 2187 3755 Neoptolemi—.
2273 3677 2550 3756 vulgaris
2580 3685 2666 3733 ιι-

446 3778 582 3821 men
612 3761 875 3821 narratio
916 3757 1158 3841 Delphis
1200 3761 1458 3821 occisum
1492 3760 1804 3840 Pyrrhum
1844 3761 2060 3839 tradit,
2102 3760 2262 3821 hanc
2301 3764 2353 3823 si
2392 3763 2665 3842 adoptare

445 3865 677 3908 necesse
706 3845 817 3923 sit,
860 3867 1073 3925 sequar
1117 3844 1280 3906 illam
1324 3847 1646 3922 rationem,
1705 3867 1855 3925 quae
1893 3848 2051 3908 inter
2088 3848 2282 3907 alias
2267 3869 2328 3907 in
2374 3845 2663 3910 Servianis

445 3932 650 3991 allatas
676 3932 968 4008 occurrit,
1009 3941 1084 3991 ut
1121 3930 1362 4011 Delphis
1396 3953 1561 3992 aram
1605 3933 1764 4011 patri
1810 3933 2194 3993 constituerit
2238 3933 2541 4013 Pyrrhus,
2595 3928 2663 3989 ad

446 4038 624 4098 quam
656 4037 822 4075 sacra
851 4019 1105 4077 faceret.
1148 4018 1348 4094 Neque
1373 4017 1439 4077 id
1466 4019 1590 4076 sine
1630 4019 1898 4098 exemplo
1935 4020 2192 4095 factum,
2252 4039 2329 4078 ex
2371 4016 2659 4087 Pausania,

446 4103 551 4165 ubi
595 4102 669 4161 de
715 4101 954 4201 Delphis
1003 4102 1150 4182 agit,
1212 4101 1502 4162 declarari
1543 4103 1716 4162 facile
1759 4104 1973 4184 possit3
2037 4106 2133 4165 uti
2167 4114 2371 4185 postea
2411 4103 2661 4183 Pyrrhus

446 4189 570 4270 ipae
594 4188 712 4248 fuit
731 4188 887 4247 inter
926 4187 1136 4248 heroes
1173 4187 1413 4268 Delphis
1453 4190 1666 4249 sacello
1711 4190 2067 4266 celebiatos,
2122 4190 2289 4269 quod
2332 4210 2364 4248 e
2419 4189 2657 4250 Pindaro

448 4284 701 4336 constat.
783 4274 963 4349 Nam,
1005 4294 1148 4332 aras
1172 4277 1409 4352 patrias
1430 4295 1545 4353 pro
1584 4295 1686 4334 ara
1716 4275 2003 4355 Apollinis
2043 4270 2328 4374 πατρῴου
2371 4275 2515 4351 dici,
2556 4272 2657 4331 du-

447 4381 586 4422 rum
611 4370 778 4421 esset.
864 4359 981 4420 Sed
1007 4360 1158 4420 sorte
1184 4370 1359 4439 poeta
1384 4362 1449 4421 in
1478 4369 1607 4421 toto
1631 4359 1750 4420 hoc
1780 4362 1913 4421 loco
1941 4370 2178 4442 poetam
2217 4361 2472 4440 aliquem
2515 4354 2657 4419 anti‘
