2882 5028
554 443 1174 521 AENEmos
1221 444 1439 540 Lm,
1489 446 1624 543 vl,
1690 449 2130 527 746—753

2326 431 2474 526 971

228 630 542 707 Scilicet
566 631 1059 708 inmemores
1088 656 1372 733 supera
1399 645 1492 707 ut
1518 655 1863 709 convexa
1887 632 2233 709 revisant
2326 640 2484 714 750

223 739 561 832 Rursu3,
608 749 688 810 et
715 735 1095 835 incipiant
1119 736 1196 809 in
1234 760 1572 836 corpora
1602 736 1811 812 velle
1848 737 2165 814 reverti.

223 840 539 915 Dixerat
567 838 981 932 Anchisesg
1034 851 1475 941 natumque
1503 864 1824 941 unaque
1855 838 2236 936 Sibyllam
2302 878 2311 881 ’

229 944 690 1020 Conventus
717 942 957 1017 trahit
986 943 1065 1017 in
1093 941 1448 1039 mediOS,
1501 944 1986 1044 turbamque
2021 957 2486 1040 sonantem3

326 1083 505 1160 750.
557 1086 680 1160 51.
732 1101 1150 1178 ΒΕνῙεΑΝΤ,
1202 1084 1521 1158 RURsth
1572 1104 1672 1157 ET

363 1272 469 1326 750
509 1289 766 1342 superum
793 1270 877 1323 ed.
905 1247 1121 1322 vemet
1145 1265 1397 1336 Dorvill.,
1444 1287 1509 1322 eo
1550 1269 1790 1323 alludunt
1827 1269 2030 1341 aliquot
2070 1271 2210 1324 Pier.
2280 1287 2489 1341 supera

229 1341 284 1391 in
312 1360 357 1392 c.
397 1342 593 1407 (ortum
622 1340 725 1391 hoc
772 1356 802 1391 e
843 1353 1106 1412 superae,
1148 1341 1412 1410 quomodo
1463 1341 1517 1391 in
1564 1341 1757 1393 Medic.
1797 1341 1944 1410 priua
1989 1341 2239 1410 scriptum
2286 1341 2492 1403 fuerat3

231 1408 283 1459 in
310 1409 625 1462 contrariam
654 1409 939 1478 partemin
970 1411 1155 1477 fragm.
1185 1413 1307 1462 Vat.
1377 1420 1641 1473 cecatum,
1677 1411 1731 1461 iu
1776 1428 1878 1480 quo
1919 1429 2122 1481 aupera
2172 1421 2303 1462 aut
2349 1427 2379 1459 a
2420 1429 2492 1462 m.

231 1495 307 1546 pr.
351 1479 500 1546 Wr.)
571 1479 899 1547 luterpungit
939 1479 1268 1532 Wakefield:

1356 1499 1457 1531 eus
1504 1491 1696 1530 evocat
1740 1482 1959 1548 agmine
2003 1499 2202 1550 magno
2243 1479 2493 1542 Scilicee;

230 1548 296 1599 Et
326 1565 446 1600 mox
482 1559 545 1599 ut
571 1566 817 1600 convexa
844 1550 1092 1600 revisant
1115 1553 1362 1613 Rue-sua,
1399 1561 1455 1600 et
1481 1551 1516 1600 i.
1588 1550 1644 1598 Iu
1675 1548 1843 1600 altero
1883 1550 1987 1600 hoc
2027 1548 2304 1600 assentior.
2345 1549 2495 1615 (post

233 1620 483 1669 revisant
517 1616 900 1686 interpungitur
946 1619 1000 1668 in
1038 1619 1223 1686 fragm.
1260 1618 1432 1671 Vatic.
1455 1657 1471 1682 ,
1516 1629 1641 1687 post
1681 1636 1879 1669 rursus
1918 1618 2123 1669 demum
2165 1617 2219 1669 iu
2261 1617 2489 1680 Medic.;

234 1697 285 1738 et
309 1686 412 1740 hoc
439 1687 557 1754 ipae
585 1705 695 1737 aum
717 1699 952 1749 secutus;
988 1706 1157 1756 neque
1182 1688 1318 1739 enim
1341 1705 1402 1738 ea
1428 1697 1511 1739 est
1541 1687 1595 1739 h.
1633 1686 1670 1738 l.
1713 1688 1790 1739 vis
1837 1687 2120 1756 particulae
2163 1705 2394 1751 rursus,
2433 1697 2498 1738 ut

233 1755 353 1807 iude
379 1774 516 1808 nova
554 1757 813 1808 sententia
849 1767 996 1809 recte
1032 1758 1283 1811 ordiatur.
1327 1757 1471 1826 Wr.)

238 1827 437 1897 σι’ρίεηι
459 1827 637 1880 Lutat.
680 1826 747 1877 ad
774 1832 908 1879 Stat.
942 1829 1040 1882 Vn
1064 1828 1235 1880 Theb.
1265 1828 1351 1881 92.

237 2002 427 2060 multa
481 2004 726 2062 saecula
784 2003 1143 2063 memoravit
1198 2003 1319 2062 Cic.

235 2085 299 2144 in
341 2088 439 2146 So.
484 2088 642 2166 Scip.
682 2089 796 2146 sub
850 2090 891 2148 f.
947 2088 1079 2147 loco
1116 2089 1237 2147 iam
1284 2109 1319 2146 a

239 2170 428 2231 Cerda
473 2175 754 2233 excitato.
851 2174 1147 2233 Pindarus
1208 2196 1320 2233 no-

239 2277 370 2316 vem
397 2279 591 2317 annos
631 2259 869 2318 finierat
907 2260 969 2319 in
1015 2260 1320 2339 praeclaro

240 2343 446 2422 fragm.
494 2365 587 2423 ap.
638 2346 945 2404 Platonem
985 2345 1225 2406 Menon.
1263 2367 1324 2426 p.

241 2427 364 2495 415
409 2431 479 2489 Β.
531 2431 659 2490 Frf.
745 2430 1022 2490 Animam
1070 2431 1155 2490 ait
1201 2452 1324 2492 non

241 2512 489 2576 interire
515 2562 531 2593 ‚
601 2518 707 2576 sed
758 2527 1001 2577 tantum
1045 2520 1200 2577 mori
1257 2539 1327 2576 ac

242 2603 641 2681 reviviscere3
696 2613 900 2664 sancte
957 2604 1155 2681 itaque
1202 2623 1328 2662 esse

245 2686 619 2749 vivendum:
680 2684 803 2753 οἷσι
836 2685 961 2792 ’γάρ
1022 2683 1101 2752 ἄν
1149 2688 1234 2771 (h.
1276 2708 1325 2750 e.

248 2763 364 2849 ἀφ’
412 2767 528 2854 ὧν)
579 2778 932 2855 Φερσεφονα
961 2771 1188 2837 ποινάν
1214 2799 1329 2838 πα-

246 2859 421 2921 λαιοῦ
451 2858 715 2934 πένθεος
744 2860 829 2942 (h.
847 2879 895 2919 e.
925 2865 1141 2937 κακοῦ,
1167 2860 1327 2919 idem

249 2951 332 3000 eat
371 2953 540 3004 vetus
575 2948 807 3005 malum
852 2946 1150 3021 Maronia,
1195 2967 1329 3005 eor-

237 3046 426 3104 porea
441 3034 633 3109 pestis
656 3051 793 3108 seu,
838 3031 1112 3114 morbus)
1163 3031 1331 3106 δέξε-

152 3178 158 3191 ‚
248 3135 373 3190 ται,
421 3117 510 3190 εἰς
549 3114 651 3179 τὸν
691 3112 968 3197 ὕπερθεν
1006 3114 1180 3180 ἅλιον
1225 3115 1329 3198 (ad

249 3217 496 3276 supet-aa
534 3224 720 3262 auras
749 3247 768 3278 ‚
827 3204 917 3287 qd
949 3205 1186 3264 caelum
1202 3247 1220 3279 ,
1269 3202 1331 3262 h.

253 3299 303 3342 e.
342 3284 406 3344 in
455 3286 671 3370 vitam)
710 3291 932 3352 κείνων
975 3284 1166 3373 ἐνάτῳ
1217 3288 1334 3352 ἔτει

256 3360 503 3436 &vocant
518 3370 729 3454 ψυχὰν
755 3372 975 3437 πάλιν·
1012 3408 1086 3420 -
1121 3374 1187 3437 ἐκ
1221 3378 1335 3437 τᾶν

258 3452 538 3539 βασιλῆες
565 3454 784 3544 α’γαυοὶ
810 3461 913 3523 καὶ
930 3458 1138 3523 σθὲνέι
1162 3484 1336 3538 κραι-

255 3541 397 3604 nvo}
446 3548 638 3632 σοφίᾳ
684 3568 747 3608 τε
803 3545 1067 3626 μέγιστοι
1117 3541 1338 3627 ἄνδρες

257 3621 581 3702 αὔξονται·
627 3631 687 3705 ἐς
723 3629 790 3695 δὲ
819 3627 928 3694 τόν
951 3627 1169 3694 λοιπὸν
1205 3629 1336 3712 χρό-

257 3731 367 3772 νον
403 3709 602 3797 ἥρωες
646 3714 824 3799 ἇγνοὶ
870 3713 1028 3799 πρός
1078 3710 1338 3796 ἀνθρώ-

257 3815 391 3858 πων
415 3807 756 3866 καλεῦνται.
813 3803 976 3862 Idem
1004 3803 1068 3861 iu
1098 3802 1337 3882 Olymp.

258 3875 331 3954 ll,
364 3887 484 3952 123
515 3908 645 3963 eoa,
691 3889 794 3967 qui
834 3890 1022 3948 vitam
1062 3897 1159 3947 ter
1194 3907 1338 3947 exe·

204 4038 210 4045 .
259 3965 476 4041 gissent
496 3974 600 4051 sic,
630 3983 703 4035 ut
731 3975 1020 4034 iustitiam
1055 3974 1340 4048 colerent,

262 4049 339 4108 ad
369 4055 613 4119 Beatam
639 4060 895 4119 insulam
940 4059 1159 4120 deferri
1192 4081 1340 4120 nar-

263 4153 520 4205 raverat.
616 4149 732 4205 Ter·
774 4148 944 4205 mille
998 4146 1169 4206 annia
1220 4147 1344 4205 cir-

265 4223 494 4288 cuitum
526 4230 859 4293 animarum
891 4232 1022 4291 fieri
1057 4251 1166 4312 per
1210 4232 1344 4292 ani-

264 4310 508 4374 mulium
534 4337 783 4399 corpora
802 4364 818 4394 ,
852 4326 1193 4378 statuerant
1222 4319 1344 4378 Ae-

261 4399 451 4472 gyptii
494 4421 571 4461 ex
606 4402 903 4465 Herodoti
944 4403 1065 4464 fide
1111 4404 1210 4464 lib.
1270 4405 1345 4483 11,

161 4510 170 4518 ‘
268 4480 408 4558 123,
436 4489 600 4566 quod
623 4499 824 4551 tamen
862 4490 1077 4571 dogma
1105 4500 1345 4553 tantum

1611 1757 1712 1812 '751
1748 1759 2020 1830 incipiunt
2066 1757 2150 1809 ed.
2194 1759 2329 1810 Ven.
2399 1759 2498 1808 in-

1402 2002 1481 2062 ad
1517 2003 1740 2061 animas
1771 2010 2040 2080 spectare
2078 2000 2313 2079 potuit,
2356 2022 2492 2061 sce·
2545 2073 2548 2081 Δ

1403 2088 1629 2147 leribua
1685 2107 1755 2147 ac
1814 2086 1975 2146 vitiis
2038 2087 2379 2165 inquinatas
2433 2097 2501 2146 et

1405 2172 1863 2234 contaminatas.
1948 2171 2070 2231 Nec
2112 2192 2252 2231 sane
2292 2175 2498 2252 potuit

1404 2261 1470 2319 in
1496 2258 1720 2339 mythis
1748 2257 1841 2318 his
1876 2257 2000 2318 ulla
2042 2277 2166 2316 ease
2208 2268 2496 2319 constan-

1406 2346 1522 2405 tia:
1552 2366 1584 2403 e
1611 2364 1678 2405 re
1705 2353 1848 2403 nata
1878 2343 2140 2423 fingebat
2170 2346 2496 2425 unusquis-

1411 2450 1528 2509 que
1569 2440 1985 2489 consentanea.
2071 2429 2349 2491 Ceterum
2395 2433 2496 2491 in-

1411 2527 1505 2577 ter
1529 2514 1678 2576 haec
1707 2516 2042 2574 meminisse
2072 2516 2275 2594 iuvat,
2316 2538 2497 2595 quam

1408 2603 1562 2662 bene
1584 2600 1647 2660 in
1672 2600 1959 2660 Messiade
1985 2602 2317 2663 animarum
2343 2605 2499 2663 iam-

1410 2689 1531 2747 iam
1564 2687 1629 2745 in
1653 2686 1842 2746 vitam
1871 2685 2326 2766 proditurarum
2350 2704 2499 2764 sora,

1377 2773 1615 2848 sedes,
1658 2773 1814 2831 sacta
1834 2816 1852 2846 ,
1897 2771 2058 2830 dicta
2083 2774 2159 2832 ad
2194 2774 2501 2851 puriorem

1413 2859 1490 2918 de
1553 2858 1748 2917 anima
1815 2856 2079 2916 humana
2148 2860 2499 2937 sapientiam

1412 2952 1807 3022 attemperata
1864 2943 1985 3001 sint
2036 2944 2147 3002 sub
2187 2945 2289 3004 fin.
2333 2945 2432 3004 lib.
2476 2946 2503 3004 1

1415 3039 1479 3089 et
1538 3029 1647 3105 aL,
1704 3038 1776 3087 ut
1823 3029 1978 3089 vul.
2064 3028 2210 3087 deuo
2265 3043 2497 3106 evocat,

1415 3132 1541 3176 non
1601 3114 1702 3173 hic
1770 3113 1845 3172 de
1903 3114 2204 3174 Mercurio
2265 3116 2507 3194 agitur;

1417 3201 1583 3281 quod
1623 3209 1842 3279 putant
1881 3200 2075 3279 lntpp.
2102 3245 2118 3273 ,
2179 3200 2284 3259 sed
2334 3200 2509 3265 est-<i

1419 3288 1687 3367 δαίμων,
1720 3284 2048 3344 indefinite.
2072 3286 2199 3346 vid.
2230 3286 2401 3347 Plato
2432 3288 2508 3348 de

1415 3374 1566 3451 Rep.
1595 3373 1674 3444 X,
1702 3391 1764 3450 p2
1786 3372 1911 3447 765
1937 3371 2004 3433 Ε.

1505 3458 1630 3524 752
1679 3476 1805 3535 sqq.
1878 3456 1963 3515 De
2014 3457 2262 3518 invento
2323 3458 2508 3519 huius

1422 3544 1793 3617 animarum,
1851 3561 2006 3620 quae
2054 3543 2118 3602 in
2165 3564 2325 3604 nova
2367 3565 2510 3605 cor-

1419 3650 1572 3710 pora
1598 3629 1962 3688 transiturae
2002 3638 2176 3706 aunt,
2230 3651 2512 3690 recensus

1424 3716 1503 3774 ad
1551 3715 1896 3774 futurarum
1957 3725 2220 3776 aetatum
2262 3736 2360 3776 res
2400 3735 2512 3774 ex·-

1422 3800 1734 3883 ponendaa
1773 3801 1902 3863 vid.
1943 3802 2193 3862 Excum.
2236 3802 2314 3860 ad
2356 3802 2419 3861 h.
2472 3801 2512 3861 l.

1425 3908 1574 3947 num
1613 3887 1750 3946 illae
1785 3886 1908 3946 aiut
1951 3888 2147 3967 prima
2202 3887 2333 3946 vice
2372 3907 2514 3946 cor-

1426 3993 1576 4054 pora
1593 3974 1924 4048 subiturae,
1953 3993 2029 4032 an
2044 3974 2161 4033 iam
2182 3982 2320 4033 ante
2338 3972 2514 4033 vixe-

1423 4061 1551 4120 rint
1615 4077 1894 4137 nuncque
1939 4060 2005 4119 in
2061 4078 2314 4137 corpora
2345 4058 2515 4119 redi-

1427 4156 1603 4207 turae
1637 4147 1789 4222 aint,
1835 4166 1959 4205 nou
1989 4145 2208 4204 diserte
2234 4163 2516 4225 pronun-

1427 4234 1581 4310 tiat3
1633 4251 1846 4293 verum
1907 4250 1984 4289 ex
2025 4229 2145 4290 hoc
2182 4231 2373 4290 altero
2422 4250 2520 4289 eas

1429 4338 1642 4399 genere
1685 4337 1841 4391 ease,
1903 4337 1980 4376 ex
2038 4326 2179 4377 ante
2223 4317 2399 4377 dictis
2443 4318 2520 4376 ab

1431 4423 1502 4463 eo
1539 4402 1850 4483 colligitur.
1939 4402 2066 4468 752
2092 4437 2180 4450 —
2205 4406 2350 4471 765.
2396 4403 2521 4463 Or-

1432 4500 1573 4550 nate
1599 4490 1850 4569 singula.
1938 4503 2263 4550 conventus
2288 4493 2353 4549 in
2393 4510 2522 4549 me-
