2882 5028
463 395 617 469 482
817 390 881 463 Ε
936 390 997 460 Χ
1058 386 1122 463 C
1175 385 1474 464 UR-‘s
1535 385 1717 461 Urs
1820 386 2065 467 XIII.
2135 386 2360 463 XIV.

458 579 568 664 (de
628 600 751 660 quo
791 600 854 640 v.
902 577 1156 657 Disquia.
1213 577 1286 654 11,
1345 597 1389 635 ι.
1433 575 1560 637 vn.
1647 585 1710 636 et
1752 575 1971 637 anim
2028 576 2110 636 aa
2163 576 2471 657 virgilium
2513 575 2693 637 ausc.

462 669 533 727 Τ.
566 666 669 741 lv,
710 687 771 746 p.
814 663 919 729 41.
1003 664 1352 724 Praeiverat
1398 661 1524 722 hau
1607 663 1790 722 dubie
1840 663 2002 722 inter
2048 662 2315 743 Cyclicos
2364 660 2600 724 Lesches
2637 662 2693 722 in
2815 681 2816 688 ¹

463 751 749 812 extremis
795 750 967 811 libris
984 795 1001 827 ,
1058 750 1164 828 qui
1213 749 1326 808 sub
1361 748 1599 808 Arctini
1643 750 1887 809 nomine
1924 749 2240 809 memorati
2302 758 2444 810 sunt
2476 747 2692 808 Proclo:

462 837 569 899 ubi
617 846 821 897 tamen
867 837 1166 896 maturius
1220 836 1433 896 urbem
1489 834 1779 913 relinquit
1837 833 2095 911 Aeneas,
2167 834 2357 895 serius
2397 834 2554 916 apud
2596 855 2694 894 no-

461 933 678 999 strum,
714 931 777 982 et
800 922 865 982 in
880 921 1113 998 Quinto
1137 923 1375 1002 Smyrn.
1391 920 1554 998 xm,
1572 925 1697 987 300
1719 939 1847 999 sqq.
1875 920 2032 981 adde
2044 920 2554 982 Tzetz.Posthom.
2569 924 2692 985 737.

462 1008 856 1068 mser-tissime
893 1007 1144 1088 exponit
1176 1008 1412 1068 Aeneae
1443 1007 1769 1066 discessum
1807 1025 1884 1065 ex
1920 1008 2073 1068 urbe
2096 1008 2341 1091 Dionys.
2378 1006 2509 1068 Hal.
2538 1005 2581 1083 1,
2605 1004 2691 1071 46·

461 1094 567 1159 47.
594 1104 657 1154 et
686 1093 931 1173 quidem
957 1114 1034 1154 ex
1064 1091 1410 1168 Hellanico,
1456 1102 1531 1151 ut
1570 1093 1699 1173 ipse
1737 1100 2000 1152 testatur
2028 1113 2081 1157 c.
2119 1094 2224 1158 48.
2308 1093 2559 1154 subiicit
2597 1092 2692 1152 de-

462 1180 605 1241 inde
630 1180 870 1241 diversa
905 1202 940 1240 a
969 1176 1268 1260 Sophocle
1310 1179 1375 1239 in
1398 1179 1742 1238 Laocoonte
1760 1223 1779 1256 ,
1814 1188 1878 1237 et
1907 1200 1940 1237 a
1965 1179 2326 1240 Menecrate.
2411 1182 2490 1240 Ut
2516 1188 2694 1238 autem

464 1266 732 1327 humeris
770 1265 1171 1347 asportandus
1214 1275 1369 1325 esset
1397 1263 1724 1340 Anchises,
1767 1284 1893 1323 non
1936 1275 2066 1326 tam
2104 1264 2409 1346 decrepita
2430 1275 2692 1340 senectus,

464 1373 647 1431 quam
686 1353 1020 1412 debilitatio
1062 1372 1140 1411 ex
1193 1351 1463 1411 fulminis
1505 1351 1720 1411 affiatu
1772 1349 2065 1412 effecerat.
2135 1372 2197 1412 v.
2238 1351 2488 1413 Excurs.
2532 1349 2692 1411 XVII.

464 1440 803 1499 Observare
839 1439 980 1498 licet
1014 1439 1191 1500 etiam
1234 1438 1302 1497 in
1340 1438 1584 1518 gemmis
1623 1436 1931 1496 nonnullis
1974 1434 2043 1501 ui
2085 1434 2386 1520 βύσσινον
2428 1433 2608 1518 φάρος
2639 1438 2694 1495 in

464 1522 760 1585 Anchisae
800 1533 965 1605 tergo
994 1524 1327 1598 fluctuans,
1372 1523 1539 1604 quod
1569 1521 1896 1604 Sophocles
1926 1523 1993 1583 in
2025 1525 2372 1583 Laocoonte
2407 1531 2694 1585 notaverat

466 1609 631 1692 apud
662 1611 906 1691 Dionys.
947 1609 1141 1672 Halic.
1170 1609 1218 1687 1,
1261 1608 1367 1676 48.
1410 1609 1488 1670 de
1528 1629 1651 1689 quo
1679 1629 1740 1670 v.
1766 1609 2125 1689 Disquis.11,
2168 1631 2216 1672 s.
2243 1610 2318 1672 V.
2357 1620 2420 1671 et
2453 1610 2552 1672 inf.
2583 1609 2692 1670 Ex-

464 1717 626 1759 curs.
671 1696 857 1760 xvu.

970 1966 1820 2064 EXCURSUS
1941 1966 2198 2056 XIV

1229 2118 1388 2197 De
1474 2123 1969 2192 Creusa.-
2210 2149 2213 2153 “

640 2290 715 2366 11,
761 2291 891 2360 735
927 2293 1153 2355 Creusa
1195 2295 1261 2356 in
1304 2295 1625 2378 Polygnoti
1666 2295 1876 2357 tabula
1913 2294 2080 2376 apud
2107 2292 2375 2375 Delphos
2412 2295 2565 2356 inter
2604 2311 2691 2351 ca-

461 2375 662 2455 ptivas
695 2387 827 2437 erat
854 2380 1064 2441 relata.
1106 2401 1165 2442 v.
1187 2381 1362 2443 Paus.
1391 2385 1473 2456 X,
1515 2388 1620 2459 26,
1663 2383 1769 2444 ubi
1808 2382 2009 2458 addit,
2053 2381 2392 2442 secundum
2430 2381 2691 2442 alioseam

463 2473 772 2542 tamquam
803 2462 1033 2526 Aeneae
1055 2486 1312 2529 uxorem
1351 2488 1463 2550 per
1505 2470 1761 2531 deorum
1804 2468 2058 2530 Matrem
2095 2486 2167 2525 ac
2191 2467 2486 2529 Venerem
2515 2487 2548 2528 a
2583 2483 2690 2525 ser-

463 2549 661 2609 vitute
698 2550 877 2610 fuisse
926 2553 1263 2615 liberatam.
1345 2556 1547 2634 Atque
1600 2555 1722 2616 hoc
1754 2555 2029 2633 sequitur
2062 2553 2377 2633 Virgilius:
2432 2553 2690 2614 hactenus

462 2644 532 2695 ut
559 2636 821 2717 Cybelen
857 2648 1176 2718 memoret3
1219 2662 1280 2702 v.
1306 2645 1453 2707 788.
1538 2641 1623 2702 At
1655 2640 1952 2701 Lescheus
1994 2639 2206 2700 eodem
2244 2640 2529 2699 Pausania
2569 2645 2690 2697 teste

417 2740 423 2745 ·
461 2732 525 2781 et
554 2723 776 2803 Cypria
804 2726 1072 2786 carmina
1094 2726 1444 2808 Eurydicen
1475 2725 1711 2787 Aeneae
1738 2746 1997 2788 uxorem
2021 2724 2362 2798 ediderant.
2424 2725 2690 2786 Videntur

460 2817 664 2868 tamen
705 2809 888 2870 iidem
916 2832 1047 2872 eam
1073 2811 1309 2874 Aeneae
1336 2814 1513 2894 fugae
1535 2816 1813 2874 comitem
1852 2811 2184 2888 addidisse3
2230 2832 2489 2891 namque
2510 2812 2570 2872 in
2589 2810 2689 2868 Ta-

461 2894 603 2956 bula
633 2895 810 2956 Iliaca
839 2918 899 2958 n.
936 2902 1078 2975 109,
1121 2919 1276 2979 quae
1316 2920 1396 2959 ex
1421 2898 1682 2961 Lescheo
1721 2918 1995 2978 magnam
2026 2906 2268 2977 partem
2296 2916 2562 2978 expressa
2596 2901 2687 2966 est,

463 3001 623 3042 uxor
649 2982 912 3043 Aeneam
941 2984 1231 3063 sequitur.
1324 2987 1549 3046 Creusa
1576 2985 1890 3067 Sophoclis
1925 2983 2046 3044 fuit
2070 2984 2309 3061 fabula,
2352 2983 2484 3058 sed,
2525 3002 2595 3042 an
2623 2975 2687 3039 sd

459 3065 620 3127 hanc
656 3077 923 3129 nostram
956 3069 1276 3147 trahenda,
1317 3071 1654 3151 ignoratur.
1742 3073 2000 3131 Creusae
2039 3080 2290 3130 nostrae
2328 3080 2391 3130 et
2431 3064 2688 3151 Apollini·
2819 3062 2820 3105 ἦ

460 3153 654 3212 filium
695 3154 948 3230 Anium,
1007 3166 1288 3236 nepotem
1322 3157 1603 3218 Andrum
1621 3203 1640 3234 ,
1694 3157 2023 3217 tradebant
2061 3156 2424 3236 scriptores,
2492 3153 2588 3234 qui
2625 3149 2687 3209 de

458 3238 835 3300 Andriorum
878 3241 1210 3317 originibus
1246 3243 1627 3324 scripserant.
1668 3264 1731 3304 v.
1758 3244 1987 3303 Conon.
2022 3241 2265 3303 Narrat.
2296 3242 2447 3302 XLI.
2485 3241 2556 3301 cf.
2578 3239 2687 3299 Ex·

418 3340 421 3341 ’
459 3344 618 3384 curs.
645 3325 674 3385 I
703 3326 782 3385 ad
813 3325 915 3385 lib.
943 3325 1044 3386 111.
1129 3327 1299 3405 Mox,
1342 3329 1448 3389 ubi
1470 3329 1701 3390 Aeneas
1712 3333 1913 3408 portis
1942 3347 2006 3388 se
2033 3328 2536 3409 appropinquasse
2559 3342 2686 3384 nar-

458 3419 591 3487 rat,
638 3414 833 3471 Porta
864 3412 1249 3492 intelligenda
1291 3425 1385 3475 est
1423 3416 1499 3475 ab
1536 3415 1711 3476 hoste
1740 3434 1983 3491 aversa,
2025 3434 2242 3474 versus
2271 3415 2439 3475 Idam
2476 3421 2534 3473 et
2562 3428 2686 3490 par-

458 3504 551 3556 tes
578 3497 899 3574 australes,
944 3498 1108 3559 unde
1145 3509 1349 3561 tamen
1388 3523 1514 3563 non
1551 3502 1751 3561 miuus
1790 3500 1957 3561 littus
1996 3501 2118 3582 peti
2168 3509 2429 3580 poterat.
2511 3495 2685 3571 Quin-

458 3590 561 3641 tus
598 3583 719 3644 cal.
748 3585 827 3660 X,
871 3588 1000 3661 338
1028 3605 1157 3664 sqq.
1181 3608 1261 3646 ex
1304 3587 1746 3667 antiquioribus
1785 3587 1983 3667 poetis
2023 3586 2299 3666 cyclicis,
2337 3595 2411 3647 ut
2437 3584 2684 3652 arbitror,

458 3678 725 3746 quatuor
762 3679 971 3750 portas
1010 3670 1225 3733 Troiae
1264 3682 1593 3734 memorat:
1653 3675 1897 3749 Scaeas,
1954 3672 2189 3749 Idaeas,
2253 3671 2519 3746 tertiam,
2558 3681 2685 3746 quae

461 3773 672 3815 versus
710 3756 907 3837 campi
931 3757 1275 3837 planitiem,
1346 3769 1409 3820 et
1446 3769 1760 3839 quartam,
1804 3777 1959 3837 quae
1995 3757 2077 3818 ad
2121 3760 2484 3818 Simoentem
2523 3753 2683 3816 duoe-

454 3840 577 3900 bat.
664 3843 881 3900 Scaeae
913 3863 1127 3905 verme
1178 3846 1549 3906 occidentem
1607 3845 1989 3926 spectabant,
2055 3843 2300 3906 eaedem
2347 3844 2520 3903 etiam
2555 3838 2683 3898 nar-

458 3924 672 3985 daniae
713 3927 938 4005 dictae,
968 3946 974 3952 ’
1010 3931 1122 3990 etsi
1160 3930 1271 3991 has
1302 3933 1401 3992 alii
1449 3952 1660 4007 versus
1722 3929 2018 3991 orientem
2061 3930 2204 3989 sitas
2245 3950 2371 3989 esse
2413 3926 2679 3994 volebant,

457 4011 599 4071 vide
645 4012 922 4074 Eustath.
982 4035 1043 4095 p.
1088 4020 1234 4082 608.
1276 4021 1422 4084 609.
1471 4017 1671 4093 1274,
1718 4021 1777 4092 1,
1819 4014 2191 4097 Hesychium
2245 4016 2314 4076 in
2352 4006 2680 4096 Δαρδάνω-

459 4096 636 4158 Adde
666 4100 870 4160 Daret.
899 4099 1112 4162 Excid.
1145 4104 1250 4162 Tr.
1279 4123 1329 4162 c.
1360 4102 1421 4166 4.
1508 4104 1677 4164 Ilaec
1700 4122 1811 4183 per
1840 4122 1903 4161 se
1930 4102 2089 4163 levia
2126 4122 2198 4161 ac
2218 4121 2376 4161 vana
2405 4105 2468 4160 in
2498 4097 2683 4158 W

456 4187 867 4266 topographia
922 4186 1005 4246 ad
1056 4197 1376 4267 poetarum
1428 4189 1563 4249 loca
1627 4187 1922 4250 nonnulla
1979 4187 2341 4249 declaranda
2401 4184 2682 4247 utilitatem

396 4304 403 4309 ·
454 4270 701 4334 habent.
748 4292 806 4333 v.
837 4272 914 4331 de
944 4293 1014 4333 ea
1043 4274 1805 4337 CommentatinTom.V1
1829 4274 2248 4334 commun.
2280 4274 2415 4334 Soc.
2437 4273 2516 4333 R.
2544 4267 2681 4327 Gou-

450 4368 518 4422 et
546 4378 703 4440 quae
724 4357 1012 4442 posthaec
1035 4360 1102 4421 in
1133 4361 1335 4423 libello
1367 4360 1446 4421 de
1471 4360 1710 4422 Troade
1746 4369 1890 4422 sum
1912 4360 2239 4442 disputata.
