2882 5028
463 417 593 495 76.

460 600 918 689 Praeterea,
976 606 1110 668 aut
1152 591 1486 694 supplex
1531 591 1678 667 aris
1727 591 2065 691 inponet
2106 587 2532 663 honorem
2559 596 2610 664 ἓ
2649 588 2652 589 ’

566 695 787 774 Talia
834 694 1242 772 flammato
1288 720 1564 772 secum
1616 694 1767 770 dea
1813 692 2059 768 corde
2098 690 2489 787 volutans,

945 408 1029 484 P.
1090 406 1605 487 VIRGILII
1667 403 2220 479 MARONIS

2664 696 2790 770 50

459 800 942 879 Nimborum
972 799 1052 874 in
1088 801 1464 900 patriam,
1517 799 1695 874 loca
1741 795 1904 874 feta
1933 794 2383 872 furentibus
2416 795 2783 891 austri5‚

461 903 824 982 Aeoliam
870 903 1105 981 venit.
1185 903 1333 980 Hic
1362 915 1587 979 vasto
1635 927 1773 977 rex
1810 899 2105 979 Aeolus
2148 911 2377 974 antro

459 1006 861 1085 Luctantis
898 1018 1188 1083 ventos
1230 1018 1910 1107 tempestatesque
1955 1028 2288 1079 sonoras

460 1111 814 1213 Iniperio
867 1111 1199 1212 premit,
1277 1134 1365 1188 ac
1415 1108 1693 1187 vinclis
1748 1122 1829 1186 et
1877 1132 2195 1186 carcere
2237 1104 2531 1193 frenat.

566 1254 688 1329 49.
738 1268 1082 1324 monn·

464 1470 683 1522 eredere
715 1488 846 1536 nos,
901 1469 1101 1540 aliquid
1136 1471 1270 1523 fieri.
1339 1470 1488 1538 Eleg.
1519 1470 1573 1522 in
1608 1471 1739 1524 obit.
1776 1468 1933 1522 Drusi
1966 1487 2044 1521 vs.
2079 1470 2162 1525 7.:
2197 1470 2323 1533 „Et
2357 1465 2766 1537 quisquam

459 1540 608 1609 leges
644 1540 856 1592 audet
891 1540 994 1592 tibi
1032 1541 1207 1593 dicere
1240 1540 1489 1592 flendi?“
1544 1540 1691 1593 Ovid.
1724 1547 1837 1592 Am.
1874 1542 1963 1604 111,
1999 1542 2052 1605 8,
2089 1542 2167 1594 lx:
2206 1541 2326 1605 „Et
2359 1535 2768 1606 quisquam

460 1609 714 1678 ingenuas
748 1609 1026 1662 etiamnum
1057 1610 1371 1680 suspicit
1406 1609 1635 1662 artes?“
1688 1612 1755 1662 ad
1792 1628 1946 1679 quem
1975 1627 2051 1661 vs.
2081 1608 2232 1676 plura
2259 1605 2533 1675 congessit
2563 1604 2762 1656 Heiu-

461 1679 586 1731 sius.
656 1680 904 1731 Futurum
932 1683 1170 1751 imponet
1214 1698 1373 1749 quare
1413 1700 1445 1731 a
1480 1678 1657 1731 multis
1693 1680 1922 1732 librariis
1963 1677 2018 1730 in
2056 1679 2307 1730 Praesens
2343 1685 2619 1727 mutatum
2660 1673 2759 1735 sit,

461 1748 617 1800 facile
652 1759 905 1818 apparet5
957 1766 1062 1801 non
1099 1768 1263 1818 aeque
1282 1788 1297 1813 ,
1331 1747 1595 1818 quomodo
1629 1750 1883 1801 Praesens
1926 1748 1981 1800 in
2016 1749 2262 1800 Futurum
2295 1745 2489 1797 mutari
2528 1753 2759 1814 potue-

460 1818 551 1870 rit.
624 1818 836 1871 Diversa
884 1829 1058 1870 nutem
1103 1820 1368 1889 Tempora
1415 1817 1596 1889 posuit
1642 1818 1928 1887 Virgilius,
1989 1816 2131 1887 quod
2174 1828 2472 1889 praeterea
2521 1814 2759 1865 adorat

462 1887 603 1939 idem
640 1897 751 1951 est,
798 1888 941 1957 quod
976 1886 1258 1951 ador-abin
1322 1888 1416 1940 cfr.
1458 1905 1590 1957 quae
1626 1889 1691 1940 de
1727 1887 1998 1958 particulis
2032 1888 2141 1939 iam
2192 1897 2245 1938 et
2278 1904 2402 1936 mox
2435 1882 2641 1935 notavi
2680 1880 2754 1933 ad

462 1958 559 2008 Ge.
595 1958 636 2023 1,
671 1956 792 2011 450.
863 1959 1166 2008 Praeterea
1206 1956 1296 2009 hic
1330 1958 1366 2009 i.
1405 1974 1460 2025 q.
1493 1958 1758 2029 posthae-3
1822 1957 2063 2010 similiter
2115 1955 2183 2007 de
2215 1965 2457 2024 tempore
2492 1956 2609 2004 Ge.
2651 1953 2755 2015 lv,

460 2028 615 2082 502:
652 2044 855 2146 „nezue
890 2025 1036 2077 illum
1076 2053 1146 2064 —-
1182 2036 1562 2094 praeterea
1595 2027 1794 2079 vidit.“
1851 2027 1992 2094 Wr.)

2075 2025 2339 2096 impendit
2384 2025 2592 2074 Μαι-εἰ.
2633 2039 2747 2072 sec.

461 2097 690 2167 imponit
726 2114 758 2147 o
800 2114 949 2147 orem
982 2095 1200 2146 Mentel.
1248 2096 1338 2148 alt.
1385 2114 1419 2147 a
1452 2114 1521 2147 m.
1557 2114 1661 2149 see.
1744 2099 1984 2150 honores
2016 2095 2180 2147 Goth.
2213 2103 2336 2145 tert.
2385 2093 2593 2143 Hamb.
2635 2108 2746 2141 sec.

462 2166 520 2217 in
552 2166 677 2217 Exc.
710 2165 849 2216 cort.
887 2164 969 2216 ed.
1006 2166 1140 2217 Ven.
1168 2163 1329 2220 1472.

1470 2168 1538 2222 51
1576 2166 1699 2219 loca
1732 2167 1907 2239 plena
1941 2165 2092 2217 Leid.
2128 2181 2257 2214 unus
2285 2180 2349 2215 ex
2377 2162 2582 2227 interp.
2624 2161 2749 2211 Lo-

465 2252 582 2286 cum
619 2243 743 2284 ante
779 2233 959 2285 oculos
993 2234 1163 2286 habet'
1210 2245 1264 2286 et
1294 2252 1474 2286 versus
1520 2253 1585 2287 ex
1632 2254 1696 2288 eo
1731 2236 1933 2315 repetit
1977 2240 2174 2287 Seneca
2209 2234 2309 2295 Qu.
2349 2234 2471 2284 Nat.
2508 2232 2616 2296 VI,
2655 2230 2742 2284 18.

461 2304 533 2360 53
567 2304 808 2356 luctatos
855 2303 990 2356 Gud.
1039 2303 1342 2371 (luctantes
1384 2304 1581 2358 Medic.

461 2375 736 2424 Burmann.
774 2381 791 2393 ⁸

460 2547 714 2630 perdere
752 2548 945 2628 cupio.
1015 2567 1235 2607 numen
1269 2551 1542 2626 Iunonis,

460 2655 576 2695 me.
626 2644 690 2693 et
720 2642 946 2713 quanto
982 2634 1255 2713 gravius!
1309 2633 1549 2694 Adum-

460 2722 636 2780 brate
671 2730 874 2781 eutem
925 2719 1075 2780 haec
1118 2740 1197 2779 ex
1225 2721 1440 2802 Odyss.
1490 2745 1547 2798 ν,

467 2810 588 2871 128
622 2827 747 2886 sqq.
788 2839 877 2852 -
918 2804 1023 2871 49.
1046 2807 1382 2877 Praeterea,
1410 2816 1550 2887 post

460 2892 638 2968 talia,
696 2893 760 2951 in
793 2901 1103 2972 posterum
1116 2914 1134 2969 ;
1193 2902 1285 2952 est
1324 2893 1550 2952 Heme-

460 2978 658 3038 ricum
686 2977 903 3040 ἔπειτα.
966 2974 1117 3059 (vid.
1147 2978 1219 3038 V.
1248 2979 1312 3037 L.
1364 2982 1471 3040 W
1460 2976 1544 3060 r.)

460 3063 681 3137 honos,
717 3062 967 3122 ‘solenne
1004 3072 1318 3142 poetarum
1344 3064 1419 3123 de
1448 3086 1547 3123 sa-

463 3147 731 3224 crificiis,
785 3148 1167 3208 libationibus
1200 3159 1335 3225 etc„
1392 3168 1546 3232 quae

460 3235 525 3293 in
574 3233 824 3293 deorum
861 3232 1153 3293 honorem
1201 3235 1374 3311 fiunt,
1433 3236 1546 3295 ali-

460 3329 753 3399 quantum
815 3329 1066 3379 ornatus
1121 3318 1320 3381 habet.
1421 3322 1548 3380 Ex-

458 3405 680 3486 pressit
710 3424 952 3465 versum
983 3404 1161 3464 Ovid.
1192 3406 1323 3466 Am.
1353 3406 1452 3481 111,
1486 3411 1547 3481 3,

461 3495 544 3556 33
581 3493 664 3550 Ec
705 3492 1027 3571 quisquam
1054 3495 1174 3568 pia
1205 3505 1341 3551 tura
1382 3492 1546 3570 focis

428 3579 757 3655 ⁴imponere
783 3577 1005 3635 curat?
1058 3576 1180 3635 Iam
1219 3577 1388 3638 vides
1427 3576 1548 3635 ho-

459 3684 660 3721 norem
687 3661 824 3743 plus
860 3661 1165 3741 dignitatis
1205 3664 1402 3744 epicae
1426 3661 1544 3723 he-

459 3748 618 3808 bere.
704 3747 895 3807 Maius
948 3749 1128 3806 etiam
1161 3748 1343 3809 decus
1376 3749 1545 3809 adie-

460 3843 558 3892 cto
594 3835 886 3912 supplex,
928 3834 1224 3894 vocabulo
1250 3836 1543 3915 religioso,

458 3919 625 3998 quod
652 3919 916 3993 omnino,
948 3929 1019 3977 ut
1045 3923 1412 3999 supplicare,
1463 3920 1542 3979 ad

459 4005 689 4064 cultum
735 4005 985 4064 deorum
1018 4007 1316 4084 refertur,
1360 4007 1541 4067 sacris

458 4091 557 4152 vel
604 4090 875 4170 precibus
924 4091 1116 4150 factis.

545 4177 646 4243 50.
688 4176 844 4236 Nota
875 4175 1164 4236 narrandi
1190 4176 1539 4237 artificium:

459 4283 581 4322 non
630 4272 768 4322 ante
813 4262 1014 4322 verbis
1048 4263 1359 4324 consilium
1390 4264 1539 4324 luno

455 4348 740 4428 exponit,
815 4347 920 4407 sed
974 4348 1207 4425 statim,
1272 4349 1421 4428 quid
1472 4369 1542 4409 ea

455 4435 775 4514 peregerit,
859 4434 1191 4495 subiicitur.
1310 4435 1545 4497 Habuit

1949 2304 2021 2360 54
2064 2317 2121 2356 et
2169 2322 2223 2355 v.
2257 2302 2462 2373 Nonius
2512 2312 2579 2352 et
2628 2299 2741 2351 duo

1633 2307 1781 2376 Wr.)

1631 2560 1835 2610 nutem
1875 2559 2052 2631 poeta
2113 2557 2255 2608 ante
2312 2546 2518 2608 oeulos
2560 2545 2635 2604 11.
2683 2544 2736 2617 ξ,

1632 2641 1759 2702 230
1781 2657 1906 2716 sqq.
1938 2636 2046 2696 ubi
2072 2635 2220 2694 luno
2252 2636 2545 2693 Somnum
2576 2628 2730 2689 adit.

1719 2723 1822 2788 51.
1851 2723 1954 2788 52.
1997 2721 2359 2781 Nimborum
2386 2718 2449 2777 h.
2476 2718 2519 2776 l.
2566 2735 2732 2777 ven-

1631 2818 1838 2868 torum
1851 2851 1869 2883 ‚
1901 2808 2011 2886 qui
2035 2805 2366 2886 perturbati
2395 2806 2583 2875 aeri-9,
2628 2823 2729 2859 re-

1621 2897 2126 2973 pendam-umque
2180 2914 2257 2951 ac
2303 2891 2730 2970 praecipitum

1620 2981 1979 3059 pluviarum
2045 2997 2285 3037 caussae
2337 2984 2498 3035 sunt.
2570 2971 2727 3051 fita

1628 3065 1957 3146 poeticum,
2025 3074 2100 3124 ut
2162 3063 2463 3142 gravida,
2539 3058 2724 3139 plena

1628 3153 1878 3227 austris,
1921 3151 2169 3209 omnino
2197 3148 2422 3224 ventis,
2452 3145 2561 3206 sed
2598 3164 2724 3201 au-

1628 3241 1738 3296 stri
1779 3245 1924 3295 sunt
1952 3234 2274 3295 saevissimi
2310 3234 2373 3293 iu
2404 3232 2554 3291 mari
2586 3228 2720 3289 Me·-

1632 3322 1974 3382 diterraneo
1990 3344 2008 3398 3
2088 3321 2269 3400 igitur
2331 3318 2544 3379 melius
2597 3314 2720 3373 hoc

1628 3428 1813 3486 genus
1841 3408 2112 3489 ponitur.
2156 3407 2234 3466 nd
2259 3406 2524 3464 insulam
2546 3403 2713 3462 Aeo-

1628 3496 1782 3552 liam
1821 3494 1995 3554 venit
2032 3493 2096 3554 h.
2134 3512 2184 3552 e.
2224 3512 2409 3552 unam
2439 3510 2518 3548 ex
2550 3488 2714 3547 Aeo-

1627 3578 1721 3638 liis
1779 3599 1886 3640 seu
1928 3579 2233 3641 Vulcaniis
2284 3586 2347 3636 et
2388 3572 2710 3655 Liparaeis.

1627 3665 1748 3724 Sed
1775 3686 1959 3725 unam
1983 3674 2225 3726 tantum
2275 3671 2454 3723 norat
2482 3662 2711 3720 Home-

1626 3771 1735 3810 rus
1781 3752 1997 3833 Odyss.
2038 3775 2094 3828 κ,
2144 3756 2175 3814 1
2225 3771 2313 3830 sq.
2369 3769 2429 3809 v.
2457 3748 2708 3807 Excurs.

1628 3837 1707 3896 nd
1732 3834 1796 3897 h.
1827 3837 1869 3897 l.

1711 3922 1986 3988 52—56.
2029 3920 2241 3981 ornan·
2270 3922 2508 3981 versus:
2550 3917 2707 3977 Aeo-

1620 4008 1718 4068 lus
1760 4008 2020 4067 inclusos
2045 4016 2213 4066 tenet
2249 4015 2484 4067 ventos.
2538 4012 2703 4064 vasto

1621 4106 1792 4154 atum
1813 4139 1831 4169 ,
1891 4093 2170 4153 naturale
2210 4093 2368 4152 enim
2414 4100 2502 4149 est
2521 4135 2538 4166 ,
2594 4107 2698 4147 vs·

1620 4199 1835 4260 porem
1862 4188 1922 4239 et
1949 4179 2226 4259 spiritum
2268 4198 2375 4259 per
2397 4178 2531 4238 loca
2559 4193 2701 4234 con-

1623 4285 1772 4325 cava
1805 4262 2245 4347 (subterranea)
2288 4272 2526 4324 motum
2559 4278 2699 4322 con-

1625 4351 1801 4412 citari
1816 4396 1834 4428 ,
1900 4352 2100 4431 sicque
2127 4350 2258 4412 fieri
2283 4361 2541 4408 ventum.
2583 4342 2699 4406 vid.

1628 4436 1851 4498 Seneca
1892 4436 2013 4513 Qu.
2057 4446 2181 4501 nst.
2221 4437 2320 4512 vl,
2357 4438 2563 4499 18.-
2604 4426 2696 4498 ⁵4·
