2882 5028
443 348 598 421 312

931 343 1013 418 P.
1066 341 1599 416 VIRGILII
1652 342 2223 418 MARONIS

445 526 870 628 Adcipiens
903 526 1256 602 sonitum
1283 526 1435 601 saxi
1472 525 1575 603 de
1606 528 1898 605 vertice
1942 542 2232 631 pastor.

450 637 665 707 Tum
711 654 906 708 vero
958 628 1375 708 manifesta
1418 628 1658 728 fides,
1709 637 2238 733 Danaumque
2284 643 2695 732 patescunt

446 733 806 812 Insidiae.
905 736 1074 808 Iam
1097 732 1503 836 Deiphobi
1544 734 1769 812 dedit
1803 735 2068 837 ampla
2100 738 2445 830 ruinam,

2551 744 2696 813 310

447 836 805 916 Volcano
855 851 1320 937 superante,
1390 838 1719 932 domus;
1789 840 1948 915 iam
1993 862 2439 939 ,proxumus
2484 837 2697 915 ardet

447 937 895 1039 Ucalegon3
953 940 1178 1037 Sigea
1208 941 1368 1039 igni
1402 938 1605 1020 freta
1630 942 1780 1019 lata
1813 941 2220 1020 relucent..

448 1044 819 1121 Exoritur
855 1041 1320 1145 clamorque
1350 1045 1612 1122 virum
1649 1046 2130 1148 clangorque
2161 1044 2561 1122 tubarum.

450 1153 690 1223 Arma
727 1171 1008 1226 amens,
1034 1148 1299 1248 capi03
1354 1164 1656 1225 necsat
1690 1150 2017 1226 rationis
2048 1147 2132 1224 in
2160 1148 2421 1226 armis.

456 1251 616 1329 Sed
683 1251 1133 1350 glomerare
1204 1276 1540 1329 manum
1599 1253 1854 1350 bello,
1930 1266 2010 1354 et
2081 1274 2563 1328 concurrere
2619 1250 2690 1323 in

456 1459 662 1535 Cum
690 1458 921 1534 sociis
953 1456 1236 1534 ardent
1264 1459 1524 1538 animi.

591 1667 697 1721 808
733 1668 1007 1738 aspiciens
1033 1671 1067 1719 S
1106 1677 1211 1721 rot.
1240 1685 1339 1737 pro
1365 1687 1476 1723 var.
1502 1670 1631 1724 lect.
2581 1730 2594 1743 ,

742 1737 848 1791 312
905 1736 1022 1788 Uclt
1082 1739 1171 1789 ion
1214 1739 1470 1793 Rotteud.
1513 1758 1618 1792 sec.
1652 1755 1656 1761 ’
1689 1740 1750 1789 In
1791 1737 1909 1790 aliis
1947 1737 2103 1789 codd.
2141 1735 2246 1786 alio
2297 1733 2466 1785 modo
2509 1732 2690 1783 vitiose.

1288 1809 1395 1865 315
1447 1821 1503 1862 et
1543 1827 1767 1862 currere
1808 1814 1986 1878 Sprot.
2057 1805 2133 1857 ad
2169 1822 2355 1856 arcem
2396 1804 2582 1858 Mox-et.
2619 1816 2690 1869 pr.

453 1735 725 1877 2³}ssqu
752 1807 875 1876 igni
908 1805 1149 1859 Parthas.

1623 1382 1887 1432 arcem
2522 1403 2525 1406 ,
2555 1357 2693 1432 315

1630 1465 1889 1536 Furor
1926 1460 2202 1560 iraque
2233 1469 2598 1534 mentem

1770 1670 1880 1725 310
1910 1667 2033 1720 alca
2063 1665 2251 1717 Hamb.
2288 1683 2420 1727 sec„
2455 1672 2513 1714 ut
2549 1677 2691 1730 saepe

454 1979 570 2038 lius
589 1980 888 2040 narrantis
900 1981 1383 2044 recordationem
1398 2004 1542 2044 sua-
1606 1982 1741 2063 sert
1778 1983 2092 2061 Ucalegon
2111 2024 2129 2058 ,
2177 1978 2283 2057 qui
2310 1977 2436 2037 hoc
2474 1974 2687 2036 nomine

457 2066 614 2125 vitas
637 2059 998 2126 narrationis
1025 2067 1381 2131 iamdudum
1405 2071 1542 2130 ani-

455 2152 568 2209 mis
594 2151 968 2211 audientium
996 2153 1276 2217 excussit.
1312 2155 1544 2235 sue-en-

457 2236 616 2295 tibus
641 2242 862 2295 austris
896 2239 1045 2299 dicit
1077 2249 1150 2299 ut
1186 2251 1366 2322 poeta
1408 2263 1543 2323 pro,

458 2322 656 2381 ventis
681 2322 985 2384 ssantibuS.
1029 2338 1274 2405 torrens,
1302 2329 1544 2408 χείμαῤ·

460 2409 601 2488 ῥος,
653 2410 908 2487 rapidus
944 2423 1229 2471 montano
1251 2415 1543 2492 flumme,

460 2503 674 2554 auctus
701 2516 992 2573 aquarum
1024 2497 1280 2559 colluvie
1310 2520 1342 2559 e
1369 2521 1550 2561 mon-

459 2580 642 2640 tibus.
727 2585 873 2645 308.
917 2582 1080 2668 Iliad.
1124 2586 1182 2662 ὃ,
1227 2585 1354 2651 455
1409 2591 1549 2649 Ταῖν

460 2664 530 2730 65
552 2687 614 2729 τε
639 2661 858 2746 τηλόσε
899 2668 1141 2733 δοῦπον
1188 2670 1255 2736 ἐν
1301 2669 1549 2756 οὔρεσιν

461 2751 633 2815 ἔκλυε
663 2746 915 2833 ποιμήν.

544 2841 671 2904 809
690 2875 768 2887 -
788 2842 935 2905 818.
991 2843 1150 2900 Tum
1177 2862 1311 2900 vero
1339 2844 1547 2901 mani-

441 2923 792 3003 fistafides
812 2935 1046 3001 ornate,
1077 2926 1174 2986 uti
1204 2926 1549 3002 mbusfides

443 3009 595 3085 fieri
639 3009 866 3073 dicitur
909 3021 1165 3072 eventu:
1235 3013 1551 3073 manifesta

460 3094 580 3153 iam
623 3114 721 3154 res
778 3104 924 3156 erat.
1022 3097 1143 3156 Alii
1194 3097 1549 3178 interpretes

464 3180 654 3238 aliter.
739 3181 1052 3258 Dezplzobi
1092 3182 1307 3242 domus
1355 3185 1550 3264 prima

462 3265 706 3324 incensa
719 3286 737 3343 ;
762 3265 1022 3325 duxerat
1044 3267 1096 3326 is
1110 3267 1400 3328 Helenam
1413 3274 1553 3349 p‘ost

460 3349 695 3411 Paridis
718 3362 977 3411 mortem
992 3396 1010 3428 ,
1052 3362 1125 3411 ut
1146 3353 1264 3414 iam
1288 3356 1550 3415 Servius.

454 3436 543 3496 cs.
581 3435 851 3512 Quintus
889 3438 1016 3501 cal.
1053 3439 1217 3515 XIII,
1266 3440 1392 3505 354
1423 3460 1551 3519 sqq.

467 3521 683 3604 Odyss.
719 3530 801 3598 θ,
847 3524 976 3588 517
1026 3545 1190 3604 sqq„
1238 3526 1343 3603 qui
1383 3527 1555 3586 locus

466 3607 694 3668 fundus
749 3609 1008 3673 subulae.
1094 3612 1171 3671 cf.
1223 3613 1370 3671 Exc.
1420 3612 1552 3672 XII.

469 3693 639 3775 (etsi,
684 3694 733 3753 si
760 3696 1026 3775 argutari
1049 3698 1228 3775 velis,
1273 3699 1367 3758 sui
1396 3698 1554 3757 obli-

468 3789 603 3839 tum
626 3779 850 3840 dixeris
878 3792 1138 3862 poetam,
1164 3806 1300 3844 nam
1323 3784 1390 3844 in
1418 3803 1558 3845 arce

470 3886 609 3924 cum
642 3868 855 3926 ceteris
895 3869 1114 3929 Priami
1141 3870 1275 3929 filiis
1310 3871 1410 3930 ille
1438 3870 1556 3930 ha-

467 3951 734 4034 bitavit.)
775 3954 1053 4033 proxima
1081 3956 1297 4014 domus
1338 3957 1556 4016 Ucale-

468 4037 664 4117 gontis
678 4083 695 4114 ,
739 4040 843 4116 qui
873 4059 905 4098 e
932 4041 1303 4120 principibus
1337 4053 1470 4103 erat
1495 4052 1559 4102 et

470 4125 532 4183 in
561 4124 808 4184 consilio
835 4125 1055 4186 Priami
1095 4126 1264 4187 Iliad.
1310 4152 1366 4212 y,
1413 4127 1556 4193 148.

472 4206 901 4291 (Imitationem
969 4212 1342 4272 manifestam
1416 4214 1560 4275 vide

472 4295 636 4376 apud
656 4297 922 4358 luvenal.
947 4298 1047 4378 111,
1072 4302 1243 4363 198.:
1272 4302 1414 4359 Iam
1429 4322 1558 4380 po-

472 4387 584 4443 scit
608 4405 841 4466 aquam
857 4429 878 4461 ,
925 4387 1057 4445 iam
1075 4385 1322 4465 frivola
1355 4399 1557 4447 truns-

1626 2069 1930 2129 hominem
1954 2067 2217 2128 nobilem
2244 2064 2508 2124 notavit.
2587 2059 2689 2120 Ibi-

1629 2155 1767 2215 dem
1792 2159 1915 2220 201
1978 2156 2227 2213 ultimus
2263 2150 2499 2209 ardebit
2535 2164 2693 2207 usur-

1627 2250 1874 2321 patum,
1917 2249 1989 2298 ut
2014 2238 2076 2299 h.
2108 2238 2148 2297 l.
2198 2238 2515 2314 Ucalegon
2548 2231 2692 2292 ardet

1629 2325 1690 2386 h.
1719 2344 1769 2385 e.
1803 2325 1978 2384 aedes
2005 2322 2282 2384 hominis.
2335 2320 2526 2383 Wch.
2602 2317 2691 2375 cfr.

1630 2413 1779 2472 Aen.
1809 2411 1906 2487 IV,
1938 2415 2108 2475 671.:
2151 2408 2580 2484 „flammaeque
2606 2403 2691 2499 su-

1631 2507 1832 2558 rentes
1871 2495 2146 2556 Culmina
2190 2512 2421 2575 perque
2472 2491 2692 2551 homi-

1632 2605 1806 2644 num
1859 2584 2190 2645 volvantur
2228 2598 2459 2659 perque
2519 2577 2690 2635 deo-

1632 2672 1881 2731 rum.“
1931 2665 2110 2750 Wr.)
2211 2667 2401 2744 Sigea
2432 2664 2687 2733 reluoem,

1629 2753 2019 2836 prospicienti
2064 2772 2143 2811 ex
2180 2750 2334 2811 urbe
2386 2769 2493 2831 per
2541 2756 2691 2805 tene-

1630 2841 1791 2901 bras.
1877 2841 1951 2900 cf.
1981 2838 2246 2912 Quintus
2274 2836 2420 2899 ibid.
2447 2831 2567 2898 464
2580 2848 2688 2908 sqq.

1631 2927 1766 2986 lata
1799 2945 1937 2986 cum
1977 2925 2203 2985 dilectu
2244 2922 2305 2982 h.
2345 2923 2387 2983 1.
2427 2919 2692 3000 positum:

1632 3032 1775 3072 nam
1796 3012 1917 3071 late
1942 3011 2176 3070 relucet
2193 3028 2363 3068 mare
2391 3009 2541 3068 circa
2561 3020 2690 3081 pro-

1631 3098 2002 3157 montorium
2025 3096 2280 3174 Sigeum.
2373 3091 2470 3175 (οἱ.
2504 3085 2689 3149 Cerda.

1631 3183 1818 3262 Male,
1844 3192 1997 3264 puto
2011 3227 2029 3259 ,
2057 3181 2303 3242 Servius
2324 3190 2388 3240 et
2409 3181 2686 3254 Pompon..

1635 3269 1802 3348 quod
1852 3269 1975 3328 illic
2014 3269 2238 3328 fretum
2277 3258 2682 3342 Hellespontia-

1635 3376 1778 3414 cum
1815 3354 2027 3435 incipit
2070 3352 2372 3498 dilatari}
2449 3344 2687 3489 Ρξὲὓέῑὲῖ

1636 3441 1912 3500 tubarum
1955 3441 2240 3519 clangor,
2375 3455 2521 3514 unp!

1637 3528 2026 3606 Tragicorum
2072 3525 2348 3605 exemplo
2364 3569 2382 3600 ,
2421 3532 2688 3581 memora·-

1634 3622 1771 3688 tur‚
1814 3612 1925 3672 etsi
1949 3612 2140 3671 Iliacis
2166 3609 2533 3690 temporibus
2550 3619 2687 3662 non-

1638 3698 1787 3760 dum
1814 3700 1979 3758 suere
1998 3699 2151 3759 tuba
2184 3708 2247 3757 et
2274 3698 2479 3756 lituus.
2633 3771 2644 3783 .

1724 3783 1850 3850 314
1871 3788 2109 3849 -317.
2152 3786 2288 3844 Nec
2322 3793 2419 3841 aa!
2442 3778 2682 3868 mliomfae

1638 3869 1702 3930 h.
1742 3891 1793 3930 e.
1830 3888 2045 3952 parum
2093 3869 2354 3941 consilii,
2397 3869 2461 3923 in
2498 3876 2682 3951 anm-{2

1638 3956 1704 4015 in
1732 3975 2039 4017 armorum
2068 3977 2214 4032 usu;
2255 3974 2366 4014 nec
2390 3947 2530 4010 mihi
2564 3950 2686 4002 sam

1637 4043 1751 4123 ipsi
1777 4042 2125 4117 constabat,
2170 4050 2459 4120 quantum
2489 4034 2576 4093 his
2601 4045 2686 4086 ar·

1638 4129 1753 4190 mis
1788 4130 2146 4210 profuturus
2187 4146 2370 4187 essem
2406 4130 2602 4202 captae
2636 4118 2686 4210 0}

1637 4217 1914 4277 incensae
1942 4216 2061 4275 iam
2091 4214 2246 4273 urbi.

1639 4305 1729 4361 mi
1756 4303 2092 4381 glomerare
2121 4320 2374 4360 manum
2396 4295 2570 4365 bello,
2600 4303 2685 4344 ⁸1·-

1643 4387 1786 4465 deo,
1864 4387 1965 4446 hic
2034 4407 2193 4448 unus
2242 4387 2494 4465 impetun
2558 4378 2683 4442 ortt»

2330 4211 2532 4270 ardent
2565 4220 2684 4261 am·
2739 4206 2744 4217 ’

2820 4426 2822 4505 4
