2882 5028
433 362 1048 444 AENEmos
1099 363 1315 440 Lm.
1365 365 1498 459 IV,
1552 320 1971 445 εει-389

114 556 239 648 Et,

2188 371 2340 447 655

293 576 535 653 quum
566 547 853 648 frigida
882 575 1103 627 mors
1132 550 1390 627 anima
1419 547 1820 629 seduxerit
1849 564 2082 648 artu5‚
2185 557 2340 635 385

115 654 490 734 Omnibus
561 653 864 731 Umbra
949 655 1143 732 locis
1216 653 1481 732 adero,

1594 654 1836 731 Dabis
1865 715 1888 752 ,
1972 657 2337 759 inprobe,

1252 780 1572 857 poenae.

115 858 429 937 Audiam
450 920 471 954 ‚
526 873 607 936 et
644 858 843 936 haec
874 859 1125 936 Manis
1159 860 1428 936 veniet
1456 859 1656 934 mihi
1684 857 1895 936 fama
1931 861 2078 936 sub
2113 861 2339 940 imos,

115 965 236 1038 His
265 962 623 1039 medium
655 962 879 1039 dictis
908 987 1372 1038 sermonem
1400 963 1833 1064 abrumpit,
1890 977 1970 1039 et
2004 988 2226 1041 auras

117 1072 342 1167 Aegra
369 1064 571 1165 fugit
588 1128 609 1166 ‚
661 1091 911 1168 seque
947 1091 1040 1142 ex
1066 1065 1314 1143 oculis
1345 1067 1623 1142 avertit
1651 1080 1730 1143 et
1758 1064 2037 1166 aufert,

233 1241 329 1295 385
365 1238 692 1291 subduxerit
716 1238 920 1310 aliquot
943 1238 1082 1291 Pier.
1111 1238 1246 1291 alter
1274 1242 1429 1292 Voss.
1459 1250 1514 1292 et
1535 1237 1700 1293 wall.
1726 1257 1839 1292 cum
1879 1240 2042 1292 Goth.
2084 1259 2165 1310 pr.
2234 1242 2341 1293 Sed

121 1309 350 1361 seducere
360 1348 375 1373 ,

411 1326 513 1378 pro
542 1310 833 1373 abducere,
874 1326 1148 1378 separare,
1200 1322 1373 1361 amant
1406 1310 1600 1380 passim
1646 1319 1863 1379 poetae,
1912 1318 1971 1361 ut
2007 1310 2090 1361 vel
2140 1310 2340 1367 iudices

120 1378 300 1431 docent.
365 1379 658 1430 secluserit
685 1379 835 1432 Leid.
860 1390 917 1430 et
945 1378 1030 1431 ed.
1065 1381 1215 1442 ven„
1251 1396 1383 1448 quae
1410 1380 1633 1432 varietas
1659 1389 1713 1431 et
1735 1397 1850 1449 sup.
1882 1382 1924 1444 Ι,
1952 1378 2063 1435 662
2094 1396 2341 1432 occurre-

119 1446 209 1500 bat.
273 1448 524 1500 eduxerit
570 1448 777 1500 Servius
832 1448 1024 1517 legisse
1076 1446 1248 1501 videri

119 1514 275 1569 servio
304 1517 640 1570 obtundebat.
712 1520 944 1588 (—387.
978 1519 1180 1569 Manes
1202 1468 1394 1570 Magio.
1449 1518 1591 1587 Wr.)

120 1587 265 1640 natm.
288 1597 339 1639 et
363 1587 528 1639 Goth.
553 1597 672 1641 tert.
742 1586 1010 1660 abrumpit
1033 1591 1210 1657 Sprot.

120 1736 170 1785 et
203 1728 398 1789 Cei-da.
485 1727 744 1787 Vocabis
781 1729 1177 1791 moribundus

120 1812 382 1874 Didonem
407 1837 425 1891 ς
489 1822 643 1873 tunc
682 1814 896 1874 Furiae
943 1817 1178 1876 sceleris

119 1898 173 1956 in
194 1918 281 1959 ms
308 1899 608 1960 commissi
629 1900 739 1959 tibi
765 1901 1179 1963 obversabun-

121 1992 233 2062 tui-5
271 1985 423 2046 sive:
461 2005 609 2065 ego,
656 1986 766 2045 etsi
792 1987 1033 2064 absens,
1067 1987 1178 2047 tibi

119 2090 400 2133 occurram
462 2080 776 2150 tamquam
846 2092 925 2133 ex
981 2073 1180 2134 Furiis

118 2174 222 2216 una
273 2168 330 2217 et
385 2159 553 2217 faces
604 2157 916 2219 intentabo
969 2159 1177 2220 oculis.

118 2242 180 2301 cs.
201 2245 436 2304 Sueten.
461 2244 608 2303 Ner.
626 2243 709 2308 34
739 2254 801 2303 et
828 2245 936 2304 inf.
955 2266 1013 2306 v.
1032 2246 1176 2309 472.

117 2325 278 2388 Forte
326 2328 718 2410 Apollonium
774 2340 915 2389 ante
974 2330 1178 2390 oculos

117 2409 309 2481 habuit
338 2415 437 2491 IV,
471 2417 605 2479 386
635 2434 721 2493 sq.
805 2415 981 2475 Nunc
1025 2415 1178 2475 Ovi-

120 2498 190 2560 dii
210 2500 512 2561 levitatem
543 2520 818 2581 compara
844 2503 1028 2582 Epist.
1053 2501 1179 2577 vll,

121 2587 189 2651 65
228 2607 348 2667 sqq.
452 2585 693 2668 (Alecto
736 2587 810 2646 de
852 2588 1045 2648 furiis
1086 2608 1180 2668 ap.

120 2670 301 2732 Claud.
340 2673 402 2731 in
447 2672 655 2731 Rufin.
709 2671 754 2748 1,
804 2672 937 2737 49.=
993 2672 1181 2751 „quid

120 2754 395 2817 facibus
440 2756 851 2835 nequidquam
889 2759 1181 2838 cingimur

119 2843 387 2904 atris‘?“
428 2841 561 2903 vid.
593 2844 770 2903 etiam
815 2843 882 2905 V.
924 2844 1020 2919 L.;
1062 2847 1185 2903 atri

119 2928 271 3003 ignes
298 2937 440 2989 sunt
478 2928 798 3004 fumidi3
838 2929 927 2989 ita
970 2930 1179 3005 Cacus,

119 3012 206 3088 qui
263 3013 418 3074 infra
484 3013 654 3088 vm,
746 3018 884 3080 199.
959 3024 1081 3075 atr
1099 3035 1179 3074 os

118 3096 224 3174 ign
239 3118 307 3157 es
345 3098 648 3164 vomuisse
674 3099 957 3176 traditur,
997 3101 1179 3179 paulo

119 3192 238 3260 post
285 3204 373 3245 vs.
433 3188 569 3253 262
628 3205 754 3263 sqq.
809 3186 1179 3246 faucibus

121 3267 413 3346 ingente
434 3291 496 3330 m
554 3270 838 3330 fumum
888 3271 1182 3331 evomit

222 3355 746 3434 glomeratque
781 3357 920 3416 sub
950 3366 1180 3417 antro

122 3436 563 3501 fumiferam
618 3450 935 3502 noctem
972 3462 1183 3501 com-

124 3523 368 3584 mixtis
428 3526 609 3606 igne
673 3527 1049 3604 tenebris;
1122 3536 1187 3588 et

125 3603 229 3685 vn,
254 3608 374 3676 456
410 3632 533 3691 sq.:
594 3622 826 3688 „atro
873 3613 1188 3673 Lumine

127 3690 481 3755 fumantes
562 3696 701 3757 fixit
770 3698 883 3758 sub
941 3708 1185 3777 pectore

126 3779 372 3841 taedas
411 3781 811 3845 Allecto.“
869 3783 1025 3844 adde
1073 3785 1183 3862 IX,

126 3863 252 3930 522
349 3868 634 3927 Ceterum
674 3869 825 3929 bene
871 3869 1182 3932 Wunder-

124 3944 342 4011 lichius:
384 3954 687 4032 „Imagine
731 3954 934 4015 demta
975 3975 1181 4016 sensus

127 4042 229 4092 est:
250 4046 376 4097 tum
401 4039 563 4099 mala
590 4047 649 4098 te
669 4042 1025 4101 conscientia
1049 4051 1183 4101 tor-

127 4120 328 4194 quebit.
402 4124 610 4198 Quam
637 4127 991 4186 sententiam
1016 4147 1184 4188 more

127 4207 479 4284 antiquitatis
522 4211 891 4287 enuntiavit,
948 4233 1102 4291 quae
1150 4235 1186 4272 a

128 4286 277 4349 laesis
314 4293 482 4368 illos,
557 4296 661 4373 qui
698 4296 977 4358 iniuriam
1017 4307 1188 4359 attu-

124 4370 326 4454 lerunt,
350 4379 565 4441 vexari
582 4380 778 4443 finxit.
845 4383 1015 4443 Illam
1040 4405 1187 4446 vero

1333 1458 1491 1501 otest.
1560 1452 1775 1501 am'mae
1827 1448 2026 1500 Pierius
2062 1466 2339 1530 perperam

1726 1519 1833 1575 888
1881 1516 2102 1593 abrupit
2138 1517 2342 1589 aliquot

1261 1728 1570 1790 notionem
1618 1730 1829 1787 vexari
1869 1728 2109 1789 ornavit
2146 1737 2341 1789 meta·-

1258 1815 1454 1898 phora
1510 1834 1546 1871 a
1597 1812 1795 1873 Furiis
1864 1816 2050 1893 petita
2075 1859 2094 1893 ,
2166 1835 2340 1893 quae,

1260 1908 1711 1982 persequentes,
1780 1898 2026 1959 ultrices
2055 1944 2074 1974 ,
2145 1901 2179 1959 f
2185 1921 2217 1959 a
2238 1902 2341 1960 ci-

1261 1989 1402 2047 bus
1459 1994 1787 2046 armantur.
1806 1988 1844 2021 “
1903 1982 2081 2067 Wr.)
2192 1986 2339 2052 385.

1263 2076 1475 2132 anima
1494 2071 1788 2130 seduxerit
1812 2084 1999 2147 artua,
2033 2070 2339 2151 exquisite,

1261 2158 1613 2218 seiunxerit.
1716 2154 1969 2236 Vulgare
2019 2166 2144 2233 est,
2202 2160 2341 2217 ani-

1261 2263 1421 2303 mam
1477 2242 1552 2301 ab
1601 2240 1870 2303 artubus.
1955 2244 2221 2316 Αηίηια,
2257 2276 2339 2289 -

1275 2328 1501 2388 Umbra
1522 2329 1842 2385 —Manea
1883 2328 1954 2387 cf.
2003 2328 2081 2387 ad
2122 2328 2340 2389 Tibull.

1261 2415 1362 2490 ΙΙΙ,
1420 2419 1481 2490 2,
1543 2414 1641 2480 15.
1744 2408 1997 2493 (Manes
2060 2415 2133 2473 de
2189 2414 2342 2490 loco,

1264 2521 1384 2579 quo
1421 2498 1652 2560 animae
1697 2499 2105 2561 eontinentur.
2189 2501 2341 2561 Nam

1265 2590 1460 2646 venire
1487 2586 1596 2645 sub
1619 2586 1860 2643 animas
1888 2586 1983 2644 vel
2009 2585 2118 2645 sub
2142 2587 2343 2646 homi-

1263 2693 1368 2730 nes
1406 2693 1554 2751 pro:
1609 2672 1815 2729 venire
1855 2670 1920 2731 in
1957 2671 2157 2731 locum
2175 2717 2193 2749 ‚
2236 2672 2344 2732 ubi

1262 2757 1348 2815 illi
1395 2765 1571 2832 sunt,
1618 2755 1896 2815 Latinum
1935 2777 2058 2816 non
2097 2767 2204 2818 est.
2264 2760 2341 2820 cf.

1264 2841 1410 2902 Aen.
1440 2843 1548 2920 XI,
1580 2844 1751 2906 181.:
1791 2856 1935 2901 nato
1961 2845 2180 2902 Manis
2196 2866 2343 2923 per-

1242 2929 1412 3008 ferre
1444 2962 1522 2975 -—
1550 2926 1833 2988 nuntium
1882 2960 1954 2973 -—
1996 2928 2106 2987 sub
2160 2931 2335 2988 imos.

1264 3012 1358 3072 Ad
1385 3014 1894 3073 constructionem
1933 3034 2212 3094 compara
2250 3034 2343 3075 vs.

1261 3098 1436 3163 248..
1464 3097 1574 3157 sub
1601 3101 1856 3158 Tartara
1873 3102 2114 3161 mittere.
2132 3099 2342 3161 Aeseh.

1258 3185 1419 3245 Pers.
1461 3187 1629 3248 62&
1681 3178 2003 3263 θαλάμους
2043 3182 2169 3250 ὖπό
2208 3190 2342 3269 γῆς.

1262 3299 1352 3316 --
1379 3269 1731 3347 haec-sama
1763 3281 1880 3330 est:
1923 3269 2102 3330 huius
2134 3271 2219 3331 rei
2248 3274 2344 3331 sa-

1266 3375 1393 3432 ma;
1434 3356 1509 3414 cf.
1541 3355 1729 3434 Tacit.
1760 3355 1912 3416 Hist.
1943 3357 2043 3433 lv,
2077 3362 2209 3423 46.:
2252 3361 2342 3417 is·-

1267 3440 1567 3520 quefinis.
1624 3442 1817 3503 Weh.
1877 3442 2001 3502 vid.
2048 3443 2118 3503 V.
2157 3444 2222 3504 L.
2263 3444 2343 3505 ad

1266 3545 1360 3587 vs.
1396 3530 1541 3592 237.
1594 3525 1770 3609 Wr.)
1869 3531 2014 3594 387.
2065 3530 2345 3589 Audiam

1270 3611 1433 3691 apud
1458 3611 1709 3688 inseres,
1750 3621 1813 3671 te
1844 3613 2073 3672 dedisse
2100 3635 2343 3696 poenas.

1269 3697 1393 3770 Qui
1414 3697 1701 3775 loquendi
1725 3698 1942 3758 modus
1969 3708 2032 3759 et
2066 3701 2205 3761 alibi
2234 3722 2344 3762 oc·-

1266 3782 1477 3842 currit.
1523 3784 1597 3843 cs.
1638 3783 1833 3843 Ursin.
1877 3783 2060 3866 Apud
2087 3787 2343 3849 Pindum

1264 3868 1360 3928 Oli
1407 3868 1567 3943 xlv,
1619 3872 1701 3934 29
1748 3870 1932 3929 Fama
1992 3871 2069 3930 ad
2124 3875 2344 3934 inferos

1261 3954 1496 4035 parenti
1524 3954 1762 4015 nuntiat
1783 3957 2094 4018 victoriam
2122 3960 2246 4020 filii.

1348 4043 1476 4105 388
1505 4073 1588 4086 -
1610 4044 1755 4108 892.
1805 4042 2081 4124 Abrupto
2133 4046 2344 4124 utique

1261 4124 1382 4186 hoe
1397 4145 1668 4186 sermone
1694 4125 1843 4187 nihil
1867 4129 2160 4208 disertius,
2192 4130 2345 4189 nihil

1265 4212 1641 4290 eloquentius
1656 4257 1673 4288 ‚
1721 4213 1838 4273 diei
1878 4224 2131 4294 poterat.
2190 4213 2344 4296 (me-

1263 4298 1435 4356 dium
1460 4319 1783 4357 sermonem
1818 4299 2122 4379 abrumpit
2159 4299 2344 4380 nigni-

1265 4382 1438 4442 ficat:
1513 4384 1668 4445 Dido
1727 4403 2057 4446 sermonem
2069 4430 2088 4461 ,
2164 4403 2342 4465 quem
