2882 5028
546 391 1156 468 AENEmos
1208 368 1416 471 Lm.
1477 396 1571 491 V,
1611 401 1948 475 86—95

2242 405 2397 480 739

155 578 592 681 Lihavitque
623 577 902 680 dap'eS,
954 603 1388 682 rursusque
1416 581 1780 657 innoxius
1809 582 1975 660 imo

160 685 524 759 Successit
551 683 902 779 tumu10‚
962 696 1042 759 et
1071 682 1394 787 depasta
1424 684 1693 760 altaria
1726 686 1974 788 liquit.

153 788 311 860 Hoc
343 788 585 886 magis
611 788 972 887 inceptos
998 788 1337 884 genitori
1368 788 2157 888 instaurat'honoreS,

151 891 525 987 Incertus»,
582 892 1037 969 Geniumne
1073 890 1229 968 loci
1249 952 1272 993 ‚

243 1032 359 1109 95.
403 1033 808 1105 FAMULUM

1331 888 1835 971 famulumne
1866 895 2221 995 parentis
2290 900 2394 976 95

147 1203 264 1253 Aen.
297 1204 365 1267 V,
397 1203 523 1257 259.
557 1204 674 1266 vn,
709 1202 830 1258 349.
866 1203 1006 1269 634„
1053 1201 1257 1273 apicem
1289 1202 1456 1255 habet
1489 1203 1545 1255 in
1578 1203 1820 1257 Mediceo
1870 1202 2005 1257 haec
2052 1221 2187 1269 vox,
2234 1205 2393 1261 levis.

149 1272 335 1324 Tuctur
368 1272 588 1324 alteram
622 1273 873 1336 formam,
920 1272 1002 1324 bis
1036 1282 1240 1325 tantum
1275 1284 1584 1342 praeterea,
1633 1292 1708 1326 vs.
1744 1274 1867 1328 259.
1905 1284 1961 1324 et
2011 1274 2108 1341 XI,
2158 1279 2276 1339 40..
2323 1276 2392 1328 ab

147 1339 255 1408 ipso
305 1341 620 1406 exhibitam,
684 1343 920 1411 Heynius
981 1344 1035 1393 in
1096 1342 1307 1408 Indice,
1360 1360 1468 1394 non
1516 1343 1671 1395 aliam
1718 1343 1788 1394 ob
1834 1360 2075 1406 causam,
2122 1362 2275 1413 quam
2324 1363 2394 1397 ne

146 1411 280 1472 λεῖος
312 1422 368 1462 et
397 1411 621 1478 κοῦφος
653 1429 783 1463 voce
817 1411 1005 1465 iisdem
1038 1411 1211 1464 literis
1258 1422 1535 1465 constante
1584 1413 1922 1481 significetur.
1977 1412 2125 1480 Wr.)
2195 1433 2397 1495 repens

143 1479 365 1533 Parthas.
403 1499 470 1532 ex
508 1482 701 1549 glossa.

842 1484 911 1536 93
946 1485 1170 1534 secessit
1196 1483 1320 1535 Exc.
1356 1484 1632 1534 Burmann.
1703 1483 1957 1535 Succedit
1993 1493 2048 1534 et
2082 1485 2284 1564 linquis
2313 1503 2392 1553 pr.

144 1549 316 1603 Hamb.
384 1555 666 1604 Successit
706 1560 762 1601 et
793 1551 994 1621 linquit
1029 1551 1219 1607 Medic.
1257 1569 1371 1604 cum
1406 1563 1633 1621 quatuor
1667 1551 1801 1604 aliis.
1851 1552 1970 1620 (sed
2004 1553 2165 1622 liques
2199 1553 2392 1607 Medic.

142 1636 172 1668 a
202 1636 267 1671 m.
298 1637 428 1681 sec.;
467 1632 631 1684 recte,
664 1619 769 1673 vid.
805 1624 870 1684 Q.
906 1623 972 1673 V.
1010 1623 1124 1683 vn,
1158 1622 1211 1675 5.
1252 1619 1398 1687 Wr.)

1538 1624 1609 1679 95
1636 1624 1932 1674 Geniumve
1964 1631 2020 1673 et
2042 1619 2395 1693 famulumve

145 1688 354 1759 quinque
385 1693 670 1742 Burmann.
728 1689 1051 1763 famulosne
1083 1690 1302 1743 Oudart.

140 1830 490 1891 Laocoonta
506 1843 740 1908 petunt.
800 1831 973 1906 Quae
1005 1832 1055 1891 si
1085 1852 1223 1892 cum

138 1912 193 1973 h.
216 1916 253 1975 l.
279 1936 613 1998 compares,
639 1917 849 1977 eodem
869 1917 1051 1978 modo
1076 1939 1224 1999 pos-

136 2000 205 2059 sis
287 2005 581 2084 accipere.
682 2004 887 2063 laevia
959 2006 1216 2082 pocula,

134 2089 284 2163 λεῖα,
326 2089 608 2167 adeoque
642 2089 929 2165 nitentia,
968 2099 1115 2170 puta
1145 2110 1222 2149 ex

133 2191 259 2232 aere
283 2194 427 2237 esse.
511 2176 774 2251 altaria,
823 2197 934 2255 pro
969 2176 1223 2256 dapibus

131 2262 409 2338 appositis
439 2259 622 2321 dixit.
685 2259 938 2341 (altaria
977 2263 1222 2344 proprie

132 2343 351 2406 dictum
411 2365 549 2406 esse
608 2344 788 2406 docet
841 2348 1097 2407 verbum
1135 2352 1221 2408 li-

128 2435 268 2510 quit.
325 2437 427 2495 W
426 2430 520 2513 r.)

207 2522 527 2585 94—99.
555 2521 852 2592 hastam-at
871 2518 933 2579 h.
961 2519 1000 2579 l.
1028 2520 1223 2602 simpl.

125 2606 368 2685 peragit.
494 2604 692 2664 Notus
757 2615 850 2665 est
923 2604 1024 2665 hic
1075 2627 1221 2667 usus

125 2691 288 2750 verbi
314 2710 661 2753 sacrorum.
730 2691 1056 2769 famulum
1093 2714 1222 2770 pa-

120 2781 333 2854 tentis,
401 2777 582 2856 quod
620 2796 836 2857 parum
890 2777 1224 2856 expediunt

121 2861 339 2942 intpp.,
386 2873 554 2943 puto
593 2862 824 2922 dictum
875 2883 989 2943 pro
1033 2864 1222 2923 Genio

118 2946 450 3010 Anchisae:
507 2946 900 3030 Θερᾰποντα,
942 2968 1082 3009 enm
1118 2950 1224 3028 qui

119 3036 286 3094 adest
307 3036 585 3094 homini.
669 3034 819 3094 Nam
842 3035 1013 3094 Genii
1041 3035 1225 3095 mini-

120 3124 369 3181 sterium
395 3128 719 3201 praestant
735 3165 751 3197 ,
797 3131 1093 3199 quatenus
1117 3140 1223 3202 ge-

114 3206 270 3267 nitos
324 3206 682 3286 suscipiunt
706 3251 724 3283 ,
793 3216 1048 3267 tuentur
1075 3251 1093 3283 ,
1152 3208 1224 3267 iis

117 3292 342 3354 adsunt
384 3292 681 3374 perpetui
720 3294 966 3352 comites
1004 3312 1075 3352 ac
1113 3313 1227 3352 cu·-

112 3380 364 3456 stodes;
446 3377 575 3438 hoc
623 3387 825 3438 autem
871 3379 1006 3439 loco
1044 3380 1225 3439 etiam

116 3465 190 3522 ad
234 3467 481 3525 inferos
528 3464 898 3524 comitantur
952 3466 1226 3525 animam.

110 3548 277 3613 Haec
307 3551 531 3611 elicias
557 3550 750 3626 exiis,
795 3570 946 3629 quae
981 3570 1226 3611 coacer-

111 3647 255 3696 vata
317 3646 485 3698 sunt
543 3636 609 3696 in
661 3637 810 3696 Diss.
853 3637 1102 3696 Passerii
1150 3637 1228 3696 de

111 3722 306 3784 Genio
368 3721 715 3784 domestico
768 3723 837 3782 T.
894 3723 975 3782 111
1038 3722 1230 3782 Musei

108 3809 377 3870 Etrusci.
477 3809 575 3868 Ab
619 3808 886 3867 Etruscis
925 3807 1082 3868 enim
1121 3809 1227 3866 in-

104 3896 325 3976 primis
375 3893 738 3973 religionem
770 3895 935 3952 illam
980 3913 1229 3974 accepe-

101 3994 259 4043 runt
299 3978 598 4041 Romani.
657 3980 792 4040 Alio
821 3980 1004 4039 modo
1034 3981 1096 4038 in
1128 3981 1227 4039 lo-

104 4070 189 4126 cis
220 4091 257 4127 a
293 4069 667 4126 Burmanno
699 4066 778 4124 ad
803 4066 1103 4125 Valer.Fl.
1129 4065 1226 4141 lv,

99 4157 233 4222 520
300 4151 608 4213 excitatis
662 4152 950 4211 dicuntur
989 4152 1230 4230 famuli

98 4261 175 4299 ac
188 4241 514 4316 famulas
542 4238 783 4296 devm
813 4237 898 4296 dii
934 4256 1042 4297 seu
1080 4237 1227 4297 deae

93 4325 383 4386 minores
409 4322 525 4383 vel
561 4322 708 4382 aliae
742 4332 1027 4398 naturae,
1072 4341 1229 4401 qua-

93 4432 247 4472 rum
341 4408 692 4471 ministerio
777 4409 866 4469 dii
946 4419 1229 4469 utuntur.

1308 1828 1568 1914 (Famuli
1600 1831 1843 1892 nomine
1876 1851 1952 1891 ne
1991 1833 2246 1894 Genium
2284 1854 2395 1916 ap-

1306 1919 1519 1998 pellari
1568 1918 1972 1978 existimemus
1999 1963 2017 1995 ,
2088 1929 2259 1980 vetat
2327 1920 2396 1980 id

1306 2005 1503 2084 ipsum
1538 2048 1555 2079 ,
1614 2005 1779 2082 quod
1833 2004 2141 2085 praecedit
2188 2005 2395 2084 illique

1308 2089 1668 2170 opponitur,
1727 2110 1946 2149 nomen
1983 2091 2189 2169 Genii3
2253 2111 2396 2151 nam

1309 2175 1593 2254 distingui
1629 2175 1730 2234 hic
1754 2176 1912 2235 inter
1934 2196 2025 2251 se,
2070 2187 2143 2237 ut
2184 2175 2395 2237 diver-

1304 2282 1400 2320 sos
1416 2305 1434 2336 ,
1481 2261 1736 2322 Genium
1764 2272 1826 2320 et
1848 2264 2158 2338 famulum,
2189 2274 2396 2343 aperte

1303 2347 1533 2406 indicat
1570 2347 1695 2428 ipse
1749 2348 2077 2408 verborum
2131 2350 2396 2429 positus5

1302 2432 1370 2492 id
1398 2434 1449 2491 si
1480 2442 1658 2513 poeta
1683 2428 1881 2492 dicere
1898 2435 2207 2511 voluisset,
2229 2436 2396 2514 quod

1306 2519 1604 2578 dicentem
1665 2521 1811 2580 facit
1859 2521 2161 2600 Heynius,
2232 2532 2395 2581 certe

1303 2603 1455 2663 haec
1492 2606 1580 2664 ita
1622 2606 1972 2665 collocanda
2020 2616 2217 2666 erant:
2274 2609 2396 2666 loci

1310 2691 1596 2766 Genium,
1630 2712 1755 2750 non
1781 2691 1897 2752 sic:
1933 2693 2197 2751 Genium
2230 2694 2393 2767 loci,-

1306 2786 1416 2835 aut
1439 2777 1837 2856 repetendum
1864 2785 2027 2851 erat,
2071 2777 2239 2856 quod
2268 2779 2396 2837 sine

1305 2861 1458 2921 vitio
1490 2862 1621 2921 fieri
1647 2871 1917 2942 poterat,
1961 2862 2122 2923 idem
2149 2882 2394 2924 nomen:

1311 2948 1646 3007 Geniumne
1690 2949 1847 3023 Ioci,
1902 2949 2396 3030 Geniumque

1298 3037 1594 3110 parentis.
1689 3034 1840 3093 Cum
1868 3043 2070 3094 autem
2108 3034 2224 3114 ipsi
2261 3035 2396 3095 sei-4

1303 3127 1514 3197 pentes
1540 3139 1654 3198 pro
1691 3119 1891 3179 Geniis
1929 3120 2204 3179 locorum
2245 3121 2398 3181 culti

1307 3204 1430 3262 sint
1457 3224 1494 3261 a
1517 3205 1853 3281 veteribus,
1896 3225 2012 3283 qua
2021 3206 2115 3265 ‘de
2143 3226 2213 3266 re
2256 3207 2397 3267 vide

1306 3298 1546 3369 praeter
1571 3288 1819 3350 Santrae
1845 3290 2115 3352 scholion
2142 3291 2225 3352 ad
2269 3291 2331 3353 h.
2354 3294 2394 3356 Ι.

1308 3376 1575 3455 lutet-pp.
1621 3376 1699 3434 ad
1748 3378 1905 3440 Pers.
1961 3380 2085 3438 Sat.
2132 3379 2179 3453 1,
2234 3383 2396 3458 113,

1308 3461 1553 3536 eadem,
1613 3482 1795 3540 quam
1845 3463 2028 3522 modo
2067 3464 2397 3544 tetigimus,

1308 3547 1722 3627 oppositorum
1777 3547 1933 3608 ratio
1986 3569 2111 3608 non
2165 3550 2398 3630 patitur

1309 3652 1387 3692 ex
1435 3632 1541 3692 illo
1598 3652 1766 3693 more
1833 3635 2399 3715 interpretationem

1308 3718 1455 3800 peti.
1491 3720 1701 3779 Restat
1717 3719 1918 3797 igitur,
1951 3720 2015 3779 id
2043 3721 2211 3799 quod
2240 3740 2397 3781 sem-

1307 3824 1416 3886 per
1440 3806 1802 3865 tutissimum
1829 3814 1915 3863 est
1940 3806 2003 3865 i'n
2048 3808 2398 3867 enarrandis

1307 3890 1610 3950 bonorum
1648 3899 1967 3971 poetarum
2013 3893 2395 3969 carminibus,

1309 3986 1380 4035 ut
1407 3996 1537 4033 eam
1565 3977 2024 4059 explicationem
2052 3996 2396 4056 sequamur,

1309 4081 1465 4140 quae
1492 4063 1873 4142 simplicitate
1902 4081 2049 4143 prae
2077 4063 2291 4122 ceteris
2334 4082 2398 4122 se

1310 4149 1708 4208 commendet.
1794 4148 1867 4208 In
1923 4149 2117 4208 Servii
2166 4146 2395 4208 scholio

1308 4234 1505 4293 mixta
1552 4233 1799 4313 legimus
1836 4243 1976 4314 apta
2014 4232 2247 4313 inepta5
2290 4233 2394 4293 sed

1306 4319 1463 4378 illud
1490 4338 1616 4379 non
1651 4319 2063 4400 negligendum
2095 4318 2397 4397 duxerim,

1312 4403 1505 4484 quod:
1547 4423 1697 4485 „per
1735 4402 2119 4485 apotheosin,
2176 4403 2397 4484 inquit,

1813 4507 1983 4578 4³*
