2882 5028
232 263 325 334 16
797 252 1724 345 olsomsle
1830 219 1866 326 1

226 441 540 544 quitatis
599 440 958 517 doctrina
1013 454 1095 516 et
1152 436 1415 528 amor:
1482 453 1574 515 ut
1616 440 1951 516 omnino
1995 439 2304 539 poetica
2361 439 2481 512 vis

228 559 312 621 et
359 544 815 632 delectatio,
884 570 1124 646 quam
1170 544 1300 619 illa
1347 541 1616 633 affert,
1669 543 2113 644 plurimum
2159 555 2481 619 mutua-

226 663 360 724 tur
388 673 478 723 ex
512 649 987 750 antiquitatis
1013 648 1404 745 eruditae,
1458 648 1820 747 inprimis
1864 646 2293 744 mythicae‚
2344 670 2479 721 re-

231 751 718 831 cordatione.

434 859 561 934 IX.
605 857 1038 934 Veniamus
1084 852 1184 929 ad
1234 861 1581 930 dilectum
1614 860 1688 929 in
1727 860 1990 948 heroe,
2045 878 2288 954 quem
2326 851 2477 927 sibi

231 959 510 1035 sumsit
543 973 816 1059 poeta,
850 964 1175 1059 sactum.
1281 958 1641 1033 Primum
1690 980 2031 1057 persona
2082 959 2282 1046 eius,
2336 979 2477 1053 ge-

232 1086 419 1158 nus,
481 1059 839 1158 fortuna,
904 1086 1207 1137 nomen
1273 1087 1359 1136 ac
1417 1062 1697 1153 virtu5‚
1780 1074 1858 1135 et
1920 1060 2117 1136 olim
2181 1084 2478 1138 unum-

235 1189 645 1268 quemque
674 1165 1104 1241 liberaliter
1129 1166 1597 1256 institutum‚
1655 1163 2023 1266 adeoque
2052 1166 2478 1239 Homerica

235 1269 580 1345 lectione
627 1270 1065 1365 imbutum,
1117 1281 1395 1344 tenere
1453 1266 1765 1363 debuit,
1824 1282 1904 1344 et
1951 1292 2163 1342 nunc
2215 1281 2478 1357 tenet;

236 1374 373 1474 qui
427 1397 645 1448 casus
690 1397 879 1448 eum
923 1373 1004 1448 in
1051 1370 1356 1449 Italiam
1413 1370 1858 1465 adduxerit,
1948 1371 2252 1448 discere
2299 1396 2480 1447 ave-

232 1501 452 1569 mus;
517 1477 1057 1551 Troianorum
1115 1489 1383 1551 autem
1432 1499 1475 1551 e
1523 1476 1770 1574 patria
1823 1477 2141 1550 incensa
2198 1472 2479 1577 prosu-

235 1603 526 1680 gorum
560 1577 718 1654 fata
763 1577 1137 1655 lubenter
1182 1580 1751 1676 cognoscimus,
1857 1583 2130 1676 Longa
2168 1581 2483 1677 naviga-

236 1685 352 1759 tio
382 1708 533 1784 per
557 1706 781 1759 mare
813 1685 955 1758 ista
999 1695 1252 1758 aetate
1299 1707 1581 1782 parum
1630 1682 1964 1758 navibus
2017 1680 2484 1784 frequenta-

238 1801 415 1863 tum
474 1786 575 1863 ad
616 1801 862 1863 terras
916 1785 1287 1861 nondum
1324 1784 1679 1861 humano
1728 1786 1983 1880 cultu,
2054 1812 2297 1886 quem
2346 1786 2479 1861 ali-

243 1891 567 1992 quando
605 1904 1067 1990 accepturae
1104 1900 1359 1982 erant,
1418 1888 1846 1965 celebratas
1895 1890 2171 1991 quidni
2213 1890 2483 1966 locum

240 1995 474 2071 faciat
520 1994 883 2095 plurimis
929 1992 1296 2095 periculis
1344 2017 1432 2067 ac
1476 1990 2106 2089 difficultatibus,
2198 1993 2487 2095 quibus

241 2105 560 2177 Aeneae
586 2100 831 2173 virtus
875 2098 955 2172 in
990 2096 1601 2172 admirationem
1634 2099 1752 2173 sui
1799 2123 2079 2196 rapere
2125 2106 2489 2199 poterat?

240 2201 590 2280 Infestae
635 2199 834 2277 deae
876 2202 988 2275 ira
1051 2201 1477 2301 asperrima
1532 2214 1614 2275 et
1660 2226 1752 2277 ex
1803 2201 2044 2277 altera
2098 2214 2320 2301 parte
2365 2212 2493 2275 tot

246 2306 590 2383 deorum
628 2305 981 2382 monitus
1011 2304 1637 2402 expectationem
1682 2304 1981 2381 faciunt
2005 2312 2490 2403 magnam*).

248 2415 471 2507 Quae
516 2409 784 2485 omnia
831 2431 1010 2483 cum
1058 2405 1159 2482 ad
1214 2431 1489 2482 rerum
1544 2409 2209 2507 magnitudinem,
2283 2432 2492 2508 quae

247 2516 602 2592 animum
651 2512 1175 2588 admiratione
1222 2509 1604 2606 detineat,
1670 2512 2013 2608 valeant,
2078 2514 2179 2589 ad
2221 2537 2491 2588 narra·

246 2618 485 2694 tionis
524 2615 1160 2719 probabilitatem
1206 2617 1519 2713 egregie
1575 2642 1901 2718 quoque
1941 2631 2125 2692 sunt
2165 2641 2498 2718 compa-

244 2736 434 2804 rata.
539 2719 703 2797 Sed
736 2744 919 2795 cum
953 2719 1180 2821 plura
1209 2718 1444 2794 huius
1473 2722 1785 2817 generis
1817 2722 2113 2795 narrari
2163 2722 2494 2822 possint,

250 2825 446 2903 etin
477 2826 704 2902 Notis
733 2837 812 2900 et
844 2823 1314 2898 Excursibus
1359 2824 1648 2923 passim
1691 2837 1958 2900 notata
2006 2825 2194 2919 sint,
2249 2826 2329 2900 in
2373 2822 2496 2899 di-

249 2929 462 3020 lectu
503 2942 773 3003 tamen
799 2931 1116 3002 Aeneae
1156 2927 1420 3024 magni
1466 2941 1755 3028 poetae
1798 2928 2206 3025 ingenium
2239 2953 2325 3003 ac
2373 2928 2495 3002 iu-

252 3032 548 3109 dicium
606 3030 938 3107 doctum
1001 3043 1083 3107 et
1132 3030 1605 3132 exquisitum
1666 3031 1866 3108 nihil
1920 3033 2169 3130 magis
2219 3031 2512 3130 arguit,-

421 3241 478 3326 *)
523 3241 848 3322 Singularis
886 3250 978 3301 est
1021 3242 1444 3300 Marmontelli
1466 3261 1716 3312 censura
1753 3243 1818 3302 in
1851 3243 2159 3323 Virgilium
2186 3240 2501 3325 (Poetique

254 3334 472 3400 Eune.
502 3329 572 3390 T.
607 3329 678 3404 11,
722 3350 781 3408 p.
810 3325 983 3407 237),
1028 3325 1137 3385 soli
1166 3327 1577 3407 superstitioni
1598 3338 2073 3408 superstructum
2101 3349 2226 3388 esse
2268 3332 2501 3388 Aeneae

249 3417 315 3477 in
346 3414 576 3475 ltaliam
606 3411 967 3488 adventum,
1013 3412 1280 3490 adeoque
1321 3413 1432 3472 nisi
1485 3413 1562 3473 ad
1591 3415 1820 3474 animos
1859 3416 2279 3494 superstitione
2324 3414 2502 3473 simili

250 3509 448 3562 tactos
476 3501 602 3561 vim
631 3500 852 3559 nullam
884 3498 1106 3558 habere
1133 3518 1321 3578 posse.
1412 3499 1489 3558 Ut
1517 3501 1703 3559 verbo
1745 3520 1874 3560 rem
1921 3502 2256 3561 absolvam:
2301 3501 2503 3560 Pona-

252 3609 387 3649 mus
431 3585 689 3645 Aeneam
728 3584 1091 3664 posthabitis
1137 3584 1389 3644 deorum
1422 3586 1668 3644 monitis
1700 3587 1764 3645 in
1810 3587 1920 3645 alia
1956 3595 2118 3647 terra
2143 3586 2499 3659 consedisse,

243 3668 418 3755 vapud
452 3671 743 3732 Didonem
780 3670 981 3730 sedem
1024 3669 1257 3744 fixisse,
1334 3671 1502 3748 quod
1546 3671 1640 3730 vir
1680 3672 2057 3733 acutisst
2093 3673 2382 3749 malebat;
2439 3680 2502 3731 et

254 3760 612 3839 cogitemus,
665 3777 787 3834 quo
830 3757 1029 3815 animo
1071 3754 1222 3815 illud
1266 3754 1449 3815 laturi
1483 3756 1665 3816 simus
1710 3757 1869 3816 inter
1901 3758 2216 3838 legendum
2258 3758 2356 3818 vel
2386 3777 2504 3816 au·-

256 3844 560 3906 diendum.
644 3841 827 3902 Aliud
852 3852 941 3900 est
975 3843 1278 3900 Baueusii
1305 3860 1586 3915 acumen,
1633 3843 1734 3920 qui
1762 3845 2094 3904 narrationi
2128 3845 2202 3904 de
2232 3845 2504 3905 adventu

256 3932 491 3991 Aeneae
514 3937 577 3988 et
600 3929 1000 3988 Troianorum
1045 3927 1109 3986 in
1145 3926 1375 3987 Italiam
1410 3927 1560 3987 nihil
1598 3928 1788 3987 inesse
1812 3930 2013 4006 videt,
2070 3931 2233 4011 quod
2279 3929 2504 3989 huma-

255 4015 459 4078 nitatis
503 4033 741 4074 sensum
782 4013 1053 4092 attingat.
1140 4012 1307 4085 Quid
1348 4015 1539 4073 vero?
1615 4015 1872 4074 alienum
1907 4036 1941 4072 a
1973 4025 2061 4093 te,
2120 4017 2168 4075 si
2205 4016 2387 4076 homo
2422 4033 2503 4088 es,

254 4100 525 4183 putabis,
571 4121 650 4158 an
677 4119 923 4178 magnus
952 4109 1014 4158 et
1042 4098 1271 4157 virtute
1306 4100 1505 4158 clarus
1530 4099 1626 4158 vir
1654 4120 1730 4158 ex
1770 4101 2008 4160 incensa
2051 4103 2240 4182 patria
2285 4101 2510 4183 prosu-

255 4208 365 4268 gns
384 4232 402 4263 ,
446 4205 479 4244 e
505 4184 671 4244 clade
695 4205 944 4245 suorum
968 4193 1298 4264 superstes,
1341 4193 1478 4265 post
1508 4194 1598 4244 tot
1629 4205 1975 4268 aerumnas,
2018 4199 2081 4247 et
2112 4209 2283 4248 casus
2323 4186 2506 4247 forti-

256 4284 354 4334 ter
384 4271 700 4348 toleratos,
746 4270 991 4331 tandem
1016 4270 1094 4329 ad
1123 4277 1317 4328 tutam
1357 4270 1559 4330 sedem
1594 4271 1826 4333 delatus
1854 4273 1977 4332 sit?
