2882 5028
557 271 695 344 DE
756 268 1227 345 CARMINE
1285 270 1599 345 EPICO
1655 270 2028 348 VIRGIL.
2341 281 2439 351 13

158 458 417 531 ricum
463 481 710 557 posse
760 454 1045 557 perfici
1103 469 1183 532 et
1244 458 1545 548 ornari;
1640 468 1811 532 tum
1875 459 2041 532 eius
2083 458 2205 534 vix
2265 483 2438 535 esse

160 584 397 661 posse
457 573 1036 657 argumentum
1091 558 1517 654 idoneum,
1586 560 1732 636 nisi
1779 585 1872 636 ex
1918 560 2196 639 ultima
2240 564 2440 639 anti-

163 665 469 764 quitate
518 678 602 737 et
647 676 908 738 aetate
937 662 1287 739 heroum
1334 664 1698 764 petitum.
1799 668 1939 740 Est
1982 666 2198 740 enim
2228 691 2270 741 a
2299 690 2440 741 na-

160 781 333 841 tura
393 792 531 841 res
598 768 703 841 ita
767 779 1265 867 comparata,
1335 780 1425 842 ut
1490 768 1938 867 priscorum
1984 768 2435 861 hominum,

158 868 422 945 multo
487 872 746 967 magis
794 869 1183 965 heroum,
1239 872 1402 971 ipsa
1455 871 1821 959 nomina.
1876 896 2004 946 res
2043 886 2309 969 gestae
2359 887 2437 948 et

164 971 322 1047 sata
369 974 624 1048 etiam
658 998 809 1074 per
841 998 928 1049 se
964 998 1132 1050 non
1175 972 1380 1048 adeo
1419 973 2009 1069 memorabilia,
2079 977 2435 1051 animum

159 1076 624 1152 humanum
685 1089 1016 1152 teneant
1083 1089 1162 1152 et
1221 1076 1745 1154 admiratione
1810 1075 2177 1158 afficiant.
2299 1082 2438 1155 Est

162 1205 414 1279 porro
439 1180 569 1255 illa
603 1192 860 1256 aetate
888 1204 1214 1256 morum
1246 1204 1334 1255 ac
1359 1181 1564 1256 vitae
1595 1180 2052 1281 simplicitas
2084 1206 2196 1277 ea,
2231 1207 2433 1281 quae

160 1284 586 1383 poeticum
638 1297 1015 1358 ornatum
1064 1282 1443 1359 sublimes
1502 1308 1606 1360 ue
1666 1309 1939 1360 rerum
1992 1284 2294 1362 formas
2357 1299 2435 1360 et

162 1388 756 1463 sententiarum
821 1387 1287 1484 gravitatem
1336 1413 1423 1462 m
1510 1399 1595 1463 to
1652 1388 1900 1486 magis
1952 1388 2433 1489 suppeditet,

162 1516 413 1590 quam
441 1491 601 1564 vita
631 1489 1067 1564 hominum
1094 1489 1566 1588 elegantior;
1621 1489 1947 1593 quando
1998 1515 2433 1593 corporum

160 1593 418 1690 magis
462 1592 768 1668 viribus
834 1607 914 1668 et
963 1594 1416 1669 animorum
1483 1594 1793 1696 impetu
1839 1620 1927 1670 ac
1972 1596 2260 1671 virtute
2304 1619 2433 1670 res

158 1696 696 1795 gerebantur,
774 1721 1014 1797 quam
1062 1696 1574 1773 consiliorum
1617 1699 2065 1796 sagacitate,
2135 1711 2216 1774 et
2253 1699 2432 1774 artis

157 1799 291 1875 vel
334 1800 643 1897 ingenii
691 1799 1139 1879 subtilitate.
1243 1800 1611 1876 Tandem
1660 1801 2034 1898 gerendis
2075 1814 2245 1878 tum
2301 1826 2431 1878 re—

156 1902 315 1978 bus
378 1903 532 2003 ipsi
594 1902 702 1978 dii
763 1901 1214 1980 interfuisse
1266 1904 1815 1984 credebantur.
1916 1908 2030 1981 Ita
2088 1903 2432 1982 deorum

157 2007 632 2082 ministeriis
676 2031 808 2081 res
855 2006 1241 2108 explicare
1288 2020 1369 2083 et
1421 2032 1514 2083 ex
1567 2021 1742 2084 toto
1798 2008 2013 2105 cyclo
2055 2007 2432 2106 mythico»,

160 2135 377 2211 quae
442 2109 726 2206 vellet,
815 2107 1301 2210 depromere
1363 2124 1697 2211 poterat.
1813 2112 2097 2188 Italicis
2163 2125 2430 2187 autem

160 2211 470 2310 mythis
504 2214 587 2289 in
633 2237 957 2290 carmen
1000 2213 1359 2290 admissis
1407 2238 1710 2290 novam
1753 2228 1833 2291 et
1860 2216 2177 2292 Graecis
2207 2216 2432 2291 inco-

158 2317 473 2414 gnitam
524 2318 990 2392 suavitatem
1044 2317 1430 2415 adiecit*).
1539 2322 1749 2393 Tum
1794 2343 1988 2394 vero
2024 2318 2429 2420 praeclaro

160 2420 468 2496 iudicio
520 2433 1092 2519 argumentum
1142 2445 1233 2497 ex
1276 2433 1550 2497 vetere
1584 2420 1797 2520 cyclo
1846 2423 2075 2525 epico
2116 2421 2429 2520 delegit,

161 2524 529 2602 necdum
561 2538 982 2601 tractatum
1025 2550 1068 2600 a
1105 2524 1317 2601 claro
1344 2525 1610 2625 aliquo
1648 2539 1924 2625 poeta,
1977 2551 2126 2603 nec
2160 2539 2429 2602 tamen

158 2629 410 2729 plane
459 2629 886 2724 intactum,
962 2641 1041 2705 et
1086 2628 1519 2705 Homerico
1582 2627 1907 2730 aliisque
1954 2630 2432 2707 carminibus

163 2731 395 2833 quasi
451 2733 922 2828 contiguum
969 2756 1056 2806 ac
1106 2730 1542 2808 finitimum
1569 2739 1698 2830 **).
1810 2734 1925 2808 Ita
1973 2733 2188 2810 enim
2237 2758 2431 2808 con-

161 2848 566 2936 sequutus
603 2848 720 2910 est
764 2833 966 2932 hoc,
1025 2848 1113 2909 ut
1154 2835 1572 2910 materiam
1615 2833 1950 2911 haberet
2001 2838 2432 2936 copiosam,

161 2964 322 3015 nec
349 2937 673 3033 rudem,
726 2937 871 3014 sed
902 2941 1207 3039 poetica
1231 2938 1702 3015 tractatione
1727 2936 1823 3015 ab
1863 2938 2027 3014 aliis
2055 2940 2210 3014 iam
2242 2939 2430 3015 sub-

166 3057 432 3118 actam
490 3054 573 3116 et
607 3039 709 3117 ad
765 3042 1073 3142 epicam
1120 3041 1584 3140 dignitatem
1628 3066 1716 3119 ac
1762 3043 1925 3117 vim
1974 3067 2431 3134 accommo-

171 3145 465 3223 datam.
571 3150 964 3222 Personas
1024 3159 1104 3221 et
1160 3146 1688 3245 characteres,
1766 3170 2037 3223 mores
2083 3173 2172 3223 ac
2227 3145 2429 3223 facta

171 3249 333 3324 iam
389 3247 715 3325 aliunde
762 3262 994 3338 nota.
1048 3247 1646 3345 commendata,
1700 3251 2117 3326 constituta
2162 3276 2250 3327 ac
2286 3250 2432 3325 de-

172 3351 438 3448 finita,
493 3353 883 3454 optaverit
914 3351 1060 3429 sibi
1104 3367 1343 3455 poeta
1390 3353 1939 3454 unusquisque
1956 3362 2119 3452 ***).
2218 3352 2431 3429 Illud

172 3481 366 3533 vero
394 3456 496 3531 ad
532 3454 1140 3554 intelligendum
1180 3456 1531 3558 proclive
1565 3469 1720 3552 est,
1783 3482 2025 3557 quam
2069 3457 2430 3557 expedita

174 3586 265 3635 ac
294 3557 541 3634 facilis
573 3584 744 3636 esse
784 3559 1077 3635 debeat
1109 3561 1334 3661 copia
1369 3572 2032 3635 ornamentorum
2061 3573 2140 3636 et
2170 3560 2431 3662 episo-

180 3662 499 3740 diorum
531 3664 610 3739 in
660 3663 792 3740 tali
826 3677 1299 3761 argumento
1337 3678 1500 3738 tam
1534 3662 1688 3739 late
1731 3661 1912 3739 fuso
1955 3677 2035 3740 et
2069 3676 2429 3765 patente3

345 3872 405 3958 *)
449 3875 530 3935 ne
557 3875 674 3937 hoc
701 3874 827 3935 vid.
862 3875 1111 3934 Excurs.
1144 3873 1242 3934 ιν.
1285 3874 1355 3934 v.
1380 3873 1506 3934 vn.
1540 3873 1673 3934 vm
1708 3873 1784 3932 ad
1823 3842 1926 3933 1115.
1959 3872 2091 3950 vu,
2129 3883 2261 3933 tum
2288 3874 2434 3958 plu-⁸

180 3981 270 4021 rec
296 3959 439 4023 alios
461 3963 537 4022 ad
558 3961 753 4024 libros
784 3980 949 4039 seqq.

333 4049 417 4134 *Ἴ
464 4050 601 4111 vid.
633 4068 788 4110 mox
817 4046 1067 4124 Disquis.
1099 4045 1169 4120 11,
1200 4053 1261 4112 et
1286 4044 1538 4104 Exclu-s.
1567 4043 1593 4103 1
1624 4042 1703 4101 ad
1729 4043 1831 4103 lib.
1857 4043 1930 4119 11,
1979 4044 2229 4104 Excurs.
2262 4044 2428 4103 xvn

178 4134 244 4196 ad
262 4156 306 4199 e.
335 4139 373 4199 l.
397 4148 461 4199 et
485 4139 563 4197 al.
590 4138 714 4196 loc.
2267 4167 2270 4172 “

321 4223 434 4310 nt)
477 4225 574 4286 ΕΟ
623 4226 924 4302 ,pectant
962 4234 1171 4275 versus
1210 4215 1529 4275 Horatiani
1557 4214 1623 4273 in
1662 4215 1771 4295 Ep.
1813 4214 1893 4275 ud
1922 4214 2116 4275 Pison.
2153 4217 2263 4278 131
2302 4234 2425 4292 sqq-

164 4315 385 4376 Reces'us
425 4315 719 4375 Iliacum
749 4326 815 4364 c·
