2882 5028
492 380 645 451 882
973 373 1055 446 P.
1109 368 1637 450 VIRGILII
1699 368 2252 447 MARONIS

492 558 695 637 lude
723 557 863 633 ubi
899 579 1194 631 venere
1235 556 1336 633 ad
1369 554 1640 633 fauces
1673 555 2201 654 'graveolentis
2234 556 2561 652 Averni,

496 660 826 739 Tollunt
856 684 942 735 se
976 658 1313 754 celeres;
1359 658 1919 760 liquidumque
1951 685 2100 759 per
2130 685 2310 735 aera
2355 660 2627 735 labsae

497 764 837 841 Sedibus
871 765 1156 865 optatis
1189 766 1507 862 gemina
1549 788 1791 864 super
1830 762 2115 839 arbore
2144 763 2445 859 sidunt,

490 869 859 946 Discolor
888 868 1107 943 unde
1137 870 1304 943 auri
1350 893 1499 968 per
1527 892 1795 942 ramos
1828 892 2012 943 aura
2044 864 2376 944 refulsit.

497 973 747 1068 Quale
783 970 993 1048 solet
1028 972 1237 1046 silvis
1266 970 1610 1047 brumali
1655 968 1953 1068 frigore
1991 972 2291 1046 viscum
2602 977 2751 1050 205

493 1074 818 1152 Fronde
845 1076 1102 1150 virere
1144 1099 1391 1172 nova,
1450 1073 1674 1175 quod
1718 1098 1885 1148 non
1939 1099 2078 1150 sua
2114 1075 2459 1150 seminat
2495 1073 2749 1162 arbos

597 1224 773 1295 201.
800 1217 1013 1311 Inna,
1348 1221 1522 1294 303.
1566 1233 1918 1288 erumna

496 1438 643 1491 acies
668 1438 858 1490 Medic.
900 1456 931 1489 a
962 1456 1028 1489 m.
1066 1455 1147 1506 pr.
1218 1448 1467 1556 Tectam
1510 1436 1727 1490 Vratisl.
1793 1409 2072 1507 *sequendo
2098 1451 2184 1555 (ιζ.
2223 1435 2422 1502 Moret.
2462 1435 2633 1505 (qnod
2663 1454 2744 1487 ar-

496 1509 635 1559 ridet
665 1508 877 1560 Wakef.
905 1509 970 1559 ad
997 1509 1205 1560 Lucret.
1263 1545 1276 1568 ,
1312 1509 1457 1570 961.;
1516 1508 1612 1558 sed
1649 1507 1909 1575 ingratum
1939 1506 2042 1557 hoc
2086 1521 2117 1555 o
2185 1521 2565 1573 praegressum
2599 1506 2741 1556 ωώο

496 1577 677 1629 eadem
702 1577 760 1628 in
786 1577 910 1629 sede
938 1577 1197 1629 volando.
1221 1579 1305 1629 W
1299 1577 1365 1642 r.)
1470 1578 1574 1631 203
1589 1579 1841 1646 geminae
1854 1577 2020 1626 Burm.
2040 1573 2262 1641 recepit,
2290 1584 2347 1626 nt
2366 1585 2552 1626 tamen
2580 1575 2744 1626 mana

494 1657 771 1715 praeterea
804 1646 937 1716 legi:
1013 1648 1325 1716 eminaeque
1354 1644 1455 1697 sub
1482 1644 1679 1698 arbore
1710 1647 1919 1708 sidunt,
1966 1683 1999 1709 ‚,
2037 1644 2119 1694 uia
2149 1661 2271 1695 raro
2302 1644 2582 1696 columbas
2604 1646 2742 1695 vide-

496 1734 643 1781 „mus
672 1716 850 1768 arbori
881 1715 933 1767 in
1023 1726 1196 1780 entes,
1232 1714 1326 1766 sed
1354 1715 1440 1766 vel
1471 1718 1526 1766 in
1553 1716 1699 1767 tectis
1723 1715 1928 1765 aedium
1954 1732 1983 1765 v
2065 1714 2279 1768 humo.“.
2346 1713 2460 1764 Sed
2487 1714 2562 1766 de
2594 1715 2742 1765 silve-

497 1786 688 1838 stribus
739 1786 991 1837 columbis
1047 1802 1138 1837 sen
1218 1784 1436 1838 &lumbis
1495 1794 1609 1836 erat
1648 1785 1998 1852 cogitandum.
2077 1786 2297 1853 gemina
2343 1800 2525 1850 super
2563 1783 2744 1835 arbon

496 1856 738 1907 Heinsius
778 1864 1140 1918 revocaverat,
1216 1854 1479 1918 ‘brorum,
1526 1865 1684 1922 puto,
1732 1854 2071 1917 auctoritate,
2120 1851 2260 1903 inter
2295 1869 2434 1919 quos
2473 1854 2663 1904 Medic.
2695 1867 2744 1902 et

497 1926 663 1990 Rom„
696 1923 816 1978 add.
849 1924 967 1976 Ald.
1007 1941 1089 1990 pr.
1157 1924 1236 1974 lta
1265 1924 1423 1974 arbor
1464 1922 1685 2005 duplicis
1728 1921 1898 1974 trunci
1936 1921 1988 1972 in
2019 1938 2288 1972 commune
2323 1923 2577 1972 coeuntis
2595 1923 2742 1973 fasti-

496 1995 634 2063 gium
677 2003 757 2044 est
795 1992 1168 2061 intelligendaz
1220 2010 1351 2075 quae
1392 1992 1492 2044 hac
1531 2009 1647 2060 ipsa
1685 1992 1767 2043 sni
1800 1991 1976 2061 specie
2018 1990 2269 2041 notabilis
2299 1999 2354 2039 et
2385 1991 2615 2059 insignis
2641 1993 2747 2042 fieri

495 2073 725 2133 poterat.
795 2064 910 2114 Hoc
936 2062 1164 2114 voluisse
1195 2062 1402 2113 videtur
1426 2061 1840 2129 Cuninghamus,
1892 2060 1980 2130 qni
2008 2060 2076 2110 ad
2109 2061 2170 2111 1..
2209 2064 2277 2113 10
2313 2061 2359 2108 D
2414 2061 2600 2113 arbor.
2639 2063 2746 2112 fur-

495 2133 589 2183 tim
616 2150 752 2185 caes.
779 2143 1049 2200 provocat.
1120 2131 1175 2183 Si
1204 2142 1373 2182 tamen
1400 2130 1471 2182 ad
1494 2131 1713 2183 aliorum
1739 2131 2022 2192 librorum,
2063 2138 2122 2179 ut
2146 2129 2390 2197 Longob.
2423 2142 2475 2180 et
2523 2132 2747 2183 nonnul-—

493 2201 664 2253 lorum
693 2201 833 2269 apud
860 2202 1052 2265 Bnrm.,
1084 2198 1361 2252 lectionem
1404 2203 1657 2271 geminae
1697 2219 1743 2254 s.
1785 2218 1837 2253 α.
1876 2198 2160 2268 respicias,
2206 2199 2490 2249 manifesta
2531 2219 2622 2251 res
2657 2212 2748 2260 at,

497 2270 607 2321 eins
642 2269 1074 2338 depravationem
1105 2286 1221 2320 esse
1259 2270 1483 2321 alteram
1520 2269 1691 2332 illam,
1738 2287 1802 2320 ex
1838 2269 2170 2320 librariorum
2206 2267 2434 2319 sollenni
2468 2271 2532 2320 in
2569 2270 2749 2321 simili-

492 2340 591 2390 bus
642 2338 858 2390 incuria.
926 2339 1175 2410 genuinae
1223 2337 1327 2390 iam
1375 2341 1603 2406 Nauger.
1653 2338 2000 2409 praetulerat:
2059 2338 2337 2389 deseruere
2392 2340 2597 2390 iterum
2645 2339 2750 2402 alii

499 2407 656 2461 etiam
705 2407 953 2476 Angelius
1006 2408 1059 2458 in
1109 2410 1244 2460 lunt.
1297 2418 1351 2459 et
1386 2406 1634 2475 Egnatius
1688 2410 1840 2463 1507.
1900 2406 2130 2474 (Scilicet
2181 2406 2390 2458 librarii
2439 2409 2750 2471 nescientes,

495 2478 628 2549 quid*
659 2478 928 2545 gemina
977 2478 1137 2530 arbor
1183 2477 1286 2529 sibi
1319 2477 1511 2542 vellet,
1566 2495 1720 2546 quum
1756 2495 1882 2529 una
1916 2487 2114 2529 tantum
2149 2490 2529 2545 quaereretur,
2584 2479 2750 2530 duae

493 2558 668 2602 antem
702 2558 881 2599 essent
914 2548 1302 2610 columbae,
1336 2548 1660 2630 scripserunt

495 2617 708 2686 optimis
744 2617 893 2668 libris
926 2620 1172 2689 gemina,
1225 2618 1364 2685 quod
1405 2628 1560 2668 etiam
1601 2617 1657 2667 in

1735 2550 1961 2599 eminae.
2037 2545 2296 2598 Revocavi
2321 2565 2442 2597 cnm
2465 2548 2652 2600 Iahnio
2689 2566 2748 2598 es

1692 2566 1938 2668 §ax-binis
1992 2624 2194 2681 exptare
2244 2615 2459 2667 videtur
2495 2619 2746 2675 omnib-⁸,

494 2688 629 2739 bene
666 2687 981 2756 explicatum
1015 2687 1082 2738 ab
1121 2686 1347 2754 Heynio.
1415 2687 1651 2738 Donatus
1686 2685 2095 2754 interpretatur:
2142 2701 2315 2753 „qnae
2363 2686 2617 2740 frondem
2648 2688 2742 2738 d·-

493 2757 685 2878 glicem
732 2756 1106 2825 materiamque
1154 2756 1420 2824 portabat.
1437 2760 1471 2785 “

531 2843 724 2894 ιφνης.
798 2827 905 2877 Sed
939 2843 1044 2877 non

1569 2757 1638 2806 Et
1683 2772 1808 2806 sane
1851 2758 2102 2825 geminus
2153 2763 2233 2805 est
2294 2754 2572 2807 interdum
2614 2757 2645 2808 i.
2691 2773 2741 2823 q-

1119 2835 1208 2876 uto
1247 2825 1317 2876 oh
1354 2843 1509 2876 unum
1545 2824 1800 2877 duntaxat
1833 2824 2084 2877 ramulum
2119 2841 2329 2875 aureum
2368 2826 2619 2877 arborem
2647 2842 2739 2892 ge·

492 2895 683 2947 minam
732 2907 875 2947 recte
918 2894 1076 2964 appel
1099 2894 1193 2946 ari.
1264 2894 1452 2946 Potuit
1499 2904 1677 2945 tamen
1733 2895 1946 2947 cremina
1998 2892 2162 2945 arbor
2196 2906 2487 2963 propterea
2527 2895 2743 2946 somne

493 2964 599 3016 diei
617 3003 631 3029 ,
665 2965 807 3033 qnod
842 2982 873 3016 a
886 2982 936 3014 m
951 2964 986 3015 h
1002 2983 1032 3016 a
1046 2981 1076 3015 e
1112 2963 1385 3015 columbae
1419 2982 1579 3033 super
1614 2982 1644 3015 e
1659 2982 1689 3015 a
1703 2934 1759 3014 ‹f›
1757 2982 1786 3015 e
1801 2983 1852 3015 m
1888 2963 2180 3015 considunt.
2223 2963 2366 3029 Wt.)

2474 2966 2751 3046 msa-pq

494 3036 646 3086 Rom.
680 3042 737 3085 et
768 3051 850 3103 pr.
884 3032 1154 3097 Rottend„
1201 3034 1355 3086 male.
1425 3051 1570 3085 aura
1603 3035 1734 3087 auri
1767 3043 1823 3084 et
1869 3051 1956 3084 res
2006 3036 2077 3101 (v.
2110 3032 2262 3098 Not.)
2315 3042 2373 3083 et
2410 3035 2754 3085 Grannum

493 3113 705 3155 tuentur
740 3103 881 3171 apud
916 3105 1190 3154 Burmann.
1276 3120 1279 3123 ·
1327 3103 1432 3157 206
1468 3107 1678 3156 nmina
1707 3101 1874 3155 arbos
1904 3102 2148 3155 indoctus
2181 3101 2435 3154 librarius
2461 3104 2636 3155 Goth.
2673 3120 2755 3173 pr.

577 3273 960 3342 201—204.
1024 3274 1221 3336 Arbor
1280 3277 1477 3336 stabat
1516 3276 1581 3335 in

491 3362 621 3441 ipsa
649 3362 819 3420 valle.
887 3361 1021 3421 vid.
1051 3383 1111 3423 v.
1148 3365 1289 3427 139.
1329 3361 1582 3421 Sedibus

492 3449 715 3524 optatis
744 3448 1074 3525 eleganter,
1121 3447 1355 3526 arbore,
1399 3468 1583 3527 quam

502 3533 711 3592 volatu
739 3531 1051 3612 petierant.
1073 3531 1334 3614 (Sedes
1365 3544 1582 3614 opta-

480 3626 620 3676 'tae
699 3617 992 3678 dicuntur
1063 3620 1308 3698 proprie
1333 3664 1350 3696 ‚
1473 3619 1581 3679 ubi

492 3721 736 3762 manere
764 3704 1068 3783 cupimus3
1122 3707 1227 3764 sed
1266 3726 1390 3765 non
1419 3714 1577 3766 tam-

493 3810 672 3866 quam
712 3800 937 3849 certam
993 3790 1220 3866 sedem,
1265 3786 1444 3870 unam
1478 3792 1578 3851 vel

494 3875 599 3933 diu
646 3876 743 3934 vel
794 3896 1027 3956 semper
1068 3885 1271 3937 tenere
1328 3879 1574 3952 vellent,

493 3961 802 4021 columbae
825 3963 974 4022 istae
1001 3964 1393 4042 occupabant.
1451 3964 1577 4022 lta-

493 4056 608 4124 que
636 4052 857 4124 optatis
889 4049 968 4106 ad
990 4058 1205 4108 votum
1222 4048 1455 4108 Aeneae
1471 4068 1576 4107 re·-

491 4132 767 4211 tulerim,
812 4134 911 4210 qui
944 4153 1081 4192 cum
1109 4134 1402 4194 desiderio
1436 4155 1579 4215 spe-

491 4218 697 4293 rabat,
770 4229 1208 4279 monstraturas
1267 4221 1396 4279 illas
1455 4240 1579 4279 esse

489 4303 878 4380 significatam
925 4325 960 4362 a
1000 4304 1226 4385 Sibylla
1267 4306 1577 4383 arborem3

492 4395 714 4462 optatis
765 4390 948 4467 igitur
992 4390 1228 4449 sedibus
1245 4434 1263 4467 ,
1321 4392 1360 4451 i.
1409 4410 1460 4451 e.
1502 4411 1573 4451 eo

1662 3278 1816 3351 loco,
1865 3297 1987 3355 qno
2014 3296 2111 3335 eas
2147 3276 2462 3336 considere
2492 3288 2758 3358 optan-

1665 3372 1765 3423 rat
1795 3362 2042 3422 Aeneas.
2091 3364 2262 3439 W.)
2363 3368 2511 3421 auti
2571 3385 2754 3433 mu,

1665 3448 1967 3529 splendor.
2053 3449 2226 3508 Aura
2267 3447 2341 3506 de
2369 3448 2631 3508 luminis
2657 3468 2756 3509 re-

1664 3535 2081 3595 verberatione
2119 3534 2433 3611 eanisite.
2489 3556 2564 3595 v.
2599 3535 2672 3595 V.
2697 3535 2752 3592 1.

1666 3621 1745 3680 ad
1777 3622 1882 3680 Ge.
1916 3621 1989 3695 11,
2032 3622 2133 3695 47,
2177 3618 2285 3680 ubi
2331 3622 2598 3680 &aminis
2643 3643 2750 3678 .-

1659 3727 1785 3766 me.
1852 3708 1924 3767 cf.
1947 3706 2009 3766 h.
2040 3706 2080 3767 L
2110 3709 2279 3765 Serv.
2325 3715 2391 3764 et
2419 3706 2750 3766 mind-rt

1663 3793 1740 3851 ad
1766 3793 1980 3853 Horat.
2009 3791 2081 3867 11,
2126 3794 2187 3866 8,
2236 3795 2339 3855 21.
2429 3793 2538 3852 Sic
2566 3789 2752 3872 φᾶως

1662 3872 1862 3960 ἀϋτμὴ
1892 3882 2056 3957 ignis
2073 3878 2363 3955 subninei
2393 3899 2590 3955 amu,
2621 3877 2746 3937 Cd-

1660 3964 1784 4025 lim.
1847 3965 1911 4023 in
1964 3963 2132 4023 Dian.
2202 3966 2324 4028 117
2378 3964 2461 4022 de
2528 3980 2744 4046 vaput

1662 4051 1844 4129 ignis,
1889 4050 1990 4129 qni
2033 4051 2214 4109 etiam
2262 4049 2500 4127 longius
2554 4052 2742 4110 dis-in

1662 4136 1885 4196 adurit.
1928 4136 2175 4216 Proprie
2214 4137 2279 4194 in
2326 4134 2524 4194 odore
2559 4138 2738 4197 loc·

1660 4221 1860 4281 habet.

1745 4307 2127 4373 205—209.
2171 4305 2468 4379 Devisco,
2497 4328 2504 4343 ·
2533 4306 2757 4365 fruti*

1658 4393 1958 4471 glutinosa
1985 4394 2045 4451 in
2075 4411 2308 4470 querno
2323 4391 2630 4451 arborum
2659 4408 2762 4469 g*-
