2882 5028
340 330 490 406 408
837 321 1745 397 EXCURSUS
1854 324 2104 397 1V**

339 519 568 599 neptis,
627 513 918 574 hactenus
961 513 1336 588 Palamedes,
1406 532 1720 611 perperam
1768 514 1843 571 ab
1903 531 1974 570 eo
2037 511 2294 587 ductus,
2357 513 2609 571 Belides

342 605 540 665 dictus
583 610 689 661 est.
777 601 1046 679 Septimo
1089 599 1283 677 gradu
1340 618 1375 656 a
1422 599 1567 660 Belo
1624 600 1912 679 originem
1967 597 2209 657 trahere
2254 598 2405 655 falso
2451 597 2610 656 dici-

310 700 447 753 -tur
490 708 525 747 a
569 686 807 746 Lutatio
844 685 921 744 ad
967 684 1147 745 Statii
1182 683 1396 745 Achill.
1438 685 1482 761 1,
1527 685 1611 750 94
1657 695 1719 745 et
1756 706 1794 744 a
1829 685 2039 744 Servio
2090 683 2169 745 ad
2194 682 2254 743 h.
2278 685 2320 744 l.
2350 682 2499 744 Aen.
2535 684 2614 759 11,

344 780 448 853 81,
489 774 593 836 ubi
637 770 954 852 Apollonio
998 780 1246 832 auctore
1291 770 1362 830 id
1403 771 1688 831 traditur.

1266 1004 1682 1014 -—-—-————-——--

842 1190 1706 1282 EXCURSUS
1815 1190 2091 1279 IV**

440 1361 942 1429 Palladium
1005 1387 1053 1427 α
1114 1362 1529 1428 Diomede
1592 1373 1670 1429 et
1746 1361 2051 1448 Ulysse
2128 1371 2500 1449 raptum.

515 1532 588 1610 Il,
638 1535 859 1600 164——
879 1540 1021 1600 168.
1077 1535 1845 1614 Tydides—scelerumque
1886 1536 2154 1592 irwencor
2190 1533 2425 1607 Ulixes,
2483 1536 2613 1591 Fa-

345 1623 466 1680 tale
505 1623 786 1699 aggnssi
825 1635 1064 1680 sacrato
1113 1622 1368 1679 avellere
1395 1622 1619 1700 templo
1653 1621 2062 1694 Palladium,
2111 1622 2304 1678 caesis
2333 1639 2611 1677 summae

342 1707 684 1766 custodibus
720 1710 916 1781 arcis,
990 1709 1365 1785 Corripuere
1374 1727 1618 1767 sacram
1647 1706 1789 1787 ffb
1767 1709 1920 1763 viem
1951 1704 2347 1784 manibusque
2392 1726 2609 1763 oncen—

343 1797 421 1850 u's
478 1795 564 1854 V
540 1813 807 1870 argmeas
851 1794 994 1851 ausi
1033 1793 1214 1853 divae
1261 1796 1602 1872 contingere
1651 1796 1853 1853 vittas.
1965 1789 2388 1849 celebritatem
2424 1789 2613 1850 habet

344 1874 464 1938 hoc
504 1877 803 1938 Diomedis
844 1888 907 1937 et
937 1879 1160 1957 Ulyssis
1188 1877 1418 1938 facinus
1445 1879 1636 1938 multo
1670 1877 1852 1956 magis
1902 1896 2010 1956 per
2052 1896 2310 1955 gemmas
2352 1876 2611 1935 artificio

344 1963 574 2028 nobiles
613 1980 795 2041 quam
837 1984 948 2044 per
995 1973 1222 2043 poetas.
1309 1963 1573 2025 Diversis
1617 1964 1812 2024 modis
1846 1982 1942 2023 res
1984 1962 2057 2020 ab
2093 1961 2164 2020 iis
2207 1971 2297 2020 est
2338 1973 2612 2038 narrata,

343 2048 616 2128 inprimis
660 2049 736 2108 de
770 2052 919 2110 ortis
946 2049 1106 2110 inter
1146 2059 1476 2129 utrumque
1517 2051 1622 2110 iris
1640 2072 1658 2127 ;
1708 2070 1848 2108 cum
1876 2048 2115 2128 Ulysses
2156 2047 2424 2106 Diomedi
2469 2049 2612 2107 Pal-

346 2135 602 2211 ladium,
643 2155 763 2212 quo
801 2136 900 2195 ille
929 2136 1051 2195 iam
1092 2136 1320 2215 potitus
1360 2146 1527 2212 erat,
1586 2136 1815 2216 eripere
1849 2135 2069 2210 vellet;
2129 2143 2265 2193 tum
2312 2153 2461 2193 vero
2509 2133 2614 2193 hic

351 2222 570 2280 stricto
614 2240 751 2279 ense
784 2222 849 2280 in
890 2221 1163 2302 Ulyssem
1202 2222 1420 2299 irruit,
1477 2240 1733 2299 eumque
1779 2230 1916 2279 ante
1958 2239 2019 2278 se
2066 2221 2218 2298 agit,
2264 2239 2337 2277 ne
2371 2240 2406 2276 a
2435 2230 2615 2299 tergo

344 2307 588 2368 insidias
634 2306 731 2364 ille
774 2306 1168 2367 machinetur.
1228 2329 1288 2367 v.
1327 2311 1556 2368 Conon.
1598 2308 1770 2367 Narr.
1804 2307 1907 2370 34.
1952 2315 2012 2364 et
2054 2304 2330 2364 Eustath.
2369 2327 2427 2384 p.
2459 2309 2615 2382 822,

351 2396 452 2468 19,
497 2411 606 2473 per
651 2392 988 2471 episodium
1024 2404 1312 2453 narratur
1350 2415 1384 2452 a
1420 2394 1651 2468 Quinto
1691 2395 1783 2466 X,
1830 2391 1956 2456 350
2002 2412 2088 2469 sq.
2177 2391 2350 2449 Adde
2382 2392 2614 2452 Zenob.

345 2477 409 2537 in
465 2473 821 2558 Διομήδεως
873 2473 1148 2587 ἀνάγκη,
1211 2489 1274 2539 et
1315 2479 1380 2541 in
1423 2480 1486 2541 h.
1538 2500 1598 2541 v.
1656 2478 1906 2555 Suidas,
1965 2476 2109 2537 item
2159 2475 2418 2556 Hesych.
2469 2478 2613 2538 ubi:

344 2562 413 2627 ‘O
450 2562 518 2625 δὲ
547 2588 661 2644 την
707 2562 932 2646 panonia!
966 2559 1206 2629 Ἰλιάδα
1265 2568 1376 2642 (sc.
1434 2562 1708 2649 γράψας)
1765 2563 1866 2627 ἐπὶ
1926 2568 2037 2643 τῆς
2081 2568 2195 2627 τοῦ
2250 2566 2612 2627 Παλλαδίου

347 2653 581 2728 κλοπῆς
637 2649 925 2732 γενέσθαι
982 2650 1088 2733 (sc.
1141 2652 1341 2732 φησί).
1445 2654 1523 2712 Et
1560 2652 1682 2711 hoc
1728 2669 1899 2726 vere,
1952 2669 2091 2709 nam
2145 2650 2208 2708 in
2254 2659 2613 2729 argumento

344 2729 611 2810 Ἰλιάδος
644 2741 863 2818 μικρᾶς
903 2738 1063 2817 apud
1105 2738 1387 2798 Proclum
1426 2748 1518 2798 est
1555 2756 1766 2800 versus
1809 2734 2017 2795 finem·
2076 2734 2179 2797 καὶ
2228 2759 2407 2842 μετα
2417 2741 2613 2799 ταῦτα

351 2818 641 2904 (Ulysses)
696 2820 814 2885 συν
867 2819 1171 2905 Διομήδει
1214 2848 1282 2887 το
1342 2818 1696 2887 Παλλάδιον
1749 2821 2048 2901 ἐκκομίζει
2105 2821 2170 2884 ἐκ
2233 2826 2342 2899 τῆς
2389 2816 2610 2884 Ἰλίου.

348 2906 626 2987 Virgilius
654 2927 785 2967 rem
814 2919 1057 2970 tantum
1084 2910 1312 2990 attigit,
1356 2911 1445 2971 ita
1471 2920 1547 2970 ut
1573 2929 1687 2969 nec
1712 2916 2026 2989 appareat,
2085 2926 2260 2985 quem
2292 2927 2372 2966 ex
2408 2908 2610 2987 pluri-

347 2990 469 3057 bus
500 2994 791 3054 narrandi
838 2996 1033 3056 modis
1092 3006 1384 3074 sequutus
1435 2995 1536 3057 ille
1592 2996 1705 3071 sit5
1767 2994 2058 3053 videntur
2103 3012 2179 3051 ex
2235 2994 2359 3052 cius
2405 3005 2613 3055 mente

348 3088 601 3157 uterque
628 3079 923 3225 tegnplum
946 3082 1254 3143 Minervae
1293 3102 1416 3142 esse
1454 3083 1753 3162 ingressus
1781 3088 1844 3139 et
1868 3087 2123 3157 uterque
2150 3080 2424 3139 manibus
2453 3102 2610 3140 con-

347 3174 635 3225 trectasse
721 3184 849 3225 eam

521 3250 908 3327 Nobilitavit,
958 3259 1033 3311 ut
1073 3252 1233 3328 dixi,
1277 3250 1544 3310 fabulam
1581 3271 1705 3327 ars,
1766 3269 1904 3309 cum
1932 3247 2063 3307 aliis
2098 3252 2414 3328 operibus,
2469 3264 2606 3313 tum

350 3337 608 3397 maxime
644 3337 904 3412 gemmis.
990 3337 1337 3398 Praeiverat
1376 3336 1670 3416 Pytheas,
1741 3336 2034 3410 caelator,
2103 3336 2292 3397 Plinio
2334 3350 2607 3415 auctore,

350 3423 455 3481 lib.
501 3422 801 3495 XXXIII,
854 3422 956 3487 55.
1000 3426 1173 3482 cuius
1215 3422 1392 3482 binae
1436 3426 1655 3482 unciae
1708 3424 1786 3482 X.
1830 3423 2176 3482 venierunt:
2262 3425 2508 3502 Ulysses
2548 3439 2609 3485 et

353 3508 679 3566 Diomedes
725 3520 893 3566 erant
933 3511 1000 3567 in
1038 3509 1295 3587 phialae
1333 3508 1681 3568 emblemate
1700 3553 1719 3584 ,
1789 3508 2150 3567 Palladiam*
2192 3514 2602 3588 surripientes.

353 3593 509 3651 Sunt
547 3592 912 3672 anaglypha,
969 3593 1151 3655 huius
1192 3595 1564 3675 argumenti,
1617 3592 1981 3654 obscurioris
2019 3602 2223 3653 tamen
2265 3596 2489 3671 famae,
2535 3608 2610 3657 ut

351 3676 414 3737 in
457 3678 839 3757 sarcophago
889 3680 1055 3761 apud
1097 3682 1348 3741 Gorium
1399 3680 1674 3759 Inscript.
1714 3681 1952 3740 Etrusc.
2007 3680 2075 3738 T.
2125 3680 2202 3739 IlI
2249 3683 2375 3742 tab.
2418 3686 2505 3748 39
2546 3693 2609 3742 et

355 3764 517 3844 apud
545 3764 906 3824 Buonarroti
949 3766 1407 3849 (Osservazioni
1431 3765 1706 3825 istoriolle
1739 3787 1919 3844 sopra
1964 3767 2174 3824 alcuni
2208 3770 2614 3847 Medagliom‘

355 3850 590 3909 αιιιίοΙιί
604 3874 621 3907 .·
668 3850 733 3909 in
774 3851 953 3911 titulo
983 3852 1224 3935 operis),
1273 3854 1379 3932 qui
1400 3852 1674 3932 Ulyssem
1714 3871 1852 3911 cum
1887 3850 2138 3909 Alcinoo
2177 3852 2450 3913 exhiberi
2485 3876 2611 3933 pu-

354 3935 557 4007 tabat,
598 3935 873 3995 adstante
908 3938 1099 3997 Diana
1139 3960 1276 3999 cum
1320 3959 1571 3999 ancora:
1640 3937 2045 4016 probabiliora
2089 3937 2281 4014 dicas,
2337 3942 2387 3999 si
2427 3941 2613 4021 Ulys-

355 4041 479 4080 sem
516 4041 654 4082 cum
700 4023 980 4082 Diomede
1022 4025 1098 4084 de
1138 4034 1319 4104 raptu
1348 4024 1597 4085 Palladii
1638 4023 2078 4083 consultantem
2120 4024 2391 4086 exhiberi
2433 4026 2610 4087 dixe-

354 4109 471 4182 ris,
526 4107 698 4167 navis
740 4110 1011 4188 apposita
1056 4111 1358 4190 Ulyssem,
1415 4120 1596 4190 puto,
1654 4109 1917 4169 declarat
1968 4129 2044 4167 ex
2084 4111 2331 4170 artificis
2380 4125 2584 4175 mente
2595 4138 2615 4191 3

356 4203 555 4254 statua
597 4204 799 4253 autem
839 4196 1191 4256 columellae
1228 4196 1505 4276 imposita
1546 4197 1597 4254 ei
1629 4196 1836 4255 similis
1875 4215 2028 4274 quae
2065 4196 2125 4255 in
2154 4199 2402 4277 gemmis
2430 4200 2613 4262 huius

355 4280 685 4358 argumenti
747 4283 1048 4357 occurrit,
1109 4303 1326 4363 parum
1383 4302 1521 4342 cum
1567 4281 1688 4341 fide
1730 4281 1972 4343 reddita
2025 4302 2149 4341 esse
2197 4284 2463 4346 videtur.
2551 4289 2613 4345 Si

356 4363 545 4429 Diana
587 4376 707 4443 est,
753 4368 1101 4429 columellae
1152 4369 1464 4445 insistens,
1509 4370 1722 4428 saltem
1772 4388 1977 4429 arcum
2011 4379 2216 4431 tenere
2259 4372 2455 4433 videri
2502 4374 2612 4433 de-
