2882 5028
448 357 607 437 252
981 352 1882 431 EXCURSUS
1982 352 2185 427 XIX

448 546 615 607 edita
656 542 956 618 Αἰθιοπὶς
983 540 1134 606 κατὰ
1159 537 1469 627 Ἀρκτῖνον
1513 542 1614 610 τὸν
1646 538 1964 624 Μιλήσιον
2007 546 2338 627 adscripta,
2401 554 2709 624 tamquam

447 651 529 692 ex
569 652 686 712 qua
714 650 922 691 rerum
958 644 1371 709 expressarum
1401 651 1543 711 pars
1568 630 1755 710 petita
1806 631 1902 692 sit.
1990 630 2311 693 Arctinum
2351 630 2430 690 ad
2467 631 2713 712 Olymp.

445 718 539 778 lx
581 716 832 792 Suidas,
901 716 977 776 ad
1026 716 1106 776 1v
1156 718 1342 777 refert
1384 717 1672 777 Eusebius
1712 716 2064 798 Hieronymi
2107 718 2420 792 MCCLIV,
2485 717 2596 777 ubi
2650 739 2712 780 v.

443 804 692 864 Pontac.
731 803 938 882 Scalig.
977 802 1230 863 Vallars.
1270 804 1418 862 item
1460 803 1703 862 Salmas.
1749 802 1829 861 ad
1873 805 2056 864 Solin.
2088 825 2149 884 p.
2183 806 2327 870 699.
2357 807 2483 868 600
2513 803 2727 884 Ryek.

453 889 528 949 de
565 889 737 969 prim·
768 888 899 949 Ital·
931 888 1126 947 colon·
1154 910 1215 969 p
1241 888 1387 957 440.
1475 888 1685 947 Eidem
1711 882 1887 951 Ἰλίου
1919 889 2143 972 Πέρσις
2176 890 2435 964 tributa,
2484 887 2560 947 de
2589 910 2713 968 qua

444 995 507 1035 v.
545 976 801 1037 Excurs.
843 975 866 1033 Ι
910 974 990 1033 ad
1032 973 1136 1036 lib.
1167 974 1251 1051 11,
1297 995 1390 1055 pr.
1476 974 1822 1034 Secundum
1858 984 2121 1051 veteres,
2182 996 2333 1054 quos
2376 974 2706 1052 amisimus,

443 1058 564 1121 late
597 1060 959 1120 describitur
997 1058 1328 1120 Memnonis
1363 1061 1556 1120 fatum
1603 1080 1637 1118 a
1667 1059 1900 1134 Quinto
1929 1061 2180 1141 Paralip.
2215 1062 2315 1122 lib.
2344 1061 2395 1120 11
2434 1069 2523 1119 et

444 1146 548 1222 IV,
595 1146 654 1209 4.
701 1146 799 1222 VI,
848 1150 948 1210 10.
992 1154 1053 1204 et
1077 1146 1291 1206 ultimo
1317 1146 1452 1205 loco
1503 1166 1538 1205 a
1573 1146 1790 1218 Tzetza
1828 1147 1894 1207 in
1935 1145 2241 1207 Posthom.
2273 1151 2401 1211 212
2502 1152 2517 1161 '⁷

445 1254 507 1292 v.
531 1191 799 1292 'lacobsii
813 1239 992 1307 nota,
1034 1231 1140 1309 qui
1178 1232 1490 1292 Sturzium
1516 1251 1756 1311 quoque
1800 1231 2027 1292 excitat
2056 1233 2132 1292 ad
2160 1232 2448 1292 Hellanici
2551 1226 2708 1313 agm.

444 1340 505 1398 p-
557 1317 696 1384 149.
796 1317 1005 1377 Multis
1048 1318 1227 1377 etiam
1287 1318 1429 1376 olim
1484 1316 1803 1397 tragoediis
1843 1319 1961 1377 fuit
2015 1319 2345 1378 celebratus
2400 1317 2711 1395 Memnon,

443 1403 769 1484 Aeschyli
753 1403 1023 1485 inprimis
1052 1413 1110 1462 et
1143 1402 1456 1483 Sophoclis
1474 1449 1490 1478 ,
1536 1404 1707 1463 cuius
1738 1402 2042 1479 Αἰθίοπες
2072 1405 2338 1464 eiusdem
2369 1405 2710 1482 argumenti

444 1492 621 1549 fuisse
646 1489 962 1564 videntur,
1008 1499 1103 1563 et,
1167 1489 1330 1567 quod
1354 1489 1664 1569 probabile
1699 1488 1800 1565 fit,
1862 1510 1986 1551 una
2024 1491 2350 1569 eademque
2383 1510 2520 1549 cum
2555 1494 2709 1549 flle-

443 1597 656 1635 mnone
683 1576 904 1636 fabula.
991 1575 1369 1635 Memnonem
1398 1576 1578 1636 etiam
1607 1576 1961 1635 Homerus
1943 1597 2067 1656 ipse
2096 1576 2457 1636 memoravit
2482 1575 2705 1656 Odyss.

442 1662 498 1736 δ,
547 1665 688 1726 188.
736 1663 840 1721 ubi
871 1662 1091 1721 Nestor
1119 1661 1310 1720 filium
1352 1660 1743 1722 Antilochum
1793 1662 1867 1720 ab
1923 1682 1993 1721 eo
2035 1682 2269 1722 caesum
2313 1661 2551 1743 prodit;
2611 1671 2709 1720 est

439 1747 522 1806 ibi
555 1742 737 1822 Ἠἱιῦς
768 1751 1029 1851 φαεινῆς
1070 1740 1312 1854 ἆγλαος
1333 1741 1489 1822 υἱός.
1574 1748 1654 1807 Et
1696 1751 1749 1822 a,
1794 1747 1915 1815 521
1958 1747 2197 1827 Ulysses
2237 1746 2706 1828 Neoptolemum

438 1833 751 1912 praedicat
794 1828 1138 1896 κάλλιστον
1174 1828 1319 1913 μετὰ
1364 1831 1672 1913 Μέμνονα
1719 1833 1872 1895 δῖον.
1971 1834 2118 1894 Fuit
2169 1835 2373 1912 itaque
2411 1832 2706 1894 Memnon

438 1918 838 1998 pulcerrimus
878 1919 1128 1979 iuvenis.
1219 1917 1500 1997 Virgilius
1544 1927 1748 1978 tamen
1792 1922 2036 1997 nigrum
2079 1920 2358 2000 appellet.
2460 1918 2706 1979 Scilicet

440 2003 688 2064 Tithoni
719 2014 780 2063 et
814 2006 1081 2064 Aurorae
1113 2003 1272 2064 filius
1304 2003 1486 2064 lndos
1517 2014 1580 2063 et
1616 2002 1940 2084 Aethiopes
1981 2005 2305 2064 adduxisse
2336 2006 2562 2083 sertus-z
2618 2013 2706 2067 ‘ut

440 2090 716 2149 Troianis
749 2110 921 2170 opem
947 2092 1159 2150 ferret:
1199 2090 1325 2150 sive
1354 2089 1522 2169 quod
1548 2091 1705 2149 sama
1739 2098 2044 2171 acceptum
2080 2103 2231 2169 erat,
2276 2086 2703 2171 venisseTro-

435 2174 592 2234 ianis
639 2176 829 2236 socios
867 2186 929 2236 et
976 2176 1200 2236 auxilia
1244 2194 1322 2234 ex
1365 2176 1546 2236 terris
1585 2176 1665 2235 ad
1701 2176 1994 2236 orientem
2038 2177 2290 2237 Troadis
2332 2177 2493 2254 sitis,
2563 2175 2706 2238 sive

355 2316 356 2319 ,
435 2262 603 2340 quod
627 2282 661 2319 a
679 2261 926 2343 cyclicis
956 2271 1085 2322 tota
1111 2263 1214 2322 iun
1239 2263 1511 2322 narratio
1532 2262 1648 2322 fuit
1679 2261 1843 2321 illata
1859 2264 2040 2322 rebus
2069 2263 2314 2324 Troicis.
2357 2262 2703 2324 Obscurior

432 2357 524 2406 est
569 2346 644 2406 de
666 2346 983 2408 Memnone
1017 2347 1250 2424 sabula,
1315 2356 1376 2407 et
1417 2367 1569 2426 quae
1592 2345 1773 2407 modo
1816 2348 1894 2407 ad
1925 2349 2264 2429 Aegyptum
2300 2349 2702 2429 superiorem,

430 2433 616 2494 modo
648 2434 726 2493 ad
765 2435 1151 2517 Assyriorum
1193 2432 1342 2493 adeo
1379 2434 1638 2513 origines
1688 2444 2025 2494 revocetur.
2127 2436 2277 2495 Vide
2319 2455 2353 2493 a
2394 2433 2701 2495 Pocockio

431 2531 712 2600 congesta
750 2522 830 2581 ad
870 2521 1199 2582 Memnonis
1242 2521 1475 2600 signum
1523 2520 1949 2581 illustrandum
2002 2521 2066 2580 in
2109 2522 2301 2581 ruinis
2344 2520 2700 2582 Thebarum

431 2606 764 2687 (De-script.
816 2608 900 2687 of
926 2609 1024 2667 tlte
1066 2610 1221 2666 Eas!
1249 2607 1416 2667 Tom.
1448 2606 1492 2681 1,
1534 2627 1595 2686 p.
1639 2610 1756 2670 101
1799 2627 1924 2686 sqq.
1967 2615 2026 2665 et
2056 2609 2119 2666 in
2150 2607 2530 2687 Inscription.
2562 2617 2698 2668 ant.

427 2693 655 2772 graecis
678 2714 738 2774 p.
765 2696 849 2758 80
879 2714 1004 2772 sqq.
1034 2697 1110 2759 91
1144 2689 1319 2774 sqq.).
1405 2690 1526 2751 Sed
1566 2711 1642 2750 ue
1683 2703 1898 2772 poetae
1920 2692 2180 2752 absurda
2200 2695 2526 2774 'commenti
2563 2712 2699 2752 esse

427 2778 784 2856 videantur,
841 2778 961 2840 hoc
1000 2780 1209 2838 saltem
1244 2777 1655 2853 monebimus,
1712 2777 2095 2858 Assyriorum
2138 2779 2455 2859 imperium
2492 2777 2699 2839 viden·

425 2865 531 2924 illo
558 2874 830 2945 tempore
857 2885 1047 2944 usque
1075 2865 1140 2925 in
1167 2865 1365 2925 Asiam
1396 2864 1687 2922 minorem
1714 2866 2057 2944 prolatum,
2117 2875 2296 2943 atque
2330 2884 2406 2924 ex
2444 2864 2518 2923 iis
2542 2864 2697 2925 fini-

424 2951 570 3028 bus,
615 2950 884 3029 adeoque
910 2972 988 3010 ex
1029 2951 1277 3011 Oriente
1321 2948 1490 3024 (hinc
1527 2951 1696 3008 ane
1740 2948 1958 3031 acies),
1991 2970 2115 3009 non
2158 2971 2305 3011 vero
2337 2970 2413 3008 ex
2441 2950 2698 3029 Assyria

422 3057 582 3198 53:¹⁰
583 3036 856 3198 '‘335²‘'
848 3034 2001 3202 ffl‚ffl“”⁸02232⁸÷.152„32“353¹;33.²2¹
2024 3035 2263 3181 Ἲίἳῖἕ
2265 3037 2699 3201 ἓῇαὲἴρζ

420 3217 633 3288 poetae
662 3217 913 3284 vocant5
975 3228 1096 3286 quo
1135 3207 1375 3267 nomine
1405 3226 1613 3266 omnes
1655 3206 1731 3265 ad
1759 3207 2070 3267 Orientem
2100 3209 2242 3269 sitos
2284 3208 2570 3289 populos,
2620 3208 2695 3268 iu

419 3294 835 3354 australibus
818 3294 1093 3373 inprimis
1141 3293 1363 3373 plagis,
1431 3291 1822 3352 declarabant
1863 3303 2113 3354 veteres.
2199 3293 2435 3354 Ornata
2464 3292 2693 3353 deinde

418 3380 605 3441 variis
631 3379 828 3440 modis
863 3389 924 3438 et
950 3378 1307 3460 amplificata
1333 3377 1555 3437 fabula.
1602 3380 1674 3438 cs.
1701 3378 1952 3439 Pausan.
1985 3380 2065 3455 X,
2111 3383 2190 3445 81
2216 3401 2275 3460 p.
2307 3379 2452 3445 875.
2478 3376 2692 3440 Schol.

417 3466 594 3527 Pind.
622 3467 791 3526 Nem.
821 3470 882 3542 6,
924 3466 1026 3532 85.
1074 3471 1133 3539 3,
1167 3470 1307 3531 106.
1350 3462 1493 3525 add.
1524 3463 1632 3523 inf.
1670 3463 1749 3523 ad
1780 3485 1837 3524 v.
1870 3465 2014 3532 751.
2100 3465 2245 3525 Fuit
2274 3485 2516 3545 quoque
2548 3464 2693 3524 Me-

419 3551 658 3612 mnonis
706 3552 1046 3632 sepulcrum
1084 3549 1254 3611 haud
1294 3550 1468 3629 longe
1496 3549 1572 3606 ab
1611 3549 1840 3629 Aesepo
1879 3549 1960 3610 ad
1991 3554 2459 3630 septentrionem
2485 3552 2691 3611 Troa-

418 3639 511 3698 dis
539 3638 782 3698 finium.
825 3640 1021 3698 Strab.
1049 3637 1191 3696 xm
1221 3657 1281 3716 p.
1311 3639 1437 3700 878
1484 3636 1548 3694 C.
1636 3636 1896 3695 Confusa
1932 3636 2180 3696 tandem
2220 3658 2358 3697 cum
2401 3638 2521 3697 alio
2550 3637 2692 3696 Me-
2734 3683 2749 3692 .

415 3743 638 3783 mnone
680 3722 1004 3804 Aegyptio,
1063 3723 1254 3783 Pha-
1267 3721 1569 3799 menopha
1612 3720 1777 3802 apud
1823 3721 2084 3798 Paus.1,
2130 3722 2213 3787 42
2244 3744 2303 3803 p.
2347 3728 2491 3799 101,
2540 3724 2691 3784 alibi

414 3810 807 3888 Amenoplu's,
869 3811 911 3871 f.
942 3811 1193 3870 Amun-
1207 3813 1333 3868 no·-
1344 3806 1485 3888 phi,
1546 3807 1878 3868 secundum
1905 3766 2207 3868 lablonsk.
2253 3808 2328 3868 de
2360 3808 2690 3870 Memnone

412 3917 473 3975 p.
501 3900 606 3962 31.
691 3897 881 3956 Erat
863 3919 913 3957 is
941 3897 1032 3957 sol
1063 3896 1290 3956 oriens.
1333 3893 1398 3952 id
1422 3891 1588 3971 quod
1620 3902 1819 3953 statua
1845 3914 2084 3973 quoque
2111 3895 2223 3956 sub
2254 3896 2550 3956 orientem
2580 3918 2689 3957 so-

410 3983 529 4042 lem
554 3983 778 4044 vocalis
807 3983 1165 4045 declarabat.
