2882 5028
549 416 1163 495 AENEIDOS
1217 417 1422 493 LIB.
1478 419 1610 513 VI,
1665 424 2103 499 603—608

2321 425 2468 499 941

206 602 612 702 Adcuhat,
660 570 739 680 et
783 604 1151 681 manibus
1197 603 1577 703 prohibet
1622 605 2085 702 contingere
2134 630 2472 699 mensem,

202 708 737 808 Exsurgitque
765 707 1027 783 facem
1065 707 1499 804 adtollenS,
1554 720 1793 808 atque
1825 709 2137 784 intonat
2172 734 2332 788 ore.

204 812 398 906 Hic,
453 812 738 910 quibus
765 812 990 889 invisi
1017 811 1338 908 fratrc-S,
1377 810 1577 887 dum
1607 812 1760 886 vita
1787 812 2186 909 manebat,

354 1002 460 1054 606
508 1019 748 1053 mensam
798 1001 1000 1070 aliquot
1047 1002 1229 1059 Heius.
1278 1011 1334 1055 et
1380 1004 1551 1054 Burm.
1620 1000 1834 1054 Scilicet
1880 1000 1936 1052 id
1987 998 2197 1053 solutae
2245 1001 2476 1055 orationi

208 1070 539 1123 conveniret.

212 1139 355 1190 Pier.
392 1150 443 1190 et
477 1139 641 1192 Goth.
676 1150 801 1192 tert.

208 1281 482 1339 nialibus
512 1283 651 1339 toris
671 1306 688 1338 :
736 1281 1019 1358 quoniam
1052 1282 1302 1360 geniali-

208 1365 332 1423 bus
373 1366 590 1444 epulis,
627 1365 688 1424 h.
715 1384 761 1426 e.
793 1368 1081 1446 opiparis,
1110 1368 1303 1444 lautis,

210 1469 367 1528 quae
397 1452 471 1509 ad
497 1450 861 1510 hilaritatem
881 1453 1159 1527 invitant,
1187 1453 1304 1512 ha-

209 1535 428 1596 bendis
455 1538 635 1616 positi
661 1547 821 1597 sunt.
850 1538 972 1596 vid.
994 1538 1072 1598 ad
1092 1541 1303 1618 Georg.

212 1621 260 1696 1,
291 1625 436 1688 802.
485 1623 589 1680 ubi
625 1624 891 1699 genialis
926 1624 1138 1682 hiems.
1202 1626 1303 1683 lw-

212 1719 350 1765 cenc
377 1706 592 1784 fulcra
623 1728 732 1787 pro
762 1717 933 1768 sunt:
978 1719 1147 1769 torus
1190 1730 1302 1768 au-

213 1811 357 1851 reus
386 1800 492 1852 est.
582 1794 664 1850 De
699 1793 928 1870 saletis
972 1795 1300 1872 quaeritur.

213 1876 382 1936 Lecti
457 1879 785 1937 substructi
846 1888 990 1938 sunt
1048 1880 1301 1959 pedibus

215 1971 328 2022 aut
348 1964 586 2039 fulcris,
630 1963 691 2022 h.
730 1982 777 2023 e.
802 1985 1160 2043 quocunque
1185 1966 1300 2024 alio

158 2125 165 2131 φ
213 2048 374 2108 basis
436 2069 692 2127 genere3
749 2069 862 2129 pro
916 2053 1063 2108 lecto
1118 2071 1299 2111 aureo

213 2143 398 2215 poeta
418 2136 637 2213 fider-a
666 2136 885 2214 posuit.
971 2135 1157 2209 Quod
1186 2157 1299 2196 au-

213 2230 343 2280 tem
390 2221 653 2280 fabulam
703 2220 777 2280 de
820 2221 1025 2280 Ixione
1060 2224 1162 2281 Ge.
1204 2222 1300 2297 ΙΙΙ,

215 2308 325 2381 38,
366 2309 465 2369 39.
529 2307 625 2381 lv,
678 2304 802 2369 484
856 2308 1100 2366 allatam
1142 2328 1305 2368 nunc

214 2392 471 2467 (leserit,
516 2391 681 2468 quod
704 2393 1003 2451 mirantur
1034 2395 1153 2453 viri
1186 2395 1303 2452 do-

214 2478 304 2538 cti
353 2474 451 2558 (cs.
507 2476 822 2538 Schrader.
878 2477 955 2537 ad
994 2478 1301 2539 Musaeum

213 2584 351 2645 pag.
380 2564 523 2627 285.
610 2565 874 2624 Ouwens
909 2565 978 2623 N.
1010 2565 1086 2624 H.
1111 2586 1169 2644 p.
1195 2570 1299 2628 28.

216 2651 306 2715 35
355 2651 467 2730 sq.)
523 2648 590 2707 id
641 2659 854 2730 poetae
914 2650 1080 2709 haud
1123 2650 1302 2709 dubie

214 2736 368 2795 licet
394 2736 621 2810 facere,
664 2735 883 2814 quippe
926 2737 1027 2814 qui
1068 2737 1305 2795 nullum

216 2822 531 2881 doctrinae
560 2831 815 2899 systema
847 2823 1105 2881 condere
1136 2822 1302 2880 velit.

219 2905 387 2982 (Vid.
420 2925 571 2983 quae
597 2908 803 2987 scripsi
829 2907 893 2965 in
923 2908 991 2967 V.
1020 2908 1084 2968 L.
1112 2907 1190 2966 ad
1217 2928 1306 2968 vs.

128 3036 135 3051 .
216 2996 367 3058 602.
421 2994 526 3053 W
514 2989 597 3071 r.)

310 3076 688 3142 608—614.
732 3075 859 3136 Hos
887 3097 1096 3137 versus
1135 3077 1309 3155 equi-

217 3163 361 3222 dem
407 3163 841 3222 sententiarum
885 3173 948 3222 et
983 3165 1307 3223 verborum

214 3247 519 3329 gravitate
545 3248 1153 3308 commendatissimos
1187 3268 1310 3307 esse

215 3334 423 3395 velim.
510 3334 702 3393 Fuere
728 3334 1017 3393 nonnulla
1060 3335 1120 3393 in
1160 3334 1306 3396 Pla-

218 3420 386 3480 tonis
408 3419 558 3479 locis
600 3420 661 3478 in
710 3420 989 3479 Excurss.
1026 3420 1306 3494 laudatis,

219 3523 380 3583 quae
409 3506 573 3583 sequi
617 3505 850 3583 potuit,
893 3504 997 3563 sed
1044 3506 1157 3564 alia
1198 3506 1309 3564 sibi

220 3591 336 3671 ipsi
366 3590 581 3650 debere
615 3590 894 3665 videtum
938 3591 1047 3649 etsi
1080 3591 1156 3650 de
1193 3589 1311 3649 hoc

220 3675 377 3736 nihil
407 3676 694 3735 affirmari
722 3685 942 3755 potest.
1006 3675 1081 3733 Ἀ
1104 3677 1312 3735 multis

219 3762 383 3820 enim
433 3763 649 3840 passim
707 3761 900 3840 poetis
953 3762 1314 3840 antiquiori-

222 3848 340 3906 bus
412 3856 828 3925 argumentum
894 3847 1057 3905 idem
1132 3848 1313 3907 fuisse

220 3941 555 3992 tractatum
585 3932 849 3992 videtur.
906 3933 1124 3991 Confer
1155 3953 1313 4011 quo-

223 4037 344 4097 que
370 4038 640 4078 scurram
675 4017 1164 4097 Aristophanem,
1210 4018 1314 4095 qui

224 4105 491 4182 exagitat
515 4124 621 4163 seu
648 4103 1033 4183 philosophos
1060 4122 1164 4162 seu
1194 4104 1313 4163 ini-

224 4191 443 4264 tiatos,
472 4189 532 4248 in
566 4191 714 4249 Ran.
746 4190 868 4254 145
894 4223 947 4235 -·
986 4191 1125 4255 151.
1179 4189 1313 4248 Ho-

222 4295 459 4348 merus,
505 4276 615 4333 etsi
652 4275 1005 4350 Tantalum„
1050 4276 1311 4353 Tityum,

223 4381 297 4420 ac
355 4359 678 4439 Sisyphum
751 4381 971 4442 poenas
1024 4360 1314 4422 scelerum

220 4448 395 4507 luere
457 4446 522 4504 in
579 4445 723 4506 locis
790 4447 994 4506 inferis
1055 4448 1310 4524 monuit,

681 1072 785 1125 607
806 1070 973 1142 sace-s·
1005 1070 1207 1123 Zulich.
1277 1074 1528 1144 increpat
1560 1071 1711 1124 Leid.
1747 1071 1831 1123 ed.
1867 1070 2086 1123 mediol.
2122 1089 2237 1124 cum
2271 1072 2475 1141 aliquot

938 1143 1044 1196 608
1079 1143 1159 1193 Ηί
1192 1142 1274 1193 ed.
1312 1144 1447 1196 Veu.

1390 1303 1514 1341 non
1567 1291 1768 1341 tamen
1817 1290 1921 1339 aut
1960 1281 2096 1340 loca
2142 1299 2477 1360 poenarum

1391 1368 1647 1427 discreta
1671 1377 1777 1426 aut
1796 1368 2018 1425 scelera
2048 1366 2255 1426 definit
2272 1411 2290 1441 ,
2316 1386 2473 1444 quo-

1389 1475 1527 1513 rum
1566 1472 1790 1533 poenae
1822 1453 2177 1532 exigantur,
2233 1461 2474 1532 praeter

1388 1560 1580 1599 unum
1627 1540 1989 1619 periurium,
2034 1537 2202 1597 lliad.
2240 1562 2297 1618 y,
2326 1541 2471 1602 279.

1387 1648 1438 1697 τ,
1485 1626 1631 1691 258.
1676 1626 1819 1689 259.
1871 1624 2027 1682 conf.
2068 1625 2279 1683 Iov-tin.
2322 1623 2471 1681 Diss.

1388 1711 1484 1784 Vl,
1513 1730 1568 1789 p.
1603 1714 1746 1774 230.
1837 1710 2075 1768 Scilicet
2113 1718 2471 1787 temporum,

1386 1796 1603 1873 quibus
1636 1794 1914 1870 vivebat,
1958 1793 2305 1874 simplicitas
2343 1802 2475 1852 erat

1386 1889 1590 1953 tanta,
1629 1889 1700 1939 ut
1736 1900 1915 1960 super
1945 1880 2213 1939 moribus
2240 1899 2310 1937 ac
2338 1879 2472 1938 vir-
2541 1947 2546 1954 ,

1385 1974 1519 2025 tute
1544 1965 1816 2025 nondum
1854 1965 2103 2025 subtiles
2147 1965 2331 2022 initae
2374 1983 2473 2021 es-

1383 2060 1518 2109 sent
1582 2052 1858 2110 rationes.
1945 2052 2031 2109 De
2098 2050 2474 2128 gravioribus

1385 2136 1705 2196 sceleribus
1722 2156 1964 2195 monere
1988 2137 2132 2195 satis
2152 2144 2283 2194 tum
2311 2145 2474 2211 erat3

1384 2222 1566 2300 inque
1594 2223 1664 2280 iis
1690 2222 2073 2282 habebantur
2104 2221 2311 2279 caedes
2328 2265 2344 2295 ,
2372 2221 2472 2280 in-

1385 2307 1573 2367 iuriae
1616 2309 1682 2366 in
1734 2308 2029 2388 supplices
2088 2315 2151 2365 et
2189 2305 2473 2386 hospites,

1387 2395 1631 2452 tandem
1688 2395 2065 2472 periurium;
2137 2401 2209 2451 ut
2262 2400 2473 2450 contra

1386 2480 1579 2560 prima
1605 2477 1997 2539 humanitatis
2023 2479 2313 2537 elementa
2338 2478 2474 2538 sue-

1386 2584 1454 2624 re
1483 2565 1766 2623 sanctitas
1797 2565 2012 2628 ἱκετῶν
2045 2573 2106 2622 et
2149 2563 2376 2639 ξένων,
2410 2560 2479 2626 τὸ

1388 2645 1569 2731 ἅγος,
1630 2644 1776 2730 ἄρα).
1819 2660 1877 2708 et
1926 2644 2268 2727 Ἐριννύες,
2326 2649 2474 2707 reli-

1386 2737 1482 2813 gio
1512 2735 1885 2816 sepulturae,
1929 2735 2359 2809 terminorum,
2412 2741 2474 2793 et

1387 2821 1795 2880 iurisiurandi.
1880 2821 2002 2879 Nec
2046 2820 2222 2878 aliter
2257 2819 2319 2877 in
2364 2817 2475 2877 de-

1395 2907 1599 2986 calogo
1653 2926 1712 2964 a‘
1741 2905 1905 2966 Mose
1957 2906 2201 2985 prodito
2246 2906 2476 2964 sactum

1393 2992 1628 3051 videas:
1672 2992 1971 3051 atrociora
2015 2999 2255 3049 tantum
2297 2990 2475 3069 flagi-

1393 3078 1478 3136 tia
1508 3079 1557 3138 is
1586 3077 1857 3156 attingit,
1907 3097 1938 3134 a
1971 3077 2186 3155 quibus
2217 3075 2318 3153 qui
2358 3094 2473 3135 va-

1393 3171 1519 3237 cet,
1560 3183 1774 3243 parum
1817 3162 2018 3221 adhuc
2060 3162 2138 3221 ad
2185 3160 2474 3222 honesta-

1371 3248 1514 3308 tem
1557 3249 1871 3328 profecisse
1909 3246 2081 3307 nobis
2108 3247 2299 3306 videri
2329 3256 2475 3326 pot-

1389 3343 1498 3393 est.
1583 3335 1664 3394 At
1687 3334 1858 3393 Maro
1881 3352 1957 3391 ex
1980 3332 2477 3413 philosophorum
2603 3332 2608 3337 ’

1392 3418 1625 3498 scriptis
1671 3440 1848 3479 suum
1886 3420 2210 3478 Tartarum
2249 3419 2475 3478 consti-

1391 3506 1517 3565 tuit
1583 3502 1684 3585 (cs.
1746 3506 1889 3564 Exc.
1945 3501 2139 3586 vni),
2197 3504 2476 3582 idemque

1393 3591 1711 3665 scelerum,
1756 3590 1972 3669 quibus
1995 3590 2286 3670 supplicia
2314 3592 2376 3650 in
2406 3610 2476 3649 eo

1394 3677 1721 3735 constituta
1762 3683 1908 3735 sunt
1927 3720 1943 3751 ,
1986 3696 2295 3736 recensum
2336 3676 2480 3735 facit

1394 3762 1596 3840 paullo
1628 3762 2008 3841 anipliorem3
2053 3770 2480 3822 commemorat

1395 3848 1759 3927 impietatem
1786 3867 1922 3927 erga
1946 3868 2076 3924 eos,
2107 3848 2324 3926 quibus
2347 3848 2476 3927 pie-

1395 3936 1536 3991 tafis
1592 3952 1797 3992 sensus
1878 3934 2173 4009 debetur;
2243 3952 2477 4007 avaros,

1397 4018 1584 4077 duros
1621 4027 1681 4077 et
1711 4018 2098 4095 inhumanos;
2142 4018 2482 4094 adulteros,
2523 4070 2526 4075 .

1395 4104 1749 4183 perduelles,
1847 4107 1942 4164 Ex
1995 4105 2154 4165 vitae
2209 4102 2475 4181 philoso-

1396 4189 1538 4269 phia
1581 4191 1834 4268 profecit
1871 4190 2102 4249 Auctor
2144 4187 2482 4249 Telemachi

1395 4276 1505 4336 lib.
1530 4276 1744 4350 XVIII,
1789 4296 1848 4354 p.
1883 4278 2004 4340 130
2048 4274 2276 4352 egregio
2317 4274 2481 4333 loco!

1396 4362 1665 4441 Ingratos
1687 4362 1822 4437 ille,
1868 4359 2219 4435 mendaces,
2265 4359 2482 4420 adula-

1396 4456 1561 4508 tores
1601 4446 1890 4507 nominat.
1976 4445 2195 4506 Filium
2232 4444 2483 4526 impium
