2882 5028
480 313 630 384 162
965 305 1046 381 P.
1092 305 1622 380 v1R‘G1L11
1671 303 2231 382 MARONIS

2852 407 2853 472 l

475 498 705 569 Parte
740 490 880 566 alia
908 489 1222 590 fugiens
1256 493 1558 567 amissis
1590 490 1906 567 Troilus
1938 493 2195 582 armiS,

474 593 753 671 Infelix
781 620 1020 695 puer,
1074 608 1312 696 atque
1342 599 1574 696 inpar
1616 619 2084 693 congressus
2118 592 2425 680 Achilli,

2590 598 2752 671 475

472 704 761 775 Fertur
803 699 1066 800 equis,
1123 723 1524 801 curruque
1573 699 1852 775 haeret
1881 700 2299 800 resupinus
2328 698 2569 788 inani,

472 806 679 878 Lora
714 815 999 879 tenens
1039 816 1353 880 tament
1407 802 1593 878 huic
1631 804 2058 903 cervixque
2098 821 2545 902 comaeque
2582 814 2751 875 tra-

1648 906 1950 982 huntur

370 1019 379 1026 ’
474 1012 631 1083 Per
675 1020 1010 1103 terram,
1068 1020 1147 1084 et
1182 1033 1404 1084 versa
1440 1008 1698 1110 pulvis
1743 1009 2194 1085 inscribitur
2234 1006 2473 1083 hasta.

475 1115 787 1188 Interea
834 1111 934 1186 ad
963 1112 1357 1212 templum
1396 1137 1562 1188 non
1599 1137 1898 1214 aequae
1935 1111 2265 1189 Palladis
2296 1111 2518 1185 ibant

479 1214 848 1291 Crinibus
881 1214 1165 1290 Iliades
1195 1217 1473 1315 passis,
1524 1216 2024 1318 peplumque.
2056 1212 2447 1302 ferebant,

2585 1220 2746 1291 480

472 1317 957 1419 Suppliciter
984 1318 1280 1417 tristes,
1338 1332 1419 1395 et
1447 1332 1727 1398 tunsae
1757 1333 2083 1421 pectora
2112 1317 2432 1420 palmis3

581 1462 753 1537 480.
805 1477 1217 1532 sanamur
1272 1458 1348 1536 S.

611 1696 717 1754 475
754 1706 937 1768 potest
974 1716 1074 1767 per
1113 1697 1459 1768 parenthesin
1498 1696 1844 1766 interpositus
1890 1697 2075 1780 accipi.
2146 1693 2282 1747 olim
2327 1695 2466 1765 apud
2502 1693 2746 1748 Servium

475 1768 846 1838 into-rpunxoee
906 1786 1112 1837 quoque
1172 1765 1414 1837 Infelix!
1477 1787 1618 1837 puer

1673 1782 1839 1839 aeque
1894 1789 2076 1842 ampar
2125 1784 2457 1847 congressus
2513 1765 2744 1818 Achilli.

474 1837 580 1894 477
618 1851 815 1890 tenens
841 1849 1056 1890 tantum
1086 1837 1342 1890 Montalb.
1373 1835 1745 1901 Quintilianum
1780 1839 1895 1904 vn,
1931 1841 1982 1902 9,
2010 1841 2046 1893 7
2073 1836 2279 1888 mireris
2305 1835 2518 1886 dubium
2542 1836 2743 1894 facere,

476 1907 612 1959 sitne
656 1919 840 1959 tamen
877 1906 946 1958 ad
985 1919 1180 1959 tenens
1208 1924 1275 1958 an
1314 1906 1382 1958 ad
1416 1905 1532 1976 sqq.
1572 1908 1900 1959 trahendum.
1985 1919 2135 1959 senec
2174 1904 2378 1972 aliquot
2415 1925 2446 1957 a
2488 1905 2558 1955 ud
2597 1904 2744 1954 Pier.

474 1977 630 2029 male.
665 1978 867 2044 (tamen
896 1989 1092 2028 senene
1117 1976 1234 2028 Alb.
1269 1976 1497 2027 fortasse
1524 1994 1623 2046 pro
1668 1991 1797 2028 cam.
1826 1990 1994 2029 tenet.
2038 1974 2184 2042 Wr.)
2257 1975 2401 2025 Hinc
2428 1925 2534 2025 d‘ho
2562 1974 2744 2024 Burm.

473 2048 582 2102 478
617 2063 784 2098 versa
811 2055 894 2095 est
920 2041 1238 2112 κεκλιμένον
1270 2040 1447 2114 δόρυ·
1484 2065 1516 2098 a
1554 2048 1826 2100 verrendo
1850 2047 1972 2098 duci
1996 2044 2193 2115 nequit.
2264 2045 2350 2095 Sic
2385 2045 2521 2094 enim
2548 2044 2750 2115 pulvis

475 2113 732 2177 verritur,
772 2131 880 2166 uon
910 2115 1092 2182 Ita-sca.
1229 2115 1337 2171 480
1371 2118 1598 2186 Sparsis
1624 2115 1773 2167 multi
1799 2135 1828 2168 a
1861 2114 2037 2168 Pierio
2074 2124 2130 2167 et
2166 2114 2233 2165 ab
2275 2112 2454 2165 Heins.
2491 2111 2750 2179 inspecti,

476 2196 534 2238 et
560 2183 643 2236 ed.
673 2186 808 2236 Veu.
878 2184 1011 2249 Sed,
1045 2204 1273 2257 sparsos
1299 2183 1471 2238 crines
1507 2185 1799 2238 furentibus
1818 2225 1832 2249 ,
1881 2184 2208 2257 supplicibus
2231 2201 2429 2255 passos
2457 2180 2750 2234 convenire

475 2255 756 2307 arbitratur
795 2255 967 2305 Burin.

1116 2256 1218 2310 481
1280 2253 1460 2306 nescio
1507 2273 1576 2306 an
1630 2254 1814 2307 melius
1869 2254 2192 2327 suppliciter
2215 2251 2482 2324 ferebam
2533 2251 2749 2319 iungas.

479 2323 636 2394 (Mihi
663 2322 796 2376 haec
828 2340 858 2373 a
900 2320 1178 2391 positionis
1206 2324 1327 2377 loco
1357 2324 1604 2377 habenda
1644 2336 1699 2376 et
1735 2324 2160 2395 interpunctione
2203 2342 2233 2373 a
2273 2322 2545 2392 superiore
2580 2339 2749 2372 versu

477 2392 769 2476 separanda
801 2391 852 2443 vi
894 2401 1075 2454 entur;
1110 2394 1434 2466 suppliciter
1469 2396 1660 2446 tristes
1702 2405 1871 2446 autem
1914 2393 1990 2446 ita
2027 2393 2370 2463 iungendum.
2408 2402 2465 2442 ut
2496 2393 2565 2441 sit
2595 2409 2749 2460 sup—

474 2464 776 2548 plwaneum
804 2462 973 2514 modo*
1000 2464 1219 2529 tristes,
1255 2472 1313 2513 ut
1344 2462 1398 2513 in
1436 2481 1637 2516 summo
1677 2481 1848 2517 rerum
1882 2463 2200 2516 discrimine.
2267 2467 2439 2530 Atque
2464 2460 2538 2512 sic
2574 2460 2750 2510 etiam

476 2552 533 2593 in
563 2529 804 2585 Mediceo
832 2542 887 2584 et
911 2530 1057 2602 Lips.
1082 2533 1191 2586 obl.
1218 2531 1474 2602 distingui
1501 2532 1677 2586 video.
1722 2532 1866 2602 W'r.)
1938 2546 2134 2587 tonsae
2155 2532 2222 2586 al.
2292 2534 2468 2583 tonsis
2490 2532 2748 2582 Parrhas-

475 2716 614 2790 post
666 2706 815 2767 alios
862 2708 1176 2766 evicerunt
1223 2704 1563 2767 Valckena-

475 2795 602 2855 rius
645 2803 708 2853 et
750 2792 1038 2870 Beckius‚
1084 2793 1154 2853 V.
1206 2793 1300 2870 C.,
1348 2801 1565 2855 auctor

474 2878 678 2939 Rhesi.
763 2879 914 2939 Nam
951 2899 1009 2939 v.
1039 2883 1166 2945 600
1185 2876 1414 2945 —604
1456 2878 1566 2939 Vix

477 2985 549 3027 eo
590 2967 818 3024 referre
861 2964 1069 3044 possis.
1155 2963 1240 3023 At
1268 2974 1566 3025 memorat

477 3069 609 3109 eam
630 3070 780 3124 rem,
808 3060 1112 3128 tamquam
1140 3052 1386 3111 oraculo
1414 3071 1567 3130 pro-

479 3133 697 3211 ditum,
738 3133 1015 3195 Eustath.
1061 3143 1124 3194 et
1161 3134 1361 3197 Schol.
1393 3135 1475 3194 ad
1506 3161 1563 3213 κ,

478 3220 624 3295 435,
675 3241 789 3281 nec
823 3240 947 3281 non
971 3223 1143 3280 Serv.

563 3304 951 3372 474—478.
997 3307 1081 3365 De
1121 3309 1320 3366 Troilo
1348 3325 1409 3368 v.
1435 3308 1565 3367 Ex-

479 3411 635 3451 curs.
691 3391 770 3451 ad
813 3391 874 3452 h.
914 3412 976 3453 v.
1048 3393 1414 3473 congressus
1464 3392 1567 3454 hic

480 3478 698 3538 Priami
712 3476 870 3537 filius
899 3478 963 3538 in
993 3498 1183 3538 curru
1201 3499 1339 3539 cum
1355 3478 1566 3539 Achil-

479 3564 555 3639 le,
599 3573 741 3623 ante
772 3564 974 3624 Iliadis
1004 3575 1294 3644 tempora,
1341 3565 1565 3625 vulne-

479 3668 547 3710 re
582 3658 826 3731 accepto
860 3651 1169 3710 exciderat
1201 3658 1407 3728 curru,
1452 3670 1565 3731 pe-

482 3735 660 3795 dibus
698 3737 855 3796 inter
880 3737 1012 3796 lora
1033 3737 1353 3818 impeditis,
1380 3737 1468 3796 ita
1489 3747 1565 3797 ut

481 3821 694 3900 supina
744 3822 975 3882 cervice
1026 3822 1377 3883 traheretur
1394 3867 1411 3899 ‚
1456 3845 1562 3882 at*-

481 3911 598 3965 nu‘s
629 3911 896 3983 amissis,
931 3909 1119 3990 clipeo
1147 3929 1224 3969 ex
1249 3929 1433 3969 manu
1465 3909 1564 3968 di-

480 3992 662 4053 misso
677 4015 698 4071 3
740 4013 880 4053 nam
904 3994 1141 4055 hastam
1170 3996 1433 4071 tenebat,
1457 3995 1567 4054 sed

479 4079 780 4139 inversam
801 4124 818 4153 ,
860 4089 934 4139 ut
980 4081 1131 4141 adeo
1180 4101 1289 4162 per
1341 4091 1565 4142 terram

480 4173 678 4225 mets
717 4165 820 4225 illa
862 4166 1060 4227 sulcos
1098 4168 1341 4228 faceret.
1428 4167 1565 4228 Non

477 4251 640 4312 enim
671 4252 951 4313 secedam
979 4254 1209 4329 Servio,
1256 4254 1362 4333 qui
1382 4254 1567 4314 'rmi-

481 4338 609 4397 lum
633 4336 870 4398 hastam
899 4339 1162 4414 Achillis,
1206 4359 1323 4417 qus
1359 4348 1567 4401 stans-

1647 2707 1808 2768 fixus
1847 2715 2000 2783 erat,
2041 2707 2284 2767 vulneri
2323 2706 2747 2766 inhaerentem

1646 2792 1903 2853 traxisse
1929 2794 2033 2853 ait.
2117 2793 2312 2852 Aliter
2339 2792 2497 2852 enim
2534 2811 2748 2852 enun-

1648 2880 1799 2939 tiata
1826 2887 2023 2938 essent
2052 2878 2183 2938 illa:
2231 2893 2288 2937 et
2326 2900 2494 2937 versa
2522 2880 2749 2956 pulvis

1648 2964 1991 3025 inscribitur
2011 2964 2213 3023 hasta.
2308 2965 2579 3023 Observa
2626 2986 2748 3024 au·

1648 3061 1770 3110 tem
1835 3059 2075 3130 poetam
2133 3050 2413 3110 recedere
2464 3070 2499 3107 a
2564 3070 2748 3111 more

1646 3137 1987 3213 Homerico,
2032 3156 2152 3215 quo
2191 3135 2430 3210 heroes,
2475 3136 2579 3214 qui
2621 3156 2743 3216 pu-

1645 3232 1834 3303 guant
1882 3222 1957 3281 de
2001 3242 2222 3297 curru,
2280 3221 2509 3281 habent
2552 3223 2744 3282 alium

1648 3309 1753 3388 qui
1806 3317 1975 3387 regat
2020 3328 2240 3386 equos3
2310 3329 2447 3368 nam
2496 3308 2749 3368 Troilus

1648 3395 1811 3455 solus
1837 3404 1898 3453 et
1936 3413 2202 3474 pugnare
2232 3403 2292 3452 et
2321 3413 2524 3474 regere
2551 3414 2750 3472 equos

1651 3478 1876 3540 debuit.
1946 3479 2264 3539 Notandus
2289 3500 2529 3559 quoque
2566 3481 2752 3540 locus

1648 3575 1900 3648 propter
1921 3575 2310 3629 monumenta
2330 3567 2476 3627 artis
2490 3567 2752 3645 priscae,

1649 3654 1710 3712 in
1742 3653 1960 3730 quibus
1990 3650 2170 3711 heros
2206 3652 2355 3729 bigis
2395 3653 2597 3711 fertur
2627 3651 2751 3711 ha-

1649 3737 1832 3797 benas
1861 3747 1925 3797 et
1955 3738 2231 3816 clipeum,
2258 3739 2357 3798 vel
2382 3737 2651 3798 habenas
2680 3750 2753 3797 et

1645 3823 1882 3884 hastam
1912 3833 2143 3886 tenens.

1733 3906 2123 3974 479-482.
2181 3909 2274 3968 Ex
2313 3908 2481 3968 Iliad.
2523 3911 2569 3982 ζ,
2611 3913 2753 3974 269

1647 3999 1895 4069 —812,
1919 3995 2027 4054 ubi
2057 3995 2284 4054 Heleno
2312 4005 2596 4054 monente
2612 3994 2755 4053 He-

1649 4089 1782 4141 ctor
1825 4080 1902 4139 sd
1944 4081 2159 4140 urbem
2198 4100 2504 4160 regressus
2533 4080 2755 4140 Hecu·

1648 4167 1788 4226 bam
1836 4166 1917 4226 sd
1978 4167 2286 4226 Minervae
2336 4167 2633 4246 templum
2678 4165 2754 4226 in

1650 4252 1919 4333 acropoli
1985 4253 2388 4313 Troianas-um
2427 4263 2757 4313 matrona-

1649 4358 1790 4398 rum
1821 4337 2148 4420 (Iliadwn)
2180 4359 2466 4419 pompam
2497 4339 2758 4407 dum
