2882 5028
935 341 1017 416 P.
1071 338 1602 416 VIRGILII
1653 338 2222 415 MARONIS

453 528 953 630 Idaeumque
985 586 1007 625 ‚
1094 526 1333 603 etiam
1406 548 1685 603 currus
1715 586 1737 622 ‚
1831 526 2074 603 etiam
2145 547 2363 604 arma
2429 537 2713 600 tenen-

1620 641 1813 704 tem.

2570 634 2715 710 485

457 736 988 813 Circumstant
1019 732 1328 808 animae
1365 730 1636 808 dextra
1665 732 2052 835 laevaque
2086 730 2589 832 frequentes..

451 842 620 916 Nec
647 837 934 914 vidisse
956 835 1211 912 semel
1241 836 1423 912 satis
1458 850 1606 913 est:
1645 837 1857 912 iuvat
1884 861 2142 937 usque
2167 838 2501 927 morari,

448 946 551 1019 Et
595 939 965 1018 conferre
993 939 1364 1039 gradum,
1423 953 1504 1016 et
1533 939 1905 1017 veniendi
1935 940 2241 1016 discere
2274 964 2612 1019 caussas,

448 1051 552 1123 At
571 1050 935 1122 Danaum
953 1068 1352 1144 procere5‚
1389 1046 2232 1144 Agamemnoniaeque
2260 1041 2713 1142 phalanges,

449 1153 559 1227 Ut
584 1149 858 1224 videre
886 1148 1168 1244 virum,
1198 1146 1748 1249 fulgentiaque
1775 1173 1991 1223 arma
2016 1172 2164 1248 per
2189 1145 2555 1246 umbraS,
2574 1156 2714 1227 490

447 1254 763 1351 Ingenti
792 1252 1192 1353 trepidare
1222 1265 1485 1345 metm
1537 1277 1719 1352 pars
1749 1255 2331 1346 vertere'terga‚

451 1359 624 1435 Ceu
662 1356 1076 1456 quondam
1100 1357 1409 1456 petiere
1436 1356 1655 1444 ratis;
1708 1381 1886 1455 pars
1915 1353 2201 1431 tollere
2234 1376 2541 1428 vocem

444 1462 861 1556 Exiguam:
900 1462 1262 1560 inceptus
1291 1459 1596 1535 clamor
1623 1457 2041 1562 frustratur
2071 1458 2379 1533 hiantiS.

551 1568 815 1665 Atque
851 1563 978 1638 hic
1017 1563 1473 1640 Priamiden
1503 1561 1883 1638 laniatum
1918 1584 2261 1662 corpore
2298 1571 2488 1635 toto

584 1716 689 1773 485
721 1711 954 1782 Ἰδαῖος,
1004 1718 1116 1771 cive
1150 1719 1359 1771 Daretis
1394 1719 1433 1769 f.
1469 1735 1516 1771 v.
1553 1717 1704 1770 mad.
1758 1734 1804 1785 ε,
1854 1719 1940 1773 11.
1992 1718 2081 1780 20,
2126 1715 2237 1767 sive
2285 1714 2481 1782 auriga
2537 1715 2714 1767 Primi

445 1787 596 1839 Iliad.
631 1805 697 1855 ω,
734 1789 856 1853 325,
891 1788 1035 1871 quod
1070 1790 1262 1841 verine.
1332 1808 1436 1858 que
1471 1788 1625 1839 abeat
1659 1804 1688 1838 a
1724 1797 1849 1839 tert.
1885 1785 2135 1838 Rottend.
2208 1797 2264 1835 et
2296 1786 2502 1836 iam—
2524 1798 2581 1836 et
2614 1789 2708 1836 im

442 1856 652 1908 divisim
688 1858 926 1909 nonnulh
965 1857 1218 1910 scribunt.
1289 1858 1395 1909 Sed
1444 1859 1607 1908 etiam
1641 1856 1921 1908 Cledonius
1970 1854 2370 1907 demonstrandi
2420 1854 2537 1905 vim
2587 1855 2640 1908 h.
2679 1854 2712 1908 l.

443 1926 675 1993 habere,
711 1928 919 1980 Servius
955 1938 1128 1979 autem
1162 1946 1276 1980 cum
1306 1928 1515 1978 Donato
1551 1945 1649 1995 per
1683 1927 1866 1977 adhue
1896 1925 2348 1994 interpretandum
2378 1940 2506 1976 esse
2527 1936 2710 1976 mouet.

441 1996 723 2048 Enimvero
760 1999 921 2049 otiam
958 2010 1039 2048 ent
1070 2014 1202 2065 pro,
1253 1997 1550 2050 etiamnum.
1621 2014 1842 2047 currum
1889 1998 2040 2047 Rom.
2089 2012 2206 2046 cum
2257 1992 2385 2044 aliia
2433 2012 2470 2044 a
2522 2013 2591 2045 m.
2640 2012 2710 2062 pr.

564 2064 700 2118 Pier.
771 2084 971 2117 currus
1003 2069 1338 2137 atque-ven.
1407 2085 1453 2117 c.
1487 2068 1702 2135 iamque
1737 2064 1897 2117 Goth.
1933 2074 2060 2116 tert.
2131 2074 2387 2114 tenentes
2434 2080 2530 2131 ap.
2578 2068 2711 2116 Serv.

441 2084 642 2253 Ξξίκ,
675 2136 799 2189 373.

688 2203 794 2259 487
827 2207 968 2256 satis
1001 2205 1170 2255 semel
1204 2219 1291 2257 est
1324 2223 1405 2273 pr.
1441 2206 1628 2257 Hamb.

440 2290 556 2325 cum
591 2272 674 2322 ed.
712 2275 845 2326 Ven.
883 2291 947 2324 ex
978 2273 1072 2323 lib.
1110 2277 1150 2337 1,
1185 2272 1307 2329 414.
1378 2275 1559 2325 dicere
1594 2274 1676 2325 ed.
1719 2275 1852 2329 lunt.

440 2342 525 2392 ed.
560 2344 696 2394 lunt.
764 2344 953 2394 Danai
984 2341 1184 2396 zulich.
1218 2360 1267 2395 v.
1308 2343 1378 2394 ad
1412 2346 1550 2407 vm,
1582 2347 1697 2399 161.
1727 2345 2001 2394 Burmann.

1348 2413 1585 2481 (-492.
1621 2425 1775 2465 rates
1819 2413 2011 2464 Medic.
2067 2412 2215 2476 Wr.)

437 2412 624 2461 Hamb.
667 2428 715 2463 v.
752 2429 867 2495 sup.
901 2410 1007 2466 452
1042 2420 1098 2462 et
1133 2413 1276 2464 alibi.

937 2135 1042 2189 486
1063 2134 1373 2205 frementes
1404 2136 1540 2188 Gud.
1595 2154 1626 2186 ει
1658 2152 1728 2187 m.
1763 2153 1844 2203 pr.
1905 2134 2278 2206 frequentant
2315 2132 2560 2183 Dorviu.
2587 2153 2618 2184 a
2651 2151 2710 2183 m.

1766 2205 1873 2259 488
1899 2222 2132 2276 poscere
2164 2204 2320 2255 Rom.
2359 2213 2415 2254 et
2451 2202 2549 2253 alii
2583 2202 2710 2255 Pier.

1990 2272 2097 2328 489
2128 2276 2202 2322 Et
2239 2276 2307 2322 D.
2353 2272 2573 2342 aliquot
2604 2290 2712 2323 eun

2137 2341 2248 2395 490
2288 2342 2550 2393 umbram
2584 2342 2711 2393 alter

2358 2413 2476 2467 493
2521 2415 2711 2463 Incer-

438 2493 532 2534 tus
566 2480 770 2533 Nonius
804 2499 858 2533 m
895 2482 1069 2534 hiare.
1138 2482 1332 2536 similia
1367 2483 1592 2535 varietas
1627 2500 1742 2551 sup.
1778 2500 1826 2535 v.
1863 2483 1984 2538 270.
2053 2483 2343 2551 Inceptum
2379 2483 2599 2552 Menag.
2633 2499 2707 2549 pt.

422 2549 736 2622 frustravit
770 2554 933 2604 Goth.
969 2570 1080 2621 pr.;
1133 2553 1295 2605 tertio
1344 2554 1498 2605 deest
1541 2570 1645 2606 vox
1687 2552 1891 2605 ultima.

437 2632 611 2673 totum
646 2640 728 2691 pr.
759 2623 947 2675 Hamb.

436 2744 639 2803 ordine
667 2766 779 2826 pro
801 2745 1067 2825 vulgari,
1112 2745 1332 2825 ingenti
1361 2743 1523 2805 mul-

432 2830 727 2905 titudine,
753 2842 826 2891 ut
849 2833 922 2907 Π,
956 2835 1098 2897 766.
1125 2834 1293 2892 Serv.
1378 2833 1524 2898 483.

434 2917 594 2975 Sunt
636 2917 1037 2978 Troianorum
1091 2918 1335 2977 nomine
1359 2962 1376 2992 ,
1448 2918 1523 2976 de

432 3002 651 3078 quibus
689 3004 814 3064 vid.
843 3006 982 3064 Var.
1027 3005 1183 3062 Lect.
1223 3007 1407 3061 etiam
1435 3037 1523 3049 --

432 3090 615 3145 etiam
647 3089 838 3171 simpl.
868 3111 978 3171 pro
1006 3090 1348 3155 etiamnum.
1395 3086 1521 3169 (Si-

430 3172 649 3231 militer
672 3175 776 3234 Ge.
804 3176 903 3248 ΙΙΙ,
936 3179 1107 3240 189.:
1150 3175 1517 3250 „1nvalidus,

431 3259 794 3338 etiamque
824 3271 1114 3338 tremens,
1160 3261 1519 3319 etiamin-

429 3343 586 3402 scius
641 3347 832 3409 aevi.“
886 3346 1057 3428 Wr.)
1178 3346 1321 3410 487.
1367 3348 1516 3410 488.

428 3428 507 3486 ad
553 3431 780 3492 animas
836 3433 1150 3494 referenda
1198 3452 1320 3490 esse
1382 3432 1515 3511 quis

428 3514 711 3577 dubitet?

510 3602 638 3667 489
669 3640 748 3651 —-
781 3602 926 3666 493.
1006 3603 1169 3662 Inter
1223 3602 1516 3662 feliciores

424 3685 605 3746 huius
644 3688 782 3748 libri
811 3689 974 3747 locos
1004 3708 1322 3748 numerare
1352 3690 1514 3748 soleo

422 3771 607 3833 hunc.
693 3776 1048 3854 Opinionem
1102 3778 1373 3854 profecto
1438 3775 1513 3834 de

422 3856 655 3919 Aeneae
705 3863 933 3921 virtute
984 3862 1133 3921 facit
1200 3881 1511 3922 summam.

420 3945 543 4004 Nec
571 3955 773 4006 tamen
807 3947 1083 4026 Virgilius
1121 3946 1296 4007 aliter
1328 3966 1510 4024 quam

420 4031 668 4092 Homeri
738 4033 1073 4094 imitatione
1120 4032 1183 4091 in
1235 4036 1508 4113 praecla-

419 4138 556 4178 rum
604 4118 723 4178 hoc
776 4115 1102 4198 φάντασμα
1153 4119 1383 4178 incidit.
1444 4140 1504 4180 v.

416 4203 638 4284 Odyss.
679 4210 732 4282 λ,
772 4204 916 4280 604,
957 4204 1062 4264 ubi
1122 4204 1197 4262 de
1246 4205 1505 4265 Hercule

417 4290 579 4348 inter
617 4291 839 4351 Mance.
933 4291 1058 4350 Ceu
1096 4291 1402 4370 quondam
1443 4312 1502 4351 v.

417 4374 583 4434 llied.
619 4383 688 4452 θ,
720 4378 820 4441 75.
872 4400 923 4452 o,
977 4380 1104 4441 320
1152 4396 1278 4455 sqq.
1369 4380 1501 4436 exi-

2029 2550 2135 2605 494
2179 2557 2369 2620 Atque
2418 2550 2507 2604 ibi
2549 2553 2707 2606 Witt.

1606 2765 1806 2823 guam
1847 2765 2080 2820 vocem,
2128 2738 2391 2825 τρισμδν
2433 2744 2700 2824 intellige.

1609 2830 1734 2891 vid.
1772 2830 1989 2910 Odyse.
2018 2853 2085 2906 ω,
2111 2832 2151 2894 5
2183 2850 2313 2908 sqq.
2377 2830 2538 2890 Vide
2566 2851 2692 2891 vere

1608 2936 1685 2976 ne
1716 2935 1792 2975 ex
1814 2926 2025 2977 nostro
2066 2935 2274 2974 rerum
2321 2934 2517 2975 sensu
2565 2915 2696 2976 haec

1609 3002 1927 3077 diiudicee,
1984 3011 2092 3061 aut
2137 2999 2506 3080 pluant-ama
2562 3003 2697 3061 alie·

1605 3108 1753 3147 num
1786 3088 1861 3147 de
1889 3097 1999 3147 tuo
2025 3087 2273 3146 inseras:
2319 3087 2554 3166 alioqui
2591 3088 2700 3146 ad-

1603 3182 1838 3253 spectus
1863 3173 2179 3249 hiscentis‚
2222 3192 2367 3249 nec,
2397 3194 2548 3234 cum
2579 3195 2700 3234 ma-

1602 3260 1762 3318 xime
1794 3260 1941 3320 velit
1958 3304 1975 3337 ,
2020 3260 2178 3317 clara
2206 3277 2359 3318 voce
2387 3259 2567 3339 loqui
2593 3281 2701 3319 vu-

1602 3345 1817 3422 lentis,
1876 3348 1926 3406 si
1973 3345 2053 3405 ad
2091 3345 2413 3405 oculorum
2459 3366 2701 3406 sensum

1600 3451 1873 3508 revoces,
1931 3433 2118 3491 risum
2166 3450 2418 3491 movere
2466 3443 2702 3513 poten

1602 3518 1860 3577 alienum
1904 3536 2170 3596 quoque,
2216 3517 2293 3576 de
2322 3517 2534 3578 Aenea
2563 3521 2698 3579 elin

1601 3604 1675 3662 ab
1718 3602 1947 3663 Achille
1991 3605 2154 3664 victo
2202 3603 2489 3681 cogitare.
2581 3607 2701 3665 Re-

1598 3690 1881 3749 tinendae
1951 3698 2014 3748 et
2077 3689 2499 3750 revolvendae
2557 3702 2698 3751 sunt

1599 3776 1796 3836 animo
1839 3774 2112 3834 notiones
2151 3784 2432 3836 veterum
2493 3776 2700 3838 hom·

1596 3882 1771 3937 num,
1799 3881 1950 3939 quae
1978 3862 2330 3921 obversatae
2355 3873 2512 3922 sunt
2549 3883 2696 3943 poe·

1595 3957 1695 4006 tae
1725 3949 1950 4008 animo:
1990 3946 2412 4027 philosophico
2456 3950 2696 4009 acuni-

1592 4054 1668 4093 ne
1694 4034 1785 4092 uti
1810 4056 1935 4094 non
1961 4033 2102 4092 licet
2130 4035 2193 4093 in
2220 4044 2404 4112 poeta
2423 4078 2445 4109 ‚
2493 4056 2696 4113 quen-

1592 4119 1673 4179 do
1713 4129 1773 4178 te
1820 4139 1918 4179 res
1946 4119 2026 4178 ad
2062 4139 2301 4179 sensum
2329 4140 2696 4202 moremque

1589 4215 1854 4265 revocat.
1930 4244 1950 4256 ·

1674 4290 1818 4356 494.
1878 4290 2162 4369 Sequitur
2222 4290 2566 4373 episodium
2617 4291 2694 4350 de

1587 4377 1909 4456 Deipbobo
1926 4422 1947 4453 ,
1976 4378 2039 4437 in
2065 4397 2184 4457 quo
2211 4380 2558 4457 argumenti
2589 4378 2692 4437 di·
