2882 5028
711 287 1320 364 AENEIDOS
1374 287 1585 363 Lm.
1640 289 1735 385 v,
1789 293 2069 366 6—24

249 474 682 575 Conligere
746 500 964 551 arma
1021 474 1243 551 iubet
1271 533 1294 573 ‚
1356 471 1792 575 validisque
1857 473 2321 552 incumbere
2376 501 2506 553 re-

1406 577 1559 652 mis
1572 612 1593 670 ς

2410 586 2505 659 15

254 679 806 782 Obliquatque
842 682 1055 757 sinus
1092 681 1171 756 in
1203 696 1572 778 ventum,
1625 704 1712 756 ac
1736 678 1918 755 talia
1952 679 2201 759 faturz

244 784 753 883 Magnanimo
790 792 1056 861 Aenea
1078 843 1100 878 ‚
1151 810 1359 883 non,
1412 786 1476 860 si
1513 784 1709 860 mihi
1740 784 2098 884 Iuppiter
2128 799 2403 862 auctor

248 886 700 988 spondeat,
753 888 910 964 hoc
945 913 1265 989 sperem
1302 888 1605 967 Italiam
1644 889 2105 986 contingere
2134 889 2385 971 coelo,

246 993 531 1069 Mutati
566 1005 1002 1068 transversa
1034 990 1430 1087 fremunt,
1487 1005 1567 1068 et
1596 1015 1928 1093 vespere
1962 989 2058 1066 ab
2097 1005 2267 1067 atro

245 1097 761 1193 Consurgunt
796 1096 1048 1189 venti,
1101 1109 1338 1197 atque
1377 1097 1459 1170 in
1486 1095 1791 1171 nubem
1821 1096 2127 1193 cogitur
2154 1120 2307 1174 aer.
2397 1108 2500 1177 20

241 1202 414 1275 Nec
452 1223 601 1274 nos
632 1196 883 1275 obniti
912 1212 1218 1296 contra,
1273 1224 1422 1275 nec
1457 1198 1794 1275 tendere
1829 1212 2139 1274 tantum

245 1301 408 1378 Sus
402 1301 731 1381 ficimus,

242 1410 593 1507 Quoque
619 1418 887 1501 vocat,
938 1419 1337 1482 vertamus
1375 1406 1544 1486 iter.

839 1304 1177 1404 Superat
1207 1304 1591 1404 quoniam
1622 1305 2012 1397 Fortuna,
2046 1326 2498 1403 sequamur,

1649 1412 1814 1483 Nec
1846 1405 2075 1481 litora
2106 1404 2347 1506 longe

235 1509 436 1586 Fida
468 1534 657 1586 reor
679 1506 1026 1586 fraterna
1049 1512 1352 1609 Erycis,
1403 1523 1849 1612 portusque
1884 1511 2230 1605 Sicano&

393 1733 459 1786 16
494 1734 671 1785 einum
708 1735 951 1803 Longob.

233 1801 480 1854 Pax-rhus.
521 1804 758 1867 Dor-vill„
807 1804 1145 1874 interpolate.

232 1873 398 1923 Voss.
428 1883 481 1922 et
511 1873 760 1925 Rottend.
789 1893 894 1928 nec.
930 1876 1036 1928 Sed
1065 1875 1329 1943 vulgatum
1357 1875 1642 1926 orna-tius.
1680 1874 1838 1943 (Vide

1094 1738 1159 1793 18
1190 1738 1525 1807 coniungere
1549 1737 1734 1787 Franc.
1762 1770 1769 1799 Ξ
1798 1725 1917 1807 Ῐεᾳο
1927 1799 1938 1809 ι
1940 1735 2149 1807 possim
2174 1737 2219 1786 I.
2251 1754 2299 1787 c.
2328 1749 2497 1789 vento

1288 1808 1354 1862 19
1393 1804 1462 1857 ab
1486 1806 1602 1858 'aleo
1632 1802 1908 1923 Μεᾶἰεφΐὲ
1928 1821 1997 1857 m.
2022 1822 2126 1856 sec.
2154 1803 2325 1857 Colot.
2358 1804 2496 1856 alter

1912 1868 2085 1941 possit
2117 1874 2235 1925 alto
2261 1892 2291 1925 a
2322 1873 2496 1925 libra-

233 1940 362 2003 riis,
408 1941 792 2007 nescientibus,
846 1944 973 2014 quid
1006 1943 1075 1997 eit
1112 1945 1267 1997 aleus
1303 1963 1524 2015 vesper,
1572 1942 1625 1994 in
1674 1957 1800 1996 atro
1835 1952 2109 1995 mutatum.
2194 1945 2291 1994 Est
2316 1954 2490 1995 antem

234 2029 468 2081 vespere
492 2010 562 2062 ab
593 2014 712 2065 aleo
735 2012 771 2065 i.
803 2032 854 2082 q.
892 2014 960 2066 ab
993 2014 1307 2066 occidentali
1335 2014 1491 2096 plaga
1535 2012 1687 2064 coeli.
1756 2014 1952 2064 Verum
1991 2029 2241 2081 nusquam
2282 2012 2493 2064 memini

232 2089 490 2130 ventos
525 2081 762 2147 acoelo,
798 2082 1044 2148 aethere,
1080 2083 1266 2135 misto·
1299 2084 1404 2135 dict
1448 2083 1589 2150 apud
1631 2082 1855 2150 Virgil.;
1902 2091 1958 2132 et
2001 2080 2089 2133 vix
2136 2082 2349 2134 dubium
2392 2092 2491 2147 est,
2572 2104 2579 2109 ¹

229 2148 360 2218 quin
393 2149 717 2202 Homericum
745 2147 921 2219 ζόφος
949 2147 1172 2221 dentiae
1195 2154 1486 2221 exprimere
1513 2162 1673 2233 poeta
1697 2150 1935 2233 voluerit.
1954 2152 2118 2232 Wr.)·

1084 2225 1150 2276 21
1191 2221 1375 2275 obnixi
1402 2221 1641 2291 plerique
1686 2222 1823 2273 Pter.
1864 2231 1919 2272 et
1955 2219 2178 2272 Dorvxll.
2248 2239 2423 2290 neque
2451 2235 2491 2275 t.

228 2223 266 2270 S
311 2227 436 2281 rot„
469 2219 564 2269 sed
591 2238 638 2273 v,
668 2223 943 2273 Burmann.

227 2237 440 2357 afiquot
465 2288 600 2342 Pier.

739 2293 809 2345 22
838 2310 944 2361 quo
973 2310 1083 2343 mm
1119 2310 1197 2361 pr.
1228 2292 1483 2343 Rottend.
1551 2292 1804 2362 quoniam
1832 2303 2062 2360 superae
2090 2292 2223 2343 Veu.
2278 2291 2489 2357 (Medic.

227 2369 462 2439 euperpa
492 2361 644 2409 Fon.
679 2358 751 2411 ita
777 2360 1132 2431 superscripto
1121 2364 1448 2485 guertium,
1483 2369 1542 2411 ut
1570 2368 1698 2428 post
1732 2372 1959 2431 superat
1982 2357 2231 2415 collocari
2257 2354 2489 2412 voluisse

225 2426 501 2478 librarium
530 2440 794 2497 appareat.
834 2431 983 2512 uss.)

1229 2433 1456 2500 Quaque
1480 2429 1717 2480 Parthae.
1792 2433 1977 2495 Quove
2003 2427 2162 2480 Goth.
2189 2438 2309 2480 tert.
2382 2448 2488 2481 va-

226 2509 323 2549 eat
356 2496 547 2548 Medic.
595 2501 647 2566 (a
673 2517 739 2552 m.
804 2517 865 2562 r.‚
901 2517 937 2551 1.
971 2518 1018 2552 e.
1045 2518 1149 2568 quo
1182 2500 1337 2552 eundi
1364 2499 1517 2551 nobi·
1546 2509 1784 2568 potestas
1811 2497 1997 2550 relicta
2039 2507 2148 2560 est5
2196 2509 2253 2551 at
2282 2498 2360 2551 uic
2386 2519 2489 2551 νο-

224 2579 323 2619 cat
357 2565 412 2617 in
456 2567 641 2618 eodem
684 2586 746 2620 co
788 2606 803 2621 .

836 2568 890 2620 in
922 2582 1085 2621 vacas
1127 2571 1467 2636 depravatum
1512 2570 1608 2621 Ge.
1657 2571 1742 2632 111,
1776 2567 1863 2624 43.
1898 2574 2025 2620 Aen.
2048 2569 2141 2630 IV,
2175 2571 2297 2624 288.
2340 2570 2485 2636 Wr.)

224 2648 519 2687 vereamur
558 2637 799 2690 Parthas.
883 2652 1157 2691 vertemus
1207 2639 1370 2690 Goth.
1413 2638 1566 2689 alter.
1637 2639 1765 2691 ,Non
1800 2638 1838 2689 1.
1869 2639 2002 2688 Ven-

2140 2638 2212 2691 24
2234 2637 2490 2707 fraterni

223 2703 369 2757 coni.
404 2704 613 2769 Ἠοίαις
650 2707 755 2759 duo
791 2707 996 2760 scilicet
1031 2707 1268 2777 epitheta
1304 2708 1659 2760 offendebant.
1730 2706 1947 2775 (Eadem
1981 2705 2049 2757 de
2083 2723 2142 2757 re
2176 2724 2243 2757 ne
2277 2708 2485 2825 sazpiue

225 2774 300 2825 eit
344 2773 622 2827 dicendum
644 2814 658 2839 ‚
694 2787 862 2828 totam
897 2795 1098 2829 causam
1131 2777 1309 2845 paucis
1347 2777 1687 2846 complectar.
1759 2776 1875 2826 Duo
1905 2773 2143 2843 epitheta
2174 2793 2279 2825 non
2309 2792 2340 2824 o
2385 2793 2482 2826 en-

222 2844 387 2896 dunt:
450 2843 513 2912 ·1)
550 2845 639 2896 ubi
678 2847 896 2898 alterum
933 2846 1003 2898 ad
1053 2847 1246 2899 claram
1297 2847 1689 2917 perfectamque
1733 2843 2042 2897 substantivi
2075 2843 2346 2896 notionem
2382 2862 2481 2896 ne-

219 3037 372 3102 422-
415 3033 561 3100 428.
678 3035 790 3117 (-
819 3037 915 3103 14.
961 3039 1062 3097 Sic
1103 3038 1312 3097 dein-

217 3124 312 3180 de
356 3123 589 3180 locuta
617 3122 798 3197 iubet,
817 3124 893 3183 cs.
913 3124 993 3198 Q.
1027 3122 1096 3183 V.
1116 3125 1310 3199 XXV,

218 3212 282 3272 7.
322 3217 386 3266 et
414 3207 482 3266 V.
510 3208 574 3267 L.
603 3208 680 3266 ad
708 3210 853 3268 Aen.
885 3209 930 3285 1,
981 3210 1119 3274 195.
1142 3206 1308 3293 Wr.)

317 3293 415 3357 15.
451 3296 546 3356 16.
592 3315 767 3352 arma
807 3292 868 3353 11.
909 3295 948 3354 l.
995 3294 1128 3354 vela
1157 3316 1307 3354 con—

214 3376 467 3438 trahere
492 3379 674 3438 iubet.
759 3381 860 3439 Sic
883 3375 1042 3444 ὅπλα
1077 3380 1152 3438 de
1183 3400 1307 3440 uno

216 3458 430 3528 ὅπλων
461 3462 580 3524 hoc
612 3485 822 3543 genere
864 3466 1026 3547 apud
1054 3465 1298 3525 Homer.

213 3569 278 3610 v.
322 3549 535 3609 Corda.
606 3550 893 3630 Obliquat
921 3554 1088 3610 sinus
1125 3552 1300 3611 veio-

131 3680 135 3683 <
211 3655 356 3695 mm
382 3639 447 3693 in
479 3649 740 3711 ventum,
766 3646 1114 3697 nostrorum
1141 3658 1298 3697 nau-

209 3729 414 3780 tarum·
459 3723 728 3781 Lavit-en
747 3767 765 3796 ,
817 3731 1000 3782 vento
1044 3723 1298 3784 adverso

209 3826 340 3866 non
374 3806 522 3866 totis
551 3807 697 3866 velis
720 3818 985 3888 accepto,
1031 3809 1299 3868 sedtan-

209 3901 347 3953 tum
375 3909 452 3950 ex
493 3891 768 3972 obliquo,
828 3913 903 3952 ne
940 3893 1040 3953 ille
1087 3914 1298 3974 magna

206 3977 276 4038 vi
343 3977 586 4038 irruens
645 3997 860 4040 navem
920 3979 1172 4040 nimium
1222 3980 1299 4040 de

207 4084 395 4124 cursu
448 4063 748 4124 deflectat.
849 4064 999 4125 Mox
1046 4070 1126 4131 17
1177 4087 1296 4125 au-

204 4164 336 4208 ctor
377 4149 563 4211 etiam
607 4149 668 4210 11.
716 4150 757 4211 1.
797 4160 1048 4211 ornatus
1089 4169 1300 4211 caussa

202 4236 540 4312 adiectum3
569 4245 866 4314 quatenus
879 4237 1102 4316 aliquid
1116 4257 1295 4319 spon-

200 4323 306 4383 det
330 4344 403 4384 ac
428 4322 757 4404 promittit.

1487 3036 1755 3102 19—25.
1791 3034 2128 3095 Adversum
2155 3034 2339 3114 igitur
2368 3056 2481 3095 na-

1395 3122 1683 3201 vigationi
1722 3122 1785 3181 in
1830 3121 2056 3182 [taliam
2102 3130 2353 3181 ventum
2403 3122 2478 3182 ab

1396 3209 1707 3268 occidente
1762 3206 2097 3283 habebant;
2164 3216 2480 3267 transver-

1394 3294 1506 3352 sim
1530 3294 1629 3353 ille
1660 3294 1891 3373 spirans
1921 3312 2164 3353 cursum
2193 3293 2475 3353 retarda-

1392 3379 1517 3439 bat.
1602 3379 1693 3439 lta
1720 3379 1921 3440 malim
1954 3378 2241 3459 accipere,
2290 3399 2472 3456 quam

1384 3465 1465 3525 ad
1507 3464 1845 3544 aquilonem
1902 3485 2066 3524 nunc
2104 3474 2357 3524 ventum
2399 3466 2476 3524 ab

1384 3572 1599 3612 occasu
1637 3550 1943 3610 accessisse
1975 3559 2218 3629 putare3
2263 3570 2375 3609 nec
2412 3571 2476 3612 v.

1388 3642 1469 3702 16
1522 3636 1811 3716 Obliquat
1860 3639 2059 3711 smus,
2130 3654 2202 3695 eo
2252 3633 2475 3697 ducere

1381 3731 1600 3803 potest,
1635 3730 2054 3782 cum‚ventum
2087 3741 2119 3779 a
2148 3721 2317 3781 laeva
2346 3722 2473 3802 api-

1382 3818 1614 3868 rantem
1668 3807 1951 3886 designet.
2047 3807 2278 3865 tendere
2328 3821 2471 3867 tan-

1383 3907 1546 3970 tum,
1590 3902 1887 3972 quantum
1933 3892 2186 3951 adversa
2230 3901 2467 3972 tempe-

1381 3988 1504 4060 stas
1531 3979 1713 4042 valet.
1738 3980 1906 4038 Serv.
1997 3976 2097 4041 24.
2129 3977 2209 4037 ad
2236 3978 2466 4056 Drepa-

1384 4085 1529 4125 num
1557 4084 1617 4125 v.
1647 4085 1777 4145 sup.
1810 4062 1911 4138 111,
1942 4066 2072 4127 707
2088 4083 2213 4141 sqq.
2258 4063 2301 4138 1,
2319 4062 2466 4128 650.

1385 4152 1527 4217 195.
1575 4153 1735 4210 Fida
1766 4157 2016 4229 propter
2047 4145 2341 4221 Acestam,
2386 4147 2463 4208 cf.

1380 4235 1676 4297 Excurml
1706 4235 1783 4294 ad
1799 4233 1862 4295 11.
1890 4234 1989 4292 lib.
2042 4234 2219 4291 litora
2223 4232 2463 4311 frater*-

1377 4341 1464 4383 na
1507 4325 1751 4403 Erycis,
1809 4319 1909 4399 qui
1952 4319 2200 4399 Erycem
2248 4316 2463 4378 eondi-

2356 297 2509 369 727
2618 280 2626 289 '

2205 2154 2277 2207 20
2303 2152 2493 2204 aether
2578 2164 2581 2171 ⁴
