2882 5028
572 328 1450 430 AENEIDOS‘LIB.
1504 332 1604 428 113
1664 333 2109 412 692—'704

2318 344 2471 417 365

181 517 340 594 Hic
377 542 583 594 vero
617 518 869 594 victus
898 518 1217 616 genitor
1243 542 1328 594 se
1359 517 1568 595 tollit
1597 518 1696 595 ad
1746 544 1990 614 auraS,

192 620 715 725 Adfaturque
758 621 989 714 (1505,
1047 635 1128 696 et
1167 635 1529 698 sanctum
1561 623 1776 700 sidus
1810 624 2103 702 adorat.

2313 636 2469 707 700

189 730 363 801 lam
415 727 578 801 iarn
625 725 846 801 nulla
896 749 1125 802 mora
1185 739 1338 819 est;
1386 750 1720 826 sequor,
1778 740 1897 824 et,
1953 752 2108 829 qua
2161 728 2473 827 ducitiS,

1276 875 1283 884 -
1373 829 1678 908 adsum.

193 933 289 1007 Di
321 932 598 1033 patrii,
654 943 957 1005 servate
998 931 1375 1029 domum,
1423 947 1731 1008 servate
1763 941 2186 1033 nepotem!

197 1041 579 1113 Vestrum
613 1034 773 1108 hoc
803 1037 1245 1133 augurium,
1281 1050 1713 1138 vestroque
1745 1038 1826 1111 in
1855 1038 2192 1115 numine
2223 1040 2462 1115 Troia

1374 1153 1511 1218 est.

201 1207 430 1320 Cedo
492 1241 913 1341 equidem,
983 1265 1167 1336 nec,
1234 1256 1457 1340 nate,
1502 1242 1643 1319 tibi
1687 1267 1960 1324 comes
1999 1244 2115 1321 ire
2152 1269 2457 1325 recuso,

296 1390 475 1460 701.
520 1401 685 1456 EST.
793 1381 1141 1476 SEQuon,

332 1590 444 1645 699
480 1589 588 1639 His
622 1604 754 1638 vero
789 1603 871 1654 pr.
908 1586 1162 1639 Rottend.
1196 1604 1297 1655 pro
1332 1605 1440 1638 var.
1474 1587 1595 1639 lect.
1680 1607 1740 1640 55
1787 1586 1984 1639 tollere
2016 1588 2153 1640 Gud.
2189 1607 2219 1640 a
2254 1607 2321 1640 m.
2357 1608 2457 1660 pr„

198 1659 505 1727 eleganter,
539 1656 701 1707 modo
738 1656 908 1724 affari
939 1665 994 1706 et
1029 1657 1270 1708 adorare
1314 1655 1474 1740 sequi
1512 1666 1714 1726 posset.
1761 1657 1887 1723 (vid.
1936 1659 2003 1721 Q.
2051 1660 2120 1709 V.
2170 1660 2356 1724 XXX,
2403 1661 2455 1713 6.

201 1730 347 1796 Wr.)
427 1730 483 1778 in
538 1744 714 1779 auras
762 1724 852 1774 alii
905 1727 1046 1793 apud
1094 1726 1184 1776 Pie
1157 1725 1348 1788 erium5

193 1796 435 1850 nonnulli
471 1815 501 1847 a
541 1795 614 1847 ud
662 1795 915 1854 eundem,
978 1805 1032 1845 et
1076 1794 1293 1857 zulich„
1352 1796 1452 1846 sed
1497 1794 1601 1847 vid.
1655 1799 1928 1847 Burmann.

191 1870 377 1920 lumen
418 1816 625 1918 zufich.

188 1934 686 1998 401.Ec1.1x‚4.

193 2089 278 2127 eu
312 2078 527 2142 Menag.

193 2148 264 2198 V·
290 2146 606 2210 XXXVIII,
641 2144 693 2197 3·
739 2143 883 2209 Wr.)

289 2305 505 2366 699-
523 2299 670 2366 704.
702 2303 914 2376 victus,
940 2309 1281 2381 expugnata

203 2386 444 2447 tandem
476 2387 821 2447 voluntate.
907 2387 971 2445 ἑο
1006 2388 1164 2445 tollit
1196 2387 1287 2445 ad

198 2496 385 2534 aum-c
411 2495 525 2554 pro
568 2472 824 2554 simplici
841 2518 859 2549 ,
917 2491 949 2531 e
983 2481 1176 2533 strato
1220 2491 1281 2531 se

195 2561 452 2636 attollit,
523 2562 737 2638 surgit.
824 2558 1063 2640 affatur
1120 2560 1280 2631 cleos,

186 2656 494 2728 precatur.
588 2658 893 2724 vestroque
934 2648 998 2703 in
1041 2647 1284 2702 numine

200 2737 389 2791 Troia
446 2745 570 2791 ecc:
647 2750 901 2789 acumen
954 2731 1283 2809 tragicum.

186 2819 357 2898 quod
410 2817 656 2876 dubiam
711 2815 1036 2875 admodum
1082 2816 1281 2874 inter—

186 2906 597 2985 pretationem
640 2902 855 2978 habet,
916 2912 976 2960 et
1020 2901 1282 2961 insolens

187 3001 309 3051 est:
355 2995 420 3047 in
449 2993 698 3048 numine
725 3009 869 3047 esse.
952 2990 1105 3047 Cum
1135 2985 1284 3045 haec

184 3076 377 3136 verba
419 3076 750 3134 coniuncta
794 3074 915 3132 sint
958 3093 1096 3133 cum
1140 3072 1285 3131 illis:

204 3166 483 3220 Vestrum
532 3162 647 3219 Ιιοι·
691 3162 1047 3237 augurium,
1094 3167 1275 3237 poeta

196 3248 524 3306 declarasse
577 3245 853 3321 videtur,
913 3266 1131 3303 numen
1169 3244 1283 3323 ipsi

194 3334 371 3392 simili
396 3332 735 3411 significatu
767 3350 890 3390 esse
923 3330 1172 3402 dictum,
1217 3328 1280 3388 h.

197 3439 250 3481 e.
276 3440 387 3497 pro
417 3422 721 3497 augurio,
793 3420 1020 3492 omine,
1063 3425 1135 3474 ut
1176 3414 1284 3474 inf.

207 3504 374 3579 VH,
412 3508 557 3568 119.
659 3504 725 3562 In
784 3501 904 3561 hoc
951 3502 1147 3560 omine
1199 3513 1286 3559 est

207 3592 417 3664 Ίῖυιέι,
460 3589 522 3649 11.
564 3608 614 3648 e.
668 3590 862 3648 fatum
906 3588 1155 3662 Troiae,
1201 3595 1282 3661 et,

188 3674 358 3754 quod
386 3695 456 3734 ex
487 3676 706 3735 ceteris
730 3675 953 3750 elicias,
995 3673 1282 3733 indicium

183 3760 485 3821 Anchisae
550 3761 625 3821 de
666 3760 790 3821 hoc
833 3762 996 3820 fato:
1068 3759 1281 3818 Troiae

184 3847 497 3907 excidium
559 3848 786 3906 instare
842 3855 904 3903 et
957 3845 1171 3905 urbem
1229 3844 1297 3932 ej

184 3954 317 3994 5555
344 3933 758 3992 deserendam.
843 3931 1281 4011 simplicissima

182 4023 390 4098 itaque
407 4020 564 4079 ratio
583 4019 734 4077 haec
758 4027 876 4077 est:
910 4017 1087 4077 Troia
1115 4016 1283 4090 haec,

181 4126 371 4187 quam
413 4126 522 4184 ego
560 4105 867 4177 deserere,
928 4104 1022 4163 cui
1067 4121 1282 4182 super-

176 4203 309 4253 stes
352 4211 477 4250 esse
521 4192 693 4250 nolui
740 4191 893 4271 (sup
940 4186 1125 4270 637),
1170 4206 1281 4247 ve-

174 4289 315 4338 stro
340 4277 459 4336 hoc
487 4278 740 4357 augurio
772 4275 1112 4335 declaratur
1135 4272 1282 4333 mihi

174 4364 519 4425 deserenda
552 4382 693 4424 esse.
750 4365 931 4421 Tmia
960 4374 1069 4437 est,
1102 4361 1279 4420 Troia

825 1935 933 1987 702
966 1947 1193 2014 nepotes
1237 1952 1341 1986 555.
1377 1935 1590 1994 Moret„
1640 1934 1738 1984 sed
1787 1952 1837 1984 v.
1873 1937 2043 1986 Burm.

192 2020 369 2058 etrum
408 2025 440 2057 o
486 2005 786 2083 augurium
818 2019 905 2052 un.
939 2003 1089 2055 Leid.
1148 2022 1195 2055 v.
1230 2005 1402 2054 Burm.
1440 2004 1512 2054 ad
1545 2002 1696 2055 ovid.
1730 2005 1756 2056 Ι
1787 2005 1884 2075 Ep.
1940 2008 2056 2060 101.

599 2089 684 2124 est
717 2071 772 2122 iu
808 2072 911 2122 fine
944 2072 1099 2124 deest
1132 2073 1328 2124 Mox-et.
1364 2091 1471 2125 555.

1404 1725 2130 1808 (vid3Q..,..vx1Wr)
2215 1730 2458 1781 adoras

2066 1799 2173 1854 700
2206 1811 2458 1849 sanctum

763 1866 862 1918 701
904 1882 1011 1933 quo
1044 1864 1249 1932 aliquot
1278 1834 1415 1915 ’Piera
1450 1865 1603 1916 Leid.
1640 1874 1693 1915 et
1728 1865 1890 1916 Goth.
1926 1882 2049 1929 sec„
2086 1867 2180 1918 sed
2213 1885 2263 1918 v·
2295 1867 2388 1920 lib.
2413 1869 2455 1931 1,

2180 1936 2286 1991 703
2341 1940 2453 1989 Ve-

2157 2009 2454 2089 augurium

1590 2076 1695 2128 704
1727 2081 1902 2143 gnate
1925 2074 2187 2128 Montalb.
2225 2075 2353 2145 (vid.
2384 2079 2450 2142 Q.

1366 2300 1512 2361 mihi
1539 2302 1675 2377 erit,
1720 2321 1842 2360 non
1877 2299 2060 2380 haec,
2104 2322 2257 2383 quae
2287 2324 2452 2364 nunc

1363 2388 1607 2447 incensa
1632 2395 1749 2463 est,
1792 2387 1917 2463 sed,
1958 2408 2317 2469 quocunque
2339 2411 2452 2451 ve-

1367 2482 1558 2534 strum
1616 2474 1964 2554 augurium,
2019 2495 2055 2535 o
2093 2476 2208 2551 dii,
2267 2476 2464 2537 ducet¹

1366 2581 1497 2622 nos.
1544 2561 1713 2633 Nam,
1748 2571 1820 2619 ut
1844 2581 2071 2619 novum
2105 2563 2317 2621 Troiae
2341 2584 2449 2623 or-

1367 2654 1498 2705 tum
1539 2645 1774 2705 ostendi
1805 2647 1916 2705 s1bi
1945 2645 2229 2706 Anchises
2255 2657 2448 2729 putet,

1366 2732 1560 2792 multo
1596 2732 1879 2810 argutius,
1919 2752 2097 2809 quam
2121 2733 2294 2810 illud,
2327 2754 2451 2793 esse

1364 2818 1647 2892 videtur,
1696 2817 1863 2894 quasi
1907 2818 2011 2875 sit:
2066 2820 2247 2876 7)·οἰα
2273 2832 2356 2876 est
2386 2824 2452 2878 in

1366 2916 1555 2962 vestro
1583 2906 1847 2975 numine,
1881 2900 1943 2961 h.
1964 2921 2016 2964 e.
2047 2903 2226 2962 Troia
2260 2903 2448 2963 altera

1365 2987 1750 3069 promittitur
1791 2986 1908 3046 hoc
1948 2988 2174 3063 omine,
2232 2999 2306 3048 ut
2349 2990 2448 3065 ΠΙ,

1366 3078 1450 3140 86
1484 3076 1669 3133 Serva
1710 3075 1904 3132 altera
1954 3077 2167 3132 Troiae
2199 3077 2458 3154 Perga-—

1365 3182 1491 3219 ma.
1599 3160 1690 3219 Ita
1748 3169 1946 3219 tamen
1986 3159 2234 3218 videtur
2275 3180 2448 3219 acce-

1363 3246 1549 3326 pisse,
1614 3246 1881 3324 quisquis
1951 3246 2248 3304 Servianis
2300 3246 2450 3308 haee

1369 3332 1663 3392 attexuit:
1726 3332 2077 3410 Augurium
2114 3353 2448 3412 numenque

1366 3431 1622 3477 vestrum
1659 3418 1891 3495 efficiat
1933 3415 2173 3498 (immo,
2232 3418 2445 3501 efficit)

1366 3524 1440 3561 ne
1476 3515 1689 3581 putem
1738 3505 1982 3560 Troiam
2010 3507 2262 3580 perisse.
2366 3503 2449 3562 At

1365 3589 1611 3647 Servius
1634 3588 1758 3667 ipse
1785 3586 1904 3646 hoc
1932 3586 2143 3647 habet:
2186 3593 2252 3647 in
2281 3590 2449 3648 vobi-s·

1366 3673 1558 3732 haheo
1585 3676 1844 3749 mium,
1851 3686 2101 3751 propter
2122 3674 2282 3733 illud
2301 3698 2439 3754 sup.

1368 3760 1525 3824 642:
1598 3761 1742 3817 IIas
1777 3757 1934 3816 mihi
1973 3772 2301 3818 servassent
2350 3782 2447 3820 se·-

1366 3845 1493 3903 dm.
1543 3843 1705 3920 quod
1737 3845 1892 3903 forte
1921 3845 1984 3903 in
2025 3845 2285 3924 priorem
2328 3867 2447 3906 no-

1367 3938 1555 3989 stram
1586 3930 1875 3989 rationem
1890 3930 2277 4010 interpretari
2304 3946 2447 4012 pos*

1367 4015 1483 4091 sis3
1526 4036 1781 4094 namque
1823 4018 1966 4076 alias
1995 4015 2146 4076 haec
2173 4038 2312 4077 cum
2347 4039 2446 4077 ce-

1365 4102 1513 4160 teris
1566 4123 1686 4161 non
1743 4104 1886 4162 satis
1920 4103 2072 4162 bene
2125 4104 2448 4164 convenire

1365 4187 1689 4264 videntur,
1747 4189 1837 4247 uti
1869 4208 1979 4248 nec
2017 4189 2116 4247 illa
2143 4189 2448 4268 interpre-

1365 4274 1548 4351 tatio,
1594 4295 1774 4353 quam
1805 4276 2009 4335 Burm.
2037 4275 2340 4352 sequitur:
2382 4278 2447 4331 in

1364 4382 1387 4418 ι
1393 4372 1560 4420 ’θείνει
1581 4374 1878 4439 potestate
1899 4406 1916 4436 ,
1978 4362 2166 4418 tutela
2187 4403 2205 4434 ,
2265 4360 2446 4418 Troia
