2882 5028
546 339 642 409 48
904 332 1240 424 msQU.
1297 332 1369 405 11
1422 331 1558 405 DE
1610 331 1983 406 RERUM
2032 333 2141 408 m
2196 332 2417 408 AEN.

541 530 744 599 nullo
793 550 958 597 cum
992 524 1298 620 fructu,
1360 513 1716 619 'praevisa
1765 530 1845 591 et
1898 516 2302 618 praedicta
2360 515 2784 609 audiamus,

544 628 847 707 maiore
900 624 1323 698 miratione
1375 623 1715 697 contacti
1765 622 2011 695 simus
2065 645 2385 717 omneS,
2440 647 2680 724 quam
2726 620 2785 696 si

547 727 987 831 praeseutia
1038 727 1250 802 bene
1297 726 1708 818 constitui,
1759 723 2205 824 prudenter
2254 727 2459 824 geri,
2525 724 2785 800 videa-

547 858 743 910 muS.
845 835 984 907 Est
1039 852 1287 930 porro
1352 828 2171 904 accommodatissima
2231 830 2592 928 poeticae
2651 828 2786 902 arti

549 950 630 1013 et
677 935 1016 1011 orationi
1075 933 1201 1008 illa
1246 934 1723 1032 expectatiO,
1779 956 2020 1033 quam
2071 933 2426 1008 vaticinia
2473 930 2787 1019 faciunt,

550 1052 628 1116 et
682 1051 971 1139 poetae
1035 1037 1400 1137 spiritum
1470 1034 1665 1110 nihil
1722 1037 2028 1111 maiore
2087 1061 2270 1110 cum
2318 1037 2392 1110 vi
2458 1034 2787 1134 impellit

549 1156 631 1219 et
673 1139 1144 1237 inflammat,
1203 1162 1445 1239 quam
1494 1153 1762 1214 vatum
1808 1137 2080 1235 furor,
2151 1152 2231 1214 et
2282 1139 2787 1215 oraculorum

549 1247 936 1342 ambages,
1008 1243 1377 1319 Tandem
1420 1241 1783 1339 Virgilius
1823 1268 1914 1319 ea
1960 1257 2210 1318 aetate
2252 1242 2586 1337 vivebat,
2641 1266 2787 1343 qua

546 1364 762 1425 totus
822 1361 1214 1423 terrarum
1295 1347 1511 1421 orbis
1575 1346 1783 1420 miro
1849 1347 2397 1421 vaticiniorum
2473 1358 2553 1422 et
2617 1371 2789 1421 ora-

549 1453 919 1529 culorum
971 1474 1245 1525 amore
1302 1449 1772 1526 insaniebat:
1829 1447 2038 1527 cons.
2081 1454 2404 1545 Argum.
2451 1448 2613 1527 Ecl.
2651 1452 2790 1525 IV:

548 1558 651 1632 ita
688 1568 779 1632 ut
810 1556 951 1629 ista
987 1552 1529 1654 expediendae
1569 1554 2037 1628 narrationis
2088 1555 2356 1651 epicae
2395 1554 2594 1628 ratio
2646 1576 2789 1652 pro

549 1657 1006 1735 felicissimo
1052 1659 1377 1732 invento
1427 1654 1665 1753 vulgo
1717 1655 1994 1731 haberi
2042 1655 2397 1735 deberet.
2500 1660 2644 1732 Est
2680 1669 2789 1730 ta-

546 1788 738 1839 men
792 1763 1029 1838 etiam
1082 1760 1239 1836 hoc
1293 1772 1846 1835 commentum
1891 1761 1994 1835 ita
2049 1772 2640 1861 comparatum,
2707 1771 2790 1833 ut

546 1892 724 1942 rem
786 1890 956 1941 non
1020 1865 1492 1962 excogitasse
1569 1862 1712 1939 sed
1771 1863 2205 1939 commode
2264 1863 2612 1939 oblatam
2680 1887 2789 1937 sa-

548 1971 867 2071 pienter
909 1970 991 2043 in
1032 1992 1222 2042 usus
1255 1991 1440 2042 suos
1480 1968 1959 2042 convertisse
1989 1967 2378 2043 dicendus
2421 1969 2535 2045 sit.
2585 1967 2791 2043 Miro

551 2074 769 2149 enim
817 2071 1180 2147 omnium
1212 2072 1691 2171 scriptorum
1736 2095 2129 2147 consensu
2175 2084 2342 2146 tota
2383 2070 2487 2147 de
2526 2076 2791 2147 Aenea

547 2177 890 2252 narratio
949 2198 1096 2274 per
1147 2176 1540 2268 vaticinia,
1632 2174 1979 2268 oracula,
2060 2176 2403 2271 somnia,
2482 2175 2791 2272 auguria

551 2294 632 2358 et
694 2280 964 2354 omina
1020 2279 1383 2375 exigitur,
1449 2279 1612 2353 sive
1658 2276 1817 2353 hoc
1876 2292 2340 2379 poetarum,
2414 2303 2457 2353 a
2509 2277 2791 2379 quibus

551 2383 648 2458 ab
711 2383 935 2458 initio
985 2405 1073 2457 ea
1126 2380 1278 2456 fuit
1324 2394 1687 2479 tractata,
1751 2383 1914 2457 sive
1967 2384 2480 2483 antiquorum
2531 2381 2791 2458 homi-

548 2510 784 2584 num,
859 2511 901 2561 a
957 2485 1246 2587 quibus
1306 2486 1608 2586 posteri
1659 2510 1837 2561 eam
1886 2499 2398 2588 acceperunt,
2465 2486 2793 2585 ingeniis

516 2589 1072 2666 ‘tribuendum
1125 2602 1263 2667 est.
1370 2590 1764 2664 Troianos
1809 2614 1997 2666 sane
2044 2616 2088 2666 e
2131 2590 2498 2692 Phrygia,
2554 2615 2793 2690 augu-

548 2695 856 2771 riorum
891 2694 1389 2795 omninoque
1420 2693 1893 2768 vaticinandi
1941 2719 2030 2770 ac
2073 2693 2477 2769 divinandi
2512 2697 2793 2771 artium

551 2797 770 2900 quasi
831 2811 1088 2872 matre
1138 2821 1227 2872 ac
1283 2795 1515 2891 sede,
1586 2795 1978 2894 digressos
2022 2796 2310 2873 multas
2367 2797 2606 2873 huius
2670 2822 2793 2897 ge-

548 2902 768 2977 neris
821 2897 1127 2975 fabulas
1186 2901 1268 2974 in
1339 2901 1766 2976 Graeciamx
1825 2914 1906 2975 et
1969 2901 2274 2976 Italiam
2342 2915 2793 3001 apportasse

548 3001 969 3107 probabile
1010 3000 1123 3082 fit.
1227 3004 1498 3078 Fuisse
1540 3002 1783 3097 ade0,
1837 3005 1972 3104 qui
2016 3004 2512 3106 disciplinam
2557 3030 2793 3105 augu-

548 3105 807 3183 ralem
854 3130 899 3182 e
948 3104 1284 3204 Phrygia
1333 3106 1414 3180 in
1482 3106 1785 3181 Italiam
1850 3107 2162 3184 allatam
2228 3108 2686 3208 traderent,
2765 3135 2793 3185 ε

551 3210 830 3287 Servio
883 3208 983 3284 ad
1025 3207 1158 3287 lib.
1200 3211 1337 3303 111,
1388 3215 1541 3290 359
1590 3208 1877 3305 discas;
1941 3214 2085 3288 etsi
2136 3212 2599 3310 Tyrrhenos
2648 3216 2793 3289 iam

550 3327 781 3391 antea
841 3314 1255 3388 communi
1301 3312 1830 3389 barbarorum
1885 3318 2447 3416 superstitione
2511 3342 2650 3392 eas
2688 3343 2793 3393 ar-

545 3431 670 3493 tes
712 3416 1063 3512 tenuisse
1113 3414 1612 3492 credendum
1669 3431 1803 3497 est.
1879 3421 2237 3497 Omnino
2276 3423 2495 3498 enim
2534 3422 2793 3521 prisce

549 3535 964 3621 tempore,
1035 3532 1464 3621 antequam
1520 3535 1848 3597 naturae
1895 3523 2247 3601 studium
2299 3524 2667 3601 subtilius
2734 3537 2793 3602 et

546 3621 1101 3726 philosophiae
1179 3648 1518 3698 acumen
1588 3625 2017 3725 increbuit,
2101 3651 2299 3726 gens
2358 3626 2507 3703 fuit
2560 3628 2788 3704 nulla

551 3751 757 3829 quae
821 3749 995 3802 non
1049 3725 1469 3825 significari
1527 3725 1834 3825 futura,
1908 3743 1988 3806 et
2041 3757 2081 3806 a
2134 3732 2615 3832 quibusdam
2685 3735 2793 3807 in-

547 3831 795 3929 telligi
838 3830 1350 3932 praedicique
1399 3854 1638 3931 posse
1683 3848 2046 3910 censeret
2091 3836 2285 3932 (Cic.
2332 3836 2435 3911 de
2461 3836 2729 3911 Divin.
2777 3840 2793 3911 ]

547 3943 702 4037 pr.)
718 3942 818 4033 *).
918 3934 1293 4036 Inprimis
1321 3958 1517 4010 vero
1559 3934 1654 4041 in·
1685 3934 2182 4015 deducendis
2221 3937 2554 4015 coloniis
2582 3964 2793 4015 sum·

716 4191 755 4233 *
800 4191 999 4274 [Nunc
1042 4192 1117 4254 de
1161 4207 1232 4254 eo
1290 4199 1629 4278 accuratius
1686 4208 1887 4259 actum
1950 4193 2017 4259 in
2071 4199 2300 4262 Prolus.
2358 4201 2403 4261 1.
2457 4200 2528 4262 [L
2583 4202 2793 4262 Ηίεια

550 4281 1043 4446 1591884οΜ
1111 4279 1465 4361 fragmenta
1536 4307 1611 4344 ex
1685 4288 1926 4344 ostentis
1944 4330 1962 4361 ,
2029 4288 2340 4368 prodigiis
2403 4299 2461 4345 et
2529 4292 2793 4348 monstri
