2882 5028
572 322 1452 400 AENmnosmB.
1504 326 1638 421 IV,
1692 330 2130 404 eos-614

224 516 338 590 Et
377 511 612 588 Dirae
643 508 1000 604 ultrice5‚
1057 524 1138 586 et
1166 509 1245 586 di
1283 510 1699 586 morientis
1732 510 2048 606 Elissae,

2338 336 2489 407 697

2337 525 2489 598 610

226 613 599 716 Adcipite
629 612 852 708 haec,
905 614 1448 715 meritumque
1480 611 1707 688 malis
1747 613 2129 690 advertite
2160 641 2490 717 numen,

226 723 336 797 Et
366 731 671 794 nostras
704 717 968 793 audite
996 742 1295 819 preceS.

1404 718 1487 792 Si
1513 730 1837 815 tangere
1870 732 2146 818 portus

229 819 671 900 Infandum
708 834 976 922 caput,
1027 845 1113 897 ac
1147 821 1374 896 terris
1405 819 1698 897 adnare
1736 844 2061 897 necesse
2100 838 2241 918 est,

228 930 341 1004 Et
372 926 479 1001 sic
510 922 669 1001 fata
692 925 901 1001 Iovis
929 938 1311 1025 poscunt,
1357 923 1489 1000 hic
1520 925 1908 1001 terminus
1948 924 2254 1004 haeret:

385 1086 1083 1201 (-610.Elieae1’alat.;
1145 1131 1249 1184 vid.
1302 1150 1376 1183 vs.
1425 1132 1546 1187 335.
1598 1132 1742 1199 Wr.)

231 1204 338 1255 sed
371 1203 590 1254 alienum
627 1222 655 1255 a
693 1203 796 1254 loci
833 1203 1106 1254 sententia.
1176 1204 1420 1272 Accepate
1455 1203 1616 1254 haec:
1654 1220 1839 1253 ammu

1386 1273 1491 1326 613
1536 1275 1583 1323 Ι.
1620 1289 1818 1352 corpus

231 1275 422 1326 tantis
456 1273 540 1324 ed.
574 1275 707 1325 Ven.
743 1273 810 1324 ab
850 1271 1244 1341 interpolatore.

233 1355 297 1394 ee
334 1354 377 1395 t.
411 1342 652 1393 Parthas.

231 1411 496 1464 Pierianis
532 1411 857 1473 auctoribus,
892 1412 1049 1463 etiam
1085 1408 1259 1461 Nonio
1297 1419 1354 1460 et
1388 1410 1678 1462 Macrobio.
1769 1409 1944 1478 Vulgo
1981 1414 2053 1461 Ee
2086 1413 2152 1463 si.

1880 1134 1979 1187 611
2034 1136 2268 1185 avertice
2314 1134 2494 1196 multi3

1929 1221 1996 1253 ue
2030 1204 2193 1255 malis
2225 1205 2499 1256 excludite

1915 1289 2063 1338 euag.
2102 1290 2180 1341 pr.
2235 1291 2263 1323 e
2301 1273 2495 1355 glossa.

788 1344 894 1399 614
931 1347 1005 1392 Ee
1055 1344 1134 1392 sic
1179 1340 1317 1391 bene
1354 1341 1535 1391 Heius.
1572 1340 1837 1409 reposuit,
1892 1341 2106 1408 optimis
2145 1342 2299 1392 codd.
2337 1342 2497 1394 etiam

2206 1412 2225 1478 (
2242 1422 2298 1462 ut
2330 1412 2498 1464 Palat.

235 1491 301 1532 et
338 1483 395 1536 9.
436 1481 580 1549 Wr.)
650 1480 832 1531 Heins-
867 1481 1003 1533 coni.
1031 1479 1109 1531 Id
1142 1481 1208 1531 si.
1277 1481 1336 1531 111
1370 1497 1453 1549 pr.
1489 1478 1739 1532 Rottend.
1773 1495 1872 1548 pro
1910 1496 2018 1532 var.
2054 1477 2180 1533 lect.
2216 1490 2357 1532 erat.
2424 1485 2497 1533 Ee

233 1552 296 1603 εἰ
313 1551 458 1621 saca
481 1562 686 1623 petunt
717 1553 900 1603 Iovis:
933 1551 1023 1603 luc
1057 1560 1113 1601 et
1146 1560 1187 1600 ε.

232 1709 309 1769 in
336 1708 566 1770 triviis:
611 1719 792 1769 notus
818 1730 963 1770 usus
992 1710 1158 1771 vocis
1186 1711 1331 1769 ulw-

234 1796 410 1869 lare,
476 1789 816 1873 ὄλολύζειν,
857 1796 925 1855 in
960 1797 1170 1871 sacris,
1217 1814 1329 1876 pro

233 1879 603 1956 inclamare,
676 1882 990 1955 invocare,
1073 1881 1331 1943 maxime

237 1986 390 2025 cum
418 1965 616 2026 animo
645 1976 945 2027 commoto
977 1976 1037 2026 et
1063 1968 1127 2027 in
1156 1968 1332 2026 suro-

232 2071 378 2113 rem
418 2063 571 2112 acto.
670 2056 907 2112 Hecate
947 2054 1215 2127 ululata,
1263 2062 1335 2112 ut

236 2137 550 2197 bacchata
601 2139 826 2197 Naxos
868 2159 997 2218 sup.
1047 2139 1144 2214 111,
1194 2139 1333 2204 125.

240 2221 588 2305 (Eiusmodi
605 2224 734 2283 loca
767 2225 1022 2284 conferri
1049 2244 1169 2283 non
1192 2244 1334 2303 pos-

238 2318 424 2384 sunt3
469 2309 574 2368 sed
601 2311 835 2368 ululare
866 2310 1045 2370 deum
1074 2318 1160 2367 est
1189 2310 1333 2368 ulu-

236 2394 436 2455 lando
494 2396 805 2472 invocare,
888 2395 1013 2457 vid.
1079 2394 1331 2454 Forcell.

237 2480 347 2543 Ad
376 2482 884 2542 constructionem
912 2502 1190 2562 compara
1219 2483 1334 2540 So-

237 2567 453 2650 phocl.
499 2568 714 2628 Electr.
750 2568 926 2632 750.:
993 2562 1336 2641 ἀνωλόλυξε

235 2649 352 2717 τὸν
382 2654 651 2715 νεανίαν.
706 2655 812 2715 W
803 2652 929 2735 ch.)
1018 2657 1232 2728 Dirae,
1274 2651 1337 2711 h.

237 2741 288 2800 l.
315 2738 565 2814 Furiae,
607 2748 681 2798 ut
724 2740 867 2814 ΧΠ,
912 2738 1036 2804 845
1080 2760 1186 2817 sq„
1229 2737 1334 2796 ubi

239 2827 327 2886 cf.
353 2824 412 2883 N
413 2832 590 2883 otum.
633 2826 801 2884 Deos
828 2828 1129 2884 morientis
1162 2825 1333 2882 Elis-

239 2931 396 2986 sae,
445 2910 667 2969 Genios
706 2910 983 2985 Didonis,
1028 2930 1174 2968 mox
1204 2909 1336 2967 Ma-

240 3015 360 3058 nes
406 2997 646 3055 futuros
667 3038 685 3073 ‚
753 2995 1196 3056 intellexeram:
1260 2995 1336 3054 cs.

240 3081 410 3157 ΧΠ,
468 3081 625 3157 646,
698 3089 757 3140 et
803 3083 889 3141 sic
930 3083 1052 3140 sere
1092 3081 1337 3140 Servius

240 3169 474 3251 primo·
506 3167 658 3227 loco.
745 3166 826 3225 At
856 3168 1144 3247 Pompon.
1200 3166 1335 3225 sab.

245 3258 491 3316 Manes
527 3252 773 3312 Sichaei
798 3266 992 3314 vocat.
1085 3252 1206 3311 Nee
1237 3260 1338 3310 ta·-

242 3360 399 3403 men
451 3338 661 3409 video,
734 3338 881 3418 quid
930 3348 1128 3415 vetet,
1200 3337 1340 3396 deos

245 3428 477 3488 uuor-es
526 3423 767 3483 Elissae
812 3425 1097 3506 accipere.
1197 3427 1341 3488 611.

244 3511 542 3589 Adcipice
561 3555 580 3586 ‚
639 3511 925 3569 advertite
941 3556 960 3587 ,
1017 3509 1226 3569 audite
1268 3506 1344 3593 de

244 3597 469 3658 eadem
493 3615 578 3656 re.
662 3618 882 3655 numen
923 3605 1226 3670 vestrum,
1280 3592 1343 3652 h.

243 3704 309 3744 e.
366 3682 495 3743 vim
552 3702 621 3741 ae
673 3691 1030 3762 potestatem
1090 3680 1343 3740 deorum

244 3771 593 3832 inferorum
619 3767 941 3828 ulciscendi
969 3767 1177 3841 malos,
1221 3765 1343 3823 ad-

246 3858 466 3918 vertice
500 3856 714 3929 malis,
775 3864 990 3914 eontra
1036 3850 1344 3933 improbos

249 3952 323 4003 et
377 3940 594 4021 impios
645 3939 937 3999 Troianos
957 3984 974 4016 ,
1043 3940 1339 4012 meritum,

249 4025 483 4109 quippe
533 4025 638 4106 qui
678 4034 1033 4086 meruerunt
1076 4031 1346 4085 vestrum

248 4131 522 4187 numen,
577 4110 642 4171 h.
693 4128 743 4170 e.
803 4131 1093 4192 poenam,
1150 4129 1187 4167 a
1234 4108 1347 4168 diis

247 4200 562 4263 melorum
601 4196 906 4258 ultoribus
943 4194 1347 4275 infligendam.

1414 1718 1487 1768 ut
1524 1707 1703 1768 Ovid.
1741 1709 1873 1768 vm
1912 1709 2055 1768 Met.
2101 1707 2243 1772 482.
2291 1705 2499 1790 (Prae-

1414 1804 1534 1852 stat
1572 1794 1896 1873 simplicior
1934 1796 2122 1855 ratio:
2190 1795 2373 1853 malis
2415 1815 2497 1853 sc.

1413 1878 1600 1938 meis
1641 1881 1925 1939 advertite
1943 1902 2198 1952 numen,
2248 1880 2285 1939 i.
2310 1899 2358 1940 e.
2394 1899 2498 1939 re-

1416 1965 1625 2046 spicite
1660 1966 1812 2025 mala
1843 1985 1972 2025 mea
2015 1976 2076 2024 et
2103 1965 2356 2045 proinde
2398 1965 2500 2025 ul-

1420 2051 1735 2128 ciscimini3
1781 2056 2058 2110 meritum
2097 2061 2315 2124 eutem,
2361 2051 2501 2130 quia

1417 2137 1716 2197 immerito
1743 2137 1837 2196 his
1866 2146 1990 2196 tem
2035 2138 2334 2196 atrocibus
2364 2158 2501 2196 ma·-

1416 2223 1490 2282 lis
1519 2223 1761 2283 obruor.
1807 2222 1927 2282 Nec
1956 2232 2153 2303 potest
2181 2223 2341 2282 inter
2368 2244 2502 2282 me-

1420 2308 1519 2367 dia
1550 2310 1735 2368 verba
1767 2312 2025 2386 accipite
2059 2318 2121 2367 et
2151 2310 2357 2367 audite
2388 2310 2503 2369 ali·

1416 2404 1511 2454 ter
1538 2395 1667 2473 capi
1693 2396 1999 2453 advertite.
2055 2397 2157 2454 I²V
2149 2393 2222 2476 r.)

1506 2484 1649 2545 612.
1677 2500 1803 2558 sqq.
1835 2479 2123 2539 Eximiam
2158 2490 2368 2561 poetae
2402 2501 2504 2541 ar-

1419 2576 1541 2625 tem
1586 2566 1650 2625 in
1708 2567 2132 2644 subiungendis
2192 2566 2337 2624 diris
2392 2566 2504 2640 his,

1422 2652 1639 2731 quibus
1668 2653 1897 2710 Aeneae
1929 2655 2071 2724 seta,
2106 2661 2243 2731 post
2274 2652 2507 2711 adven-

1420 2747 1556 2797 tum
1584 2738 1646 2796 in
1675 2738 1905 2797 Italiam
1925 2781 1940 2812 ,
1983 2758 2124 2795 mox
2168 2745 2509 2816 temporum

1419 2822 1714 2882 seriorum
1762 2833 2013 2882 eventus
2045 2822 2317 2900 bellaque
2347 2823 2508 2882 inter

1419 2910 1649 2968 Poenos
1677 2918 1737 2967 et
1766 2912 2071 2968 Romanos
2099 2919 2291 2986 gesta,
2335 2908 2507 2987 inge-

1419 2995 1584 3054 niose
1624 2995 1920 3069 intexuit,
1996 3003 2069 3053 ut
2112 3003 2284 3053 tanto
2327 2994 2511 3073 magis

1419 3081 1801 3161 popularium
1844 3100 2092 3139 suorum
2134 3080 2361 3138 animos
2393 3080 2508 3138 ad-

1423 3174 1690 3226 verteret
1735 3175 1795 3225 et
1835 3166 2183 3241 delectaret,
2243 3166 2361 3224 iam
2408 3165 2511 3225 alii

1421 3251 1726 3313 viderunt.
1813 3253 2091 3311 Dirarum
2132 3270 2274 3311 vero
2303 3263 2365 3310 et
2395 3252 2511 3311 im·

1401 3339 1837 3419 ,precationum
1892 3337 2134 3397 omnino
2195 3337 2514 3399 inventum

1428 3433 1491 3482 et
1528 3444 1703 3484 usum
1749 3445 1787 3484 a
1829 3426 2018 3503 poetis
2063 3423 2303 3482 Graecis
2342 3443 2515 3483 aece-

1427 3510 1549 3591 pit,
1585 3510 1647 3568 in
1687 3510 1905 3587 quibus
1934 3511 2212 3587 frequens
2255 3519 2363 3586 est,
2407 3518 2514 3569 ut-

1430 3606 1573 3675 pote
1592 3595 2043 3656 vehementibus
2070 3593 2375 3654 affectibus
2401 3596 2516 3654 be·-

1426 3700 1505 3740 ne
1533 3682 1879 3742 inserviens.
1927 3680 2213 3759 Exempla
2248 3680 2390 3741 vide
2421 3701 2516 3762 sp.

1431 3766 1707 3827 Cerdam.

1516 3851 1873 3919 612-614.
1930 3851 2087 3911 Ante
2120 3849 2325 3911 oculos
2349 3851 2519 3911 suere

1430 3957 1508 3997 ex
1540 3938 1753 4039 odyss:
1790 3963 1831 4016 ι,
1878 3938 2000 4003 532
2040 3956 2167 4015 sqq.
2202 3936 2370 3996 dirae
2398 3937 2517 3996 Po-

1429 4023 1750 4133 lyphemi
1732 4045 1796 4083 ιιι
1827 4023 2126 4103 Ulyssem.
2169 4015 2333 4085 Ἀλλ’
2376 4022 2436 4085 εἴ
2459 4019 2524 4085 οἱ

1432 4116 1574 4191 μοῖρ
1588 4105 1761 4174 ’ἐστὶ
1798 4119 1910 4169 ete.
1956 4106 2334 4169 Gravitatem
2377 4128 2518 4167 ors-

1431 4197 1619 4256 tionis
1643 4205 1788 4256 nota
1815 4196 1878 4254 in
1905 4195 2104 4254 verbis
2120 4190 2382 4271 singulis,
2426 4199 2519 4268 ut,

248 4282 631 4365 Exquisitior
659 4284 816 4343 ratio
849 4302 1029 4362 quam
1052 4282 1187 4357 illa,
1229 4280 1351 4338 ad-
1434 4281 1779 4362 Itffandum
1810 4292 1997 4359 eaput
2034 4297 2147 4361 pro
2189 4296 2356 4352 eum,
2400 4290 2521 4336 ter·

247 4369 753 4447 varimadum,
815 4389 1028 4445 ames,
1089 4367 1348 4442 mizuae,

1436 4368 1521 4426 ris
1575 4368 1804 4428 adnare
1816 4410 1835 4445 ‚
1899 4385 2012 4446 pro
2068 4361 2383 4445 pervenire
2441 4361 2522 4425 sd
