2882 5028
414 363 565 442 476

407 548 704 628 Polluit
737 571 877 622 ore
912 546 1175 647 dapes.

403 652 657 729 Edico
677 711 697 748 ,
747 664 827 725 et
860 650 1029 725 dira
1071 649 1375 725 bellum
1408 675 1591 726 cum
1619 664 1859 748 gente
1893 650 2367 748 gerendum.

904 363 985 437 P.
1046 360 1574 439 VIRGILII
1628 360 2185 437 MARONIS

1286 547 1536 622 Sociis
1569 560 1797 644 tunc,
1854 572 2068 623 arma
2103 562 2534 648 capessant,

2509 659 2657 733 235

321 751 329 756 ’
406 752 640 830 Haud
678 777 905 829 secus
955 778 1041 828 ac
1082 753 1267 828 iussi
1301 750 1641 848 faciunt,
1695 767 2111 855 tectosque
2143 779 2291 855 per
2323 755 2658 832 herbam

404 860 862 957 Disponunt
892 859 1134 954 ensis,
1192 870 1271 931 et
1303 869 1518 931 scuta
1547 857 1864 933 latentia
1895 856 2275 936 condunt.

403 964 656 1058 Erg0‚
710 960 849 1037 ubi
900 960 1263 1061 delapsae
1304 961 1653 1036 sonitum
1687 985 1837 1062 per
1867 986 2101 1036 curva
2136 960 2439 1040 dedere
2491 1045 2498 1053 ,

406 1066 709 1160 Litora,
760 1062 893 1140 dat
919 1064 1236 1162 signum
1271 1063 1591 1163 specula
1620 1065 1974 1141 Misenus
2007 1065 2103 1139 ab
2136 1064 2288 1140 alta

408 1174 616 1246 Aere
675 1173 887 1243 cavo.

992 1166 1391 1245 Invadunt
1444 1168 1674 1262 socii,
1743 1181 1825 1244 et
1863 1192 2070 1243 nova
2121 1167 2430 1270 proelia
2479 1182 2658 1245 ten-

1570 1283 1763 1369 tant,
2506 1281 2659 1353 240

338 1405 351 1420 ’
412 1373 824 1451 obscenas
864 1373 1120 1473 pelagi
1157 1369 1378 1449 ferro
1426 1371 1760 1451 foedare
1808 1375 2191 1454 volucres.

407 1476 571 1554 Sed
611 1501 882 1579 neque
914 1477 1073 1551 vim
1116 1476 1412 1577 plumis
1452 1477 1723 1577 ullam,
1776 1503 1929 1554 nec
1963 1480 2294 1555 volnera
2321 1491 2554 1575 tergo

541 1665 647 1722 234
687 1669 822 1720 socii
843 1676 954 1717 tres
996 1670 1169 1720 Burm.
1210 1685 1327 1720 cum
1378 1669 1544 1721 Goth.
1585 1678 1707 1721 tert.
1764 1667 1943 1737 (etiam
1987 1668 2107 1720 Alb.
2147 1669 2292 1733 Wr.)

1439 1740 1546 1793 236
1582 1752 1636 1790 et
1676 1740 1712 1790 i.
1751 1738 1913 1792 Witt.
1974 1735 2200 1810 faciam
2240 1747 2366 1790 tert.

299 1840 303 1844 -
404 1819 686 1877 rectosque
718 1806 971 1858 Montalb.
1040 1825 1142 1878 per
1165 1805 1365 1859 herbas
1390 1808 1632 1859 Parrhas-
1658 1825 1770 1860 cum
1796 1807 2001 1877 aliquot
2027 1806 2205 1860 Pierii.
2259 1807 2325 1859 cf.
2364 1806 2433 1857 ad
2459 1825 2509 1859 v.
2536 1809 2657 1861 221.

404 1755 507 1790 aec.
542 1738 728 1789 Hamb.
798 1751 1091 1809 capescant
1115 1740 1300 1789 Franc.

2501 1679 2660 1719 esunt

2459 1738 2658 1789 otteud.

395 1895 502 1947 per
539 1875 719 1928 orbem
756 1894 839 1945 pr.
890 1877 1143 1929 Rotteud.
1189 1894 1289 1946 pro
1346 1894 1457 1929 var.
1519 1877 1643 1929 leet.
1726 1880 1829 1945 (-
1873 1877 1994 1931 237.
2057 1895 2217 1928 enses
2251 1876 2445 1927 Medic.
2510 1875 2657 1943 Wr.)

400 1946 506 2000 238
542 1946 792 2017 dilapsae
824 1944 1002 1996 Heius.
1030 1963 1143 1997 cum
1174 1946 1481 1997 melioribus
1525 1946 1674 1999 libris
1710 1946 1984 1997 maluerat.
2032 1945 2244 2011 (Medic.
2280 1945 2456 1996 tamen
2497 1946 2657 1997 dela-

392 2032 563 2086 psae3
600 2014 678 2066 sic
707 2015 863 2066 etiam
895 2016 946 2069 7.
978 2018 1060 2067 10.
1098 2019 1180 2070 11.
1208 2018 1293 2069 12.
1326 2017 1433 2079 13.;
1497 2016 1603 2069 vid.
1632 2018 1700 2069 V.
1738 2018 1800 2066 L.
1840 2016 1908 2067 ad
1934 2021 2064 2067 Aen.
2100 2018 2142 2079 1,
2170 2018 2291 2068 211.
2335 2015 2479 2082 Wr.)
2554 2014 2657 2066 Sed

399 2094 549 2135 recte
588 2084 653 2135 ab
687 2101 750 2134 eo
788 2084 1032 2135 discessit
1057 2087 1254 2148 Burni-3
1306 2103 1424 2136 nam
1457 2103 1519 2136 ex
1548 2086 1655 2137 alto
1695 2085 2010 2144 delabuntur
2036 2086 2094 2135 in
2143 2102 2346 2135 mensas
2386 2084 2659 2136 Troiano-

398 2170 519 2204 rum
542 2191 557 2217 ,
602 2153 787 2205 nonin
813 2154 1044 2206 diversas
1086 2163 1280 2222 partes.
1352 2154 1627 2207 dederunt
1664 2171 1767 2208 sec.
1809 2154 1997 2205 Hamb.

691 2222 794 2277 241
820 2221 985 2294 ferro
1013 2225 1212 2307 Pe{agi
1249 2224 1492 2275 Parthas.
1548 2223 1789 2294 foedare
1818 2222 2073 2305 explicui,
2107 2223 2412 2275 vulnerare:
2465 2225 2537 2274 Et
2563 2240 2659 2274 oo-

398 2222 550 2274 Leid-

2131 2154 2239 2208 240
2276 2165 2537 2225 coeptant
2571 2171 2656 2204 un.

400 2292 563 2343 currit
588 2290 716 2343 illud
756 2293 860 2344 hoc
888 2310 1043 2344 sensu
1068 2293 1379 2362 simpliciter
1405 2292 1620 2357 dictum,
1656 2293 1798 2344 nulla
1827 2304 2035 2345 ratione
2061 2292 2414 2361 etymologiae
2442 2292 2655 2344 habitu:

401 2371 458 2411 et
480 2361 573 2413 lib.
601 2361 663 2412 11.
688 2361 758 2417 55
771 2359 936 2432 ferro
948 2364 1242 2435 Argolicas
1257 2362 1498 2433 foedare
1525 2363 1795 2424 latebra-53
1830 2362 1920 2413 ubi
1937 2381 1986 2414 v.
2005 2371 2116 2413 not.
2168 2362 2454 2413 Fatendum
2477 2371 2657 2414 tamen

399 2430 456 2482 h.
483 2431 539 2494 l.‚
574 2431 665 2481 ubi
692 2430 759 2480 de
790 2430 964 2482 foedis
993 2432 1290 2484 volucribus
1319 2430 1522 2500 agitur,
1555 2450 1740 2499 parum
1769 2432 2213 2483 accommodatam
2245 2430 2416 2482 videri
2452 2448 2655 2483 vocem.

398 2501 465 2563 Et
493 2510 641 2552 erant
665 2500 768 2552 alia
798 2500 866 2553 ad
890 2520 1124 2554 manum:
1158 2519 1207 2554 ν.
1252 2521 1298 2555 c.
1335 2516 1620 2554 temerare.
1688 2503 1742 2552 ln
1787 2500 1881 2553 lib.
1921 2503 1962 2564 1,
1997 2503 2103 2556 527
2135 2510 2245 2553 erat
2272 2498 2443 2584 ferro
2469 2520 2655 2573 popu-

398 2571 534 2622 lare.
586 2569 876 2640 (foedare,
912 2582 1065 2638 puta:
1123 2575 1423 2643 sanguine,
1472 2572 1613 2640 quod
1643 2570 1887 2622 adiicitur
1929 2570 2219 2634 interdum,
2267 2571 2430 2639 igitur
2458 2589 2656 2622 cruen-

397 2650 529 2691 tare.
592 2641 741 2691 ovid.
770 2643 896 2692 Met.
910 2643 1026 2711 vn,
1050 2643 1197 2698 845.:
1231 2641 1575 2708 „foedantem
1600 2640 1852 2709 sauguine
1881 2645 2109 2693 vestes-‘⁴
2143 2641 2287 2708 Wr.)
2395 2640 2508 2695 242
2524 2641 2655 2692 vul-

397 2728 530 2761 nere
549 2710 685 2762 alter
706 2710 894 2762 Hamb.

403 2851 657 2912 deorum
704 2852 1013 2930 omissam,
1079 2861 1141 2912 et
1184 2850 1304 2913 hoe
1345 2828 1480 2912 lo²co

393 2938 601 3019 paucis
637 2948 878 2999 tantum
903 2948 1296 2998 memoratam
1335 2959 1479 3015 esse,

395 3024 717 3084 verisimile
763 3034 867 3084 est.
952 3025 1318 3104 Praepositio
1364 3025 1479 3103 igi-

396 3118 503 3168 tur
546 3109 720 3169 verbi
757 3114 1095 3187 reponimus
1126 3109 1204 3168 ad
1237 3110 1304 3169 id
1339 3131 1478 3190 spe-

393 3203 549 3270 ctat,
620 3195 785 3273 quod
832 3196 1010 3254 semel
1064 3197 1293 3254 factum
1355 3197 1478 3255 iam

392 3288 538 3340 erat.
553 3280 798 3340 Vossius
815 3281 891 3339 ad
910 3281 1013 3340 Ge.
1029 3281 1124 3357 lv,
1140 3284 1282 3345 378.
1299 3302 1479 3359 repo-

390 3370 592 3424 nimus
617 3369 788 3444 ignes
814 3387 937 3425 non
980 3376 1141 3427 recte
1169 3367 1476 3447 explicuit.

398 3453 503 3513 W
495 3446 613 3531 ch.)
700 3451 846 3518 234.
874 3454 1105 3511 Polluit
1129 3453 1269 3533 plus
1295 3473 1477 3531 quam

344 3560 351 3573 ³
392 3540 691 3615 contingit
734 3537 1102 3598 devoranda
1192 3537 1473 3621 (—237.

390 3624 726 3697 „coudunt.·
785 3645 905 3684 una
934 3625 1169 3697 locant,
1216 3625 1475 3703 clipeum

387 3708 560 3767 iuxta
595 3709 911 3788 clipeum.“
997 3711 1090 3770 Ita
1128 3710 1362 3770 Wakef.
1394 3710 1475 3770 ad

387 3794 625 3857 Lucret.
685 3796 767 3872 V,
837 3797 1017 3873 530.;
1098 3817 1218 3856 nou
1290 3806 1473 3862 recte.

394 3881 500 3940 W
485 3879 568 3961 r.)

474 3964 858 4032 238—241.
917 3968 1190 4026 Sonitum
1226 3968 1474 4046 clango-

383 4071 515 4111 rem
566 4051 795 4110 alarum
843 4071 920 4111 ex
960 4056 1106 4118 228.
1192 4056 1475 4113 Misenus

384 4138 629 4198 tubicen
659 4137 858 4198 classis
882 4137 989 4200 ins.
1024 4138 1121 4215 VI,
1172 4139 1469 4205 164.165.

384 4235 448 4285 et
487 4225 739 4284 Excute.
780 4223 888 4284 V11
935 4222 1015 4281 ad
1056 4244 1105 4282 e.
1152 4223 1191 4283 l.
1244 4237 1471 4283 lemane

383 4333 544 4370 nova
593 4312 865 4387 proelia,
893 4309 1185 4387 foedare,
1239 4330 1466 4389 graece,

386 4406 455 4458 ut
486 4397 750 4473 foedent,
794 4395 1151 4473 mutilando,
1203 4396 1465 4457 caeden-

1567 2850 1666 2928 do,
1696 2850 2094 2912 vulnerando.
2131 2848 2369 2933 (vid.v.
2383 2851 2449 2909 L.
2470 2849 2652 2933 Wr.)

1567 2936 1847 2996 obscenae
1866 2982 1887 3014 ,
1948 2937 2155 2996 foedas
2194 2937 2330 2997 visu
2387 2936 2654 2997 olfactu-

1563 3042 1709 3101 que,
1761 3024 2031 3083 volucres
2061 3025 2325 3103 pelagi5
2390 3042 2468 3081 ex
2525 3023 2652 3082 alto

1563 3109 1721 3167 enim
1749 3109 2056 3167 advolant.
2145 3108 2390 3169 Servius
2432 3128 2504 3166 eo
2548 3128 2651 3167 re-

1560 3195 1713 3270 fert,
1758 3194 1923 3272 quod
1956 3193 2132 3253 Ponti
2156 3203 2218 3253 et
2245 3195 2486 3270 Ten-ae,
2526 3214 2649 3270 seu,

1562 3279 1893 3340 secundum
1921 3280 2098 3356 alios„
2147 3281 2411 3359 Neptuni
2452 3280 2652 3359 proles

1559 3365 1802 3425 habitae
1841 3367 2086 3425 fuerint.
2171 3365 2292 3425 Sed
2327 3366 2511 3424 Ponti
2551 3366 2652 3425 di-

1568 3452 1789 3511 cendae
1839 3462 2014 3511 erant
2068 3461 2277 3532 neptes
2315 3451 2652 3513 secundum

1559 3537 1904 3597 Hesiodum.
1966 3538 2037 3596 cs.
2077 3537 2352 3617 Apollod.
2396 3538 2443 3612 I,
2489 3545 2554 3604 2.
2591 3542 2650 3604 6.

1560 3633 1621 3682 et
1646 3622 1769 3683 hoc
1796 3624 1962 3701 sequi
2001 3643 2348 3703 possumus,
2391 3643 2510 3683 nec
2531 3625 2652 3683 im-

1557 3709 1746 3789 pedit,
1785 3709 1950 3787 quod
1979 3710 2205 3789 Sffgiis
2232 3709 2413 3768 uadi-s·
2439 3730 2503 3769 v.
2523 3710 2650 3775 215

1556 3796 1902 3875 provenisse
1959 3795 2215 3855 dixerat.
2317 3795 2428 3854 Est
2486 3796 2650 3854 enim

1558 3880 1706 3939 haec
1731 3881 1966 3961 poetica
2000 3881 2190 3940 forma
2209 3926 2226 3957 ,
2269 3881 2376 3940 ubi
2407 3881 2483 3940 de
2514 3901 2648 3940 ma-

1556 3967 1646 4026 lae
1678 3967 1767 4027 rei
1798 3967 2020 4044 origine
2049 3967 2264 4047 agitur.
2349 3968 2648 4044 (Foedare

1555 4072 1664 4134 per
1692 4053 2128 4133 appositionem
2161 4052 2465 4113 adiectum
2496 4054 2648 4113 sub-

1556 4140 1816 4199 stantivo
1844 4140 2102 4216 proelia.
2175 4140 2279 4199 Ge.
2322 4139 2424 4214 IV,
2470 4141 2646 4205 554.:

1554 4228 1685 4284 Hie
1737 4247 1868 4283 vero
1901 4224 2162 4284 subitum
2207 4246 2284 4284 ac
2321 4226 2494 4286 dictu
2521 4228 2642 4283 mi-

1556 4311 1744 4370 rabile
1792 4321 2133 4371 monstrum
2164 4310 2535 4389 Aci-spiciam!
2554 4341 2643 4356 -

1552 4410 1670 4457 toto
1712 4396 1969 4458 stridere
2010 4418 2156 4477 apes
2199 4411 2383 4457 utem.
2442 4395 2631 4458 Wclz.
