2882 5028
445 380 600 452 220
939 357 2240 444 ExCURSUstu'

443 563 637 624 multa
674 560 862 621 hebet
904 568 1320 621 consentanea.
1405 556 1724 637 Virgilium
1763 557 1831 617 in
1874 556 1992 618 hac
2021 558 2221 618 sabula
2262 560 2563 639 expressit
2590 561 2717 622 Va-

443 649 551 710 ler.
593 648 684 708 Fl.
728 647 775 723 I,
821 649 947 714 576
990 667 1116 725 sqq.
1175 644 1260 703 sic
1314 653 1389 703 ut
1443 640 1615 703 facile
1670 644 2035 705 imitatorem
2076 645 2408 724 intelligas3
2466 648 2720 707 brevius

441 734 855 885 ἰιῧπξιἹίξιιειιι
901 732 1251 812 exsequitur
1305 729 1484 790 Silius
1542 730 1659 806 lX,
1708 730 1829 796 491
1894 752 2022 811 sqq.
2087 730 2388 812 Apollonii
2437 734 2718 814 exemplo

527 865 544 897 ,
717 863 732 880 .

1365 1050 1783 1062 —————

1048 1270 1904 1363 EXCURSUS
1986 1273 2083 1358 11

624 1426 1257 1518 Nymphae
1341 1427 1878 1495 Iunonis
1966 1429 2518 1496 comite-s.

580 1589 626 1664 l,
670 1590 772 1652 71.
828 1586 986 1645 Sunt
1037 1583 1194 1643 mihi
1247 1584 1338 1645 bis
1377 1597 1605 1664 septem
1636 1582 1990 1662 ‘praestanti
2047 1606 2287 1662 corpore
2334 1586 2701 1664 Nymphae.

437 1673 634 1732 Habet
684 1672 867 1751 igitur
894 1670 1073 1730 etiam
1117 1670 1269 1730 Iuno
1315 1691 1453 1731 suas
1495 1668 1833 1750 Nymphas,
1892 1690 2016 1729 non
2059 1670 2242 1730 modo
2284 1670 2494 1730 Diana.
2574 1670 2713 1729 Me-

435 1766 754 1818 morantur
813 1777 1023 1816 earum
1069 1756 1311 1814 nomina
1368 1756 1534 1837 apud
1576 1757 1864 1836 Pompon.
1909 1756 2045 1815 Sab.
2105 1756 2185 1815 ad
2226 1756 2291 1815 h.
2334 1756 2375 1816 l.
2462 1756 2585 1815 Sed
2628 1777 2712 1815 ne

434 1844 672 1920 fallare,
737 1841 1043 1923 exscripta
1103 1862 1171 1899 ea
1230 1861 1354 1901 esse
1412 1851 1619 1903 teneas
1680 1860 1759 1900 ex
1803 1843 2018 1921 Georg.
2062 1841 2160 1917 IV,
2219 1846 2345 1905 836
2386 1862 2533 1920 sqq.,
2595 1843 2709 1902 ubi

331 1968 340 1979 -
433 1930 713 1989 Nereides
771 1930 1084 2009 Clymenes
1138 1928 1385 1987 comites
1441 1936 1897 1988 enumerantur.
1979 1929 2172 1988 Locus
2225 1937 2426 1987 autem
2471 1928 2711 2027 Virgilii

433 2034 750 2095 expressus
793 2034 871 2073 ex
912 2014 1080 2074 Iliad.
1121 2014 1174 2089 ξ,
1218 2017 1345 2078 267
1389 2034 1538 2093 sqq„
1585 2014 1690 2074 ubi
1732 2023 1937 2073 tamen
1982 2013 2130 2073 luno
2175 2015 2399 2074 Somno
2438 2015 2707 2093 promit-

432 2101 515 2161 tit
558 2102 862 2183 Χαρίτων
883 2101 1031 2179 μίαν
1073 2093 1478 2181 ὁπλοτεράων.
1563 2098 1837 2159 Charites
1879 2099 2037 2159 enim
2072 2100 2288 2159 lunoni
2330 2099 2555 2159 adsunt
2582 2122 2708 2159 an-

430 2187 606 2266 tiqua
660 2186 963 2265 religione.
1047 2186 1138 2246 Ita
1196 2184 1361 2265 apud
1408 2187 1662 2245 Pausan.
1704 2185 1939 2260 11,17.
2045 2185 2165 2244 Sed
2207 2185 2443 2265 fingunt
2481 2196 2709 2266 poetae

430 2273 724 2333 nonnulla
761 2280 1002 2351 praeter
1042 2270 1376 2348 religiones.
1464 2270 1566 2331 Sic
1606 2270 1834 2331 statius
1864 2271 2090 2331 Palladi
2110 2292 2233 2331 non
2277 2271 2476 2331 minus
2511 2293 2708 2350 quam

429 2359 653 2419 Dianae
695 2358 943 2417 comites
989 2358 1096 2418 dat
1139 2355 1327 2417 Theb.
1369 2357 1458 2433 11,
1505 2360 1650 2422 289.
1753 2354 2038 2436 Alioquin
2079 2357 2278 2417 Horae
2321 2358 2535 2429 Iunoni
2582 2358 2705 2418 ad-

428 2454 605 2522 sunt,
663 2464 811 2523 quas
867 2442 947 2503 ad
1007 2450 1268 2524 quatuor
1324 2444 1469 2524 anni
1526 2452 1803 2523 tempora
1843 2453 2088 2503 revocat
2132 2443 2400 2518 Quintus
2443 2444 2570 2503 cal.
2614 2446 2704 2523 X,

427 2535 555 2597 386
599 2551 727 2610 sqq.
813 2531 882 2590 In
910 2530 1175 2590 Homero
1204 2528 1394 2589 multa
1424 2538 1604 2605 sunt,
1649 2548 1801 2608 quae
1836 2531 2035 2590 minus
2066 2530 2400 2611 displicent.
2469 2532 2704 2591 Somno

427 2618 738 2698 coniugem
780 2617 1087 2697 promitti,
1147 2614 1332 2694 magis
1390 2624 1483 2675 est
1539 2624 2041 2695 consentaneum,
2086 2637 2269 2695 quam
2309 2614 2494 2676 Aeolo
2512 2661 2532 2692 ,
2577 2618 2703 2677 ΧΠ

422 2703 544 2763 iam
589 2724 668 2763 ex
707 2722 902 2764 uxore
945 2702 1101 2763 filios
1129 2699 1399 2779 habenti,
1444 2722 1505 2760 v.
1536 2700 1755 2780 Odyss.
1799 2725 1856 2777 κ,
1898 2723 2011 2783 pr.,
2058 2704 2156 2762 cui
2196 2702 2336 2763 ideo
2366 2722 2474 2761 nec
2510 2723 2572 2762 v.
2606 2703 2700 2767 74

425 2790 653 2869 aliquid
704 2789 998 2870 praeclari
1054 2786 1383 2847 admodum
1439 2786 1820 2866 promittitur
1839 2832 1856 2862 ,
1911 2788 2124 2867 pulcra
2182 2808 2317 2848 eum
2359 2787 2532 2868 prole
2576 2809 2700 2869 pa-

421 2878 656 2938 rentem
697 2877 994 2936 futurum.
1079 2872 1420 2935 Dicendum
1465 2880 1700 2947 tamen,
1759 2872 2076 2953 Virgilium
2118 2873 2235 2933 hac
2274 2875 2338 2933 in
2381 2883 2556 2954 parte
2592 2875 2700 2933 sa-

421 2961 600 3022 bulae
643 2962 719 3022 ab
760 2961 1028 3021 Homero
1069 2959 1405 3035 recessisse,
1451 2916 1823 3036 Aeolunique
1870 2960 2142 3019 nondum
2186 2959 2369 3020 uxori
2409 2960 2698 3021 iunctum

421 3046 706 3127 posuisse.
793 3047 865 3106 In
907 3044 1010 3110 74.
1054 3047 1157 3112 75.
1192 3044 1393 3104 voluit
1432 3052 1608 3124 poeta
1651 3043 1988 3104 Homericis
2028 3046 2228 3106 verbis
2259 3065 2335 3104 ex
2362 3045 2403 3106 l.
2442 3047 2697 3108 l.1]iad.

421 3135 456 3208 ξ
497 3133 622 3210 uti3
677 3132 784 3191 ubi
829 3150 889 3192 v.
935 3134 1062 3195 269
1110 3133 1334 3190 Somno
1378 3129 1761 3209 promittitur
1803 3131 1902 3189 Pa.
1889 3130 2098 3208 ithea,
2149 3125 2227 3213 ἧς
2272 3128 2405 3195 αἰὲν
2458 3130 2697 3197 ἐέλδεαι

419 3213 625 3299 ἤματα
665 3212 900 3293 πάντα,
964 3220 1140 3274 cuius·
1202 3236 1404 3274 amore
1462 3228 1529 3274 tu
1565 3217 1813 3294 flag-ms
1869 3216 1949 3274 ab
2009 3222 2174 3277 omni
2214 3219 2353 3276 inde
2396 3230 2687 3297 tempore,

420 3304 593 3363 cuius
641 3322 844 3362 amore
898 3303 1020 3361 iam
1066 3299 1301 3360 dudum
1360 3301 1584 3360 teneris
1630 3298 1796 3382 (vide
1839 3306 1987 3378 2⁴76,
2054 3305 2127 3363 cs.
2172 3303 2387 3383 Odyss.
2435 3326 2480 3379 ε,
2540 3310 2690 3370 210

417 3386 601 3472 219):
643 3408 797 3489 quae
839 3388 1033 3447 multo
1077 3386 1287 3446 melior
1330 3395 1420 3444 est
1461 3387 1730 3446 muneris
1775 3390 2235 3450 commendatio.
2321 3388 2442 3447 Sed
2485 3390 2691 3470 virgi-

415 3475 571 3551 lius,
614 3473 732 3535 nisi
771 3475 834 3534 in
881 3473 1180 3534 diversam
1225 3471 1582 3531 sententiam
1624 3491 1838 3532 versus
1880 3473 2233 3535 Homericos
2274 3474 2555 3553 deflexit,
2599 3476 2691 3537 ita

418 3560 713 3642 accepisse
754 3559 1032 3634 videtur,
1095 3579 1284 3640 quam
1327 3570 1392 3617 tu
1436 3579 1671 3636 semper
1704 3558 1982 3637 amabile,
2046 3560 2273 3624 ἐέλδεαι
2313 3582 2427 3641 pro
2473 3563 2690 3623 futuro

415 3657 714 3727 tempore;
787 3645 954 3725 quod
1019 3654 1082 3705 et
1146 3644 1347 3724 ipsum
1401 3643 1920 3704 accommodatum
1991 3657 2082 3706 est
2139 3646 2335 3727 prisco
2395 3644 2533 3709 usui
2593 3651 2689 3710 lo-

413 3733 655 3812 quendi.
721 3732 893 3793 Vide
937 3752 996 3792 v.
1044 3752 1094 3792 c.
1137 3730 1362 3836 Hymn.
1401 3730 1465 3789 in
1499 3729 1793 3790 Venerem
1834 3751 1895 3791 v.
1928 3732 2070 3809 149,
2115 3743 2176 3792 et
2204 3732 2422 3812 0115.ae
2467 3740 2516 3811 ζ,
2558 3740 2680 3802 281

415 3818 532 3895 ἕξει
584 3818 652 3884 δέ
704 3842 809 3899 μιν
849 3814 1053 3900 ἤματα
1100 3811 1322 3881 πάντα.
1407 3816 1585 3874 Unde
1629 3826 1906 3917 apparet,
1969 3828 2174 3879 vetere
2237 3838 2388 3880 aevo
2436 3823 2686 3884 omnino

415 3903 576 3965 hanc
617 3905 797 3966 fuisse
840 3904 1161 3966 formulam
1208 3901 1558 3982 designandi
1606 3902 1879 3982 coniugii.

1336 4203 1749 4213 -—-—---·-—-
