2882 5028
742 309 1680 437 Ain-LIBRUM
1783 364 1874 435 11
2131 307 2138 312 ⁶
2299 375 2448 447 413

168 572 310 632 gere
345 552 590 631 potuit,
636 563 715 614 ut
754 554 1122 620 tamen'eius
1149 555 1336 616 verba
1359 569 1474 634 pro
1498 552 1687 614 fundo
1729 562 1924 615 essent
1962 552 2205 633 reliquis
2240 558 2452 636 poetis.

173 640 307 698 Una
368 636 573 697 adhuc
627 650 910 720 superest
960 639 1201 700 fabulae
1254 641 1331 700 de
1373 641 1708 700 Laocoonte
1752 641 2021 700 narratio
2070 662 2164 720 ap.
2202 643 2448 705 Petron.

173 746 225 784 c.
251 729 338 789 89
371 725 439 783 in
469 719 700 789 ἁλύσει
729 725 947 786 Troiae
981 746 1041 785 v.
1072 730 1155 791 29
1182 746 1343 805 sqq.‚
1387 726 1495 785 sed
1517 746 1584 784 ea
1614 745 1692 786 ex
1716 726 1993 806 Virgilio,
2032 725 2100 785 in
2143 727 2451 789 nonnullis

172 821 423 870 tantum
449 830 577 871 non
607 812 956 892 pueriliter,
1001 813 1062 872 in
1090 811 1220 871 aliis
1253 811 1674 872 declamatorie
1718 811 1921 871 omnia
1965 811 2029 870 in
2075 813 2265 873 maius
2306 815 2450 874 effe-

171 896 411 971 rendo,
456 916 746 976 expressa
789 896 926 979 (etsi
951 897 1017 957 in
1054 898 1262 958 multis
1301 899 1453 959 bene
1495 918 1627 956 eam
1670 898 1959 958 adversus
2005 898 2295 976 Tollium,
2346 901 2451 978 qui

174 984 239 1042 in
296 982 348 1044 F
352 983 605 1042 ortuitis
653 1004 712 1063 p.
776 981 857 1048 14
933 984 1285 1044 Petronium
1344 1004 1484 1044 cum
1524 983 1767 1062 Virgilio
1811 983 2097 1059 contulit,
2162 985 2449 1048 defendat

174 1067 450 1149 Burm.),
503 1069 634 1129 sive
656 1071 710 1128 is
738 1088 879 1128 vere
903 1069 1165 1129 tabulam
1203 1070 1464 1148 aliquam
1502 1080 1636 1129 tum
1679 1069 2062 1149 superstitem
2109 1082 2250 1131 ante
2296 1092 2448 1132 ocu-

176 1154 268 1213 los
296 1153 623 1229 habuerit,
668 1155 794 1214 sive
820 1154 1042 1215 habere
1079 1156 1342 1215 finxerit.
1427 1156 1594 1215 Inter
1637 1156 1787 1231 alia,
1845 1177 1981 1215 cum
2026 1154 2306 1235 Virgilius
2347 1158 2447 1217 in-

176 1249 413 1299 tactum
445 1240 819 1318 reliquisset,
864 1251 1076 1301 utrum
1117 1243 1395 1301 Laocoon
1436 1261 1645 1304 morsu
1683 1242 1976 1321 serpentis
2008 1243 2290 1321 perierit,
2334 1264 2450 1303 nec

186 1345 292 1402 ne,
340 1327 446 1385 ille
493 1346 554 1385 v.
585 1326 667 1390 49
696 1347 825 1405 sqq.
851 1337 1087 1407 patrem
1133 1348 1271 1388 cum
1315 1327 1451 1387 liliis
1491 1327 1898 1387 exanimatum
1940 1327 2213 1405 exhibet,
2261 1349 2446 1409 porro

182 1433 237 1472 v.
266 1411 353 1475 44
386 1412 463 1471 de
490 1412 725 1492 pueris:
764 1415 1067 1490 parvulas
1108 1415 1205 1472 illi
1231 1434 1452 1473 matius
1477 1413 1588 1472 Ad
1620 1427 1904 1472 monstra
1934 1427 2165 1473 vertunt
2175 1435 2205 1485 ,·
2243 1427 2449 1473 neuter

182 1499 421 1556 auxilio
446 1497 569 1556 sibi
584 1543 603 1572 ,
663 1500 920 1577 Uterque
950 1499 1151 1577 fiutn'
1189 1502 1494 1558 transtulit
1518 1500 1668 1577 pias
1713 1501 1871 1558 vices
1891 1543 1908 1572 ‚
1971 1502 2263 1580 Morsque
2305 1503 2446 1578 ipsa

183 1587 427 1642 miseros
464 1598 674 1642 nmmo
711 1583 913 1660 perdit
945 1598 1125 1645 metu.
1209 1584 1458 1644 Placent
1497 1583 1648 1643 haec
1683 1586 1879 1644 mutui
1918 1586 2178 1644 fratrum
2229 1586 2447 1645 amoris

191 1669 582 1748 cogitatione5
625 1668 730 1727 sed
756 1670 1095 1730 acmratius
1121 1670 1458 1751 dispicienti
1487 1671 1596 1731 vix
1632 1690 1708 1729 ex
1746 1691 1950 1730 rerum
1991 1672 2244 1731 veritate
2286 1671 2448 1730 dicta

189 1755 379 1815 videri
406 1763 696 1836 possunt;
740 1755 852 1814 sibi
881 1756 1072 1828 enim,
1118 1777 1241 1815 non
1284 1757 1491 1829 alteri,
1536 1761 1601 1814 in
1637 1760 1824 1833 gravi
1860 1778 1937 1815 ac
1976 1760 2280 1834 repentino
2325 1770 2446 1815 ter-

190 1863 307 1900 mre
331 1841 600 1900 consulit
625 1840 911 1918 quisque,
956 1853 1018 1900 et
1055 1842 1407 1921 importuno
1435 1842 1763 1902 verborum
1804 1842 1944 1901 lusu
1978 1861 2257 1922 expressa
2299 1842 2447 1901 talia

190 1919 351 1987 nolis.
440 1926 565 1985 Sed
607 1924 758 1985 liaec
781 1927 902 1986 iam
933 1928 1347 1988 animadversa
1377 1949 1414 1986 a
1439 1928 1736 2006 Lessingio
1769 1929 1831 1987 in
1874 1930 2214 1988 Laocoonte
2252 1950 2312 2008 p.
2360 1932 2444 1996 57

189 2013 405 2073 videas.
483 2013 766 2071 Ceterum
782 2057 797 2087 ,
844 2013 1008 2091 quod
1030 2015 1332 2093 parvulas
1363 2037 1583 2073 manus
1619 2015 1864 2089 tribuit,
1921 2014 2248 2076 admodum
2290 2034 2446 2094 pue-

183 2120 282 2159 ros
306 2099 560 2158 videtur
592 2097 925 2177 significare
951 2100 1135 2175 velle3
1187 2110 1251 2159 et
1290 2100 1596 2179 Virgilius:
1648 2119 1855 2178 pan-a
1896 2101 2150 2159 duorum
2192 2121 2445 2178 corpora

184 2194 489 2245 natorum.
577 2184 748 2242 Talia
788 2205 1026 2264 quoque
1077 2186 1141 2245 in
1192 2186 1427 2245 Codicis
1473 2186 1748 2246 Vaticani
1787 2185 2053 2265 pictura,
2114 2186 2444 2246 admodum

184 2270 389 2330 inscite
424 2271 621 2345 sacta,
679 2289 956 2349 expressa
994 2272 1219 2332 videas.
1306 2272 1369 2331 Si
1410 2280 1615 2330 tamen
1656 2272 2014 2331 sacrificanti
2055 2273 2216 2351 patri
2261 2273 2444 2332 mini-

184 2357 431 2418 sterium
466 2355 933 2435 praestiterunt,
977 2367 1286 2435 tamquam
1323 2358 1589 2434 camilli3
1643 2359 1753 2417 vix
1790 2358 1941 2418 adeo
1987 2367 2223 2419 teneros
2266 2357 2444 2417 exhi-

186 2442 309 2504 beri
338 2463 371 2500 a
415 2450 600 2523 poeta
646 2461 816 2521 posse
860 2452 1057 2523 putes.
1155 2445 1234 2502 Et
1273 2443 1424 2502 tales
1462 2444 1801 2524 impuberes
1853 2441 2246 2527 (quamquam
2286 2454 2347 2503 et
2389 2445 2445 2503 ·ii

181 2530 286 2611 ipsi
336 2527 744 2609 reprehensi,
815 2528 982 2606 quod
1042 2530 1234 2609 patris
1297 2530 1556 2610 speciem
1608 2551 1733 2590 non
1785 2532 1927 2590 satis
1980 2541 2256 2610 aequant.
2316 2530 2442 2591 vid.

183 2615 569 2675 fficiam-dcun
587 2659 606 2688 ,
656 2616 963 2693 Descn‘pt.
1005 2616 1081 2673 de
1129 2618 1325 2674 divers
1372 2616 1688 2676 Tableauoe
1731 2626 1844 2677 etc.
1894 2637 1952 2696 p.
1997 2618 2142 2681 513.
2230 2618 2443 2676 Comes

184 2703 251 2765 de
276 2702 506 2781 C'aylus
538 2700 714 2760 Tom.
740 2701 917 2760 XXV
944 2700 1123 2760 Mem.
1151 2700 1225 2760 de
1255 2700 1399 2762 l’Ac.
1428 2701 1618 2760 des-l.
1661 2723 1718 2783 p.
1766 2703 1916 2784 329)
1964 2702 2027 2760 in
2072 2701 2441 2762 nobilissimo

190 2787 288 2845 illo
339 2786 711 2846 Laocoontis
751 2805 889 2847 cum
935 2787 1072 2846 filiis
1124 2786 1361 2847 duobus
1413 2787 1615 2867 signo,
1675 2787 1841 2865 quod
1882 2788 2024 2846 olim
2074 2787 2442 2847 viridarium

196 2871 498 2931 Pontifices
541 2872 712 2931 Max.
750 2873 1009 2949 Romae,
1070 2893 1237 2932 nunc
1274 2872 1551 2933 Museum
1594 2872 2195 2937 Pio-clementinum
2237 2872 2443 2949 habet,

195 2957 319 3015 sive
343 2956 716 3018 Rhodiorum
743 2957 1045 3018 artificum
1074 2979 1256 3038 opus,
1298 2958 1425 3018 sive
1455 2960 1582 3019 eius
1629 2958 1999 3039 exeniplum,
2059 2957 2440 3018 exhibentur.

190 3041 260 3102 Iu
288 3043 558 3122 reliquis,
606 3061 740 3101 meo
772 3042 1016 3121 quidem
1039 3043 1296 3121 iudicio,
1358 3054 1465 3105 aut
1509 3044 1658 3104 nihil
1700 3046 1764 3104 in
1803 3045 1969 3124 signo
2008 3045 2111 3104 illo
2156 3045 2441 3121 occurrit,

186 3129 345 3207 quod
390 3148 760 3208 magnopere
800 3149 940 3189 cum
983 3130 1225 3208 Virgilio
1271 3131 1619 3206 conveniat5
1689 3140 1795 3192 aut
1840 3151 2031 3191 unum
2064 3141 2128 3191 et
2168 3132 2441 3208 alterum,

177 3215 343 3293 quod
369 3217 570 3293 adeo,
616 3234 728 3274 nec
769 3215 1005 3275 artificii
1037 3216 1135 3274 vel
1176 3217 1456 3276 carminis
1502 3219 1733 3277 ratione
1782 3218 1870 3276 ita
1907 3219 2282 3298 postulante,
2341 3217 2442 3276 di-

176 3321 424 3361 versum
467 3302 588 3375 sit,
644 3301 943 3377 occurrit,
999 3311 1215 3361 contra
1258 3320 1436 3377 vero,
1480 3303 1577 3379 id,
1622 3304 1787 3381 quod
1829 3304 1893 3362 in
1934 3323 2112 3383 opere
2152 3304 2441 3363 Vaticano

168 3387 456 3467 inprimis
478 3387 921 3447 attendendum
951 3397 1116 3462 erat,
1174 3398 1549 3451 momentum
1594 3391 1681 3448 rei
1719 3400 1949 3468 gestae,
2007 3389 2174 3468 quod
2220 3391 2444 3449 artifex

164 3473 572 3534 eamindicio
601 3472 853 3551 delegit,
897 3473 958 3532 in
993 3473 1256 3532 carmine
1287 3493 1362 3532 ne
1408 3475 1652 3551 quidem
1697 3475 2043 3553 attingitur:
2093 3486 2441 3556 serpentum

158 3569 376 3619 autem
402 3558 556 3618 nodi
596 3578 843 3637 prorsus
881 3568 1026 3618 sunt
1068 3558 1323 3635 diversi;
1389 3580 1530 3619 nam
1573 3569 1830 3638 uterque
1871 3580 2113 3640 serpens
2153 3562 2443 3641 implicita

154 3645 541 3706 Laocoontis
583 3645 815 3703 cervice
856 3665 1040 3724 supra
1077 3655 1261 3724 caput
1301 3646 1430 3705 eius
1472 3644 1712 3704 eminet.
1799 3645 1971 3719 Quae
2015 3668 2152 3707 cum
2191 3648 2277 3707 ita
2317 3667 2441 3705 sese

154 3729 480 3806 habeant,
540 3749 759 3809 parum
823 3731 1105 3789 materiae
1160 3732 1213 3789 ei
1271 3730 1664 3810 disputationi
1704 3731 1845 3790 inde
1883 3742 2197 3813 suppetere
2243 3734 2442 3794 videri

150 3819 395 3897 possit,
442 3824 658 3876 utrum
688 3827 931 3896 poetam
965 3817 1182 3875 artifex
1202 3859 1219 3891 ,
1259 3837 1334 3876 an
1360 3816 1412 3875 is
1449 3825 1687 3896 poetam
1718 3827 2007 3896 sequutus
2033 3820 2129 3878 sit.
2215 3820 2442 3879 Neuter

152 3905 330 3964 enim
370 3903 672 3976 alterum,
732 3921 928 3980 neque
968 3912 1227 3979 uterque
1267 3921 1584 3961 commune
1634 3903 1878 3981 aliquod
1913 3906 2285 3985 exemplum,
2345 3905 2441 3965 vel

149 3990 434 4049 eundem
461 3998 809 4062 auctorem,
849 3997 989 4046 ante
1018 3988 1225 4048 oculos
1253 3986 1534 4047 habuisse
1549 4032 1568 4064 ‚
1612 3990 1717 4049 sed
1753 4001 2010 4068 uterque
2048 4012 2188 4051 suos
2228 4001 2442 4051 aucto-

142 4095 297 4153 res,
364 4073 555 4157 (quos
597 4074 806 4154 plures
844 4074 906 4132 in
950 4072 1068 4133 hac
1098 4073 1303 4133 sabula
1344 4075 1609 4134 extitisse
1661 4085 1731 4133 ut
1768 4086 2102 4152 constaret,
2161 4098 2345 4157 supra
2407 4097 2438 4135 a

144 4163 338 4223 nobis
379 4160 797 4221 allaboratum
843 4158 957 4240 est)
976 4204 993 4233 ,
1050 4178 1309 4239 suaeque
1348 4160 1495 4219 artis
1530 4161 1792 4221 rationes
1836 4173 2126 4241 sequutus
2176 4182 2301 4222 esse
2346 4163 2442 4221 di·-

143 4250 410 4311 cendus.
500 4247 573 4307 In
629 4245 795 4307 hanc
856 4254 1057 4304 tamen
1115 4245 1190 4304 de
1247 4245 1588 4307 discrimine
1622 4248 1782 4306 inter
1824 4258 2032 4330 poetae
2082 4257 2144 4307 et
2193 4246 2442 4307 artificis

138 4355 375 4418 opera,
422 4351 767 4411 eorumque
793 4350 1027 4389 caussas
1056 4350 1126 4389 ac
1152 4332 1446 4409 rationes,
1492 4333 1956 4411 disputationem
1990 4333 2266 4393 incidisse
2294 4333 2442 4391 Les-

134 4422 439 4506 singinm,
487 4429 583 4481 est
611 4416 791 4499 quod
814 4417 1218 4495 gramlemur,
1263 4438 1402 4480 cum
1436 4420 1492 4480 ei
1530 4420 1755 4481 librum
1792 4421 2165 4502 praeclarum
2209 4437 2283 4478 eo
2324 4438 2442 4479 no-
