2882 5028
477 396 634 468 702
970 388 1054 461 P.
1115 384 1644 462 VIRGILII
1698 383 2254 460 MARONIS

479 575 607 651 Sic
647 573 770 651 ait.
840 571 981 648 Illa
1022 569 1358 671 gradum
1402 569 1667 647 studio
1715 569 2109 647 celerabat
2153 567 2464 650 anilem.

475 685 576 757 At
603 675 914 777 trepida
943 690 1024 752 et
1058 677 1361 776 coeptis
1389 674 1843 750 inmanibus
1885 671 2133 749 effera
2157 672 2397 768 Dido,

480 781 1011 879 Sanguineam
1044 780 1378 857 volvens
1418 779 1707 877 aciem,
1772 777 2267 880 maculisque
2315 770 2684 852 trementis

581 923 753 997 641.
797 938 1016 995 ΛΜΗ

614 1153 715 1213 641
752 1158 1000 1224 Dixerat,
1034 1155 1140 1211 illa
1165 1156 1406 1210 Perrhss.
1479 1155 1788 1211 celebrabat
1815 1176 1847 1210 a
1872 1176 1954 1227 pr.
1982 1176 2050 1210 m.
2078 1154 2272 1223 Medic.
2303 1174 2417 1209 cum
2446 1150 2569 1214 aliis,
2597 1148 2687 1199 fre-

479 1228 664 1297 quenti
689 1226 857 1297 lspsu.
905 1231 984 1298 (ln
1025 1226 1211 1280 Medio.
1252 1227 1449 1295 legitur
1479 1226 1783 1290 celerabat,
1828 1227 1926 1279 sed
1959 1226 2318 1295 superscripta
2352 1225 2411 1288 ὃς
2457 1222 2509 1275 in
2537 1219 2685 1273 eodem

480 1307 651 1348 exstat
693 1297 829 1349 infra
860 1299 925 1363 V,
976 1300 1098 1352 609.
1138 1299 1280 1349 viam
1322 1295 1631 1360 celebrans,
1678 1296 1775 1348 sed
1820 1296 1851 1347 b
1891 1307 2087 1366 puncto
2126 1306 2328 1348 notata.
2417 1286 2685 1344 eelebmbae

481 1366 572 1419 hic
596 1366 753 1419 etiam
790 1385 820 1418 s
851 1366 1034 1419 Servio
1063 1377 1527 1418 commemoratur:
1582 1366 1721 1431 „Alii
1757 1365 2065 1418 celebrabat
2105 1364 2328 1432 legunt,
2377 1363 2492 1433 quis
2528 1355 2686 1426 antiqui

481 1435 584 1488 hoc
612 1437 821 1488 verbum
851 1437 904 1487 in
934 1436 1218 1488 velocitate
1251 1438 1547 1503 ponebant3
1584 1438 1782 1488 Attius:
1823 1436 1997 1487 Celeri
2020 1436 2204 1506 gradu
2275 1452 2479 1486 tessum
2511 1430 2685 1482 adee-

481 1504 729 1558 lebras
746 1524 773 1557 s
790 1525 819 1557 e
855 1507 1059 1559 ἀει-εκ*
1110 1506 1308 1557 Nonius
1338 1523 1458 1575 pag.
1485 1508 1571 1559 89.
1593 1506 1676 1557 ed.
1703 1507 1889 1556 Mera:
1926 1455 2274 1568 „CELEBRff
2295 1520 2399 1555 non
2426 1503 2575 1554 solum
2599 1497 2685 1548 fre-

481 1591 675 1645 quens,
711 1575 804 1626 sed
835 1575 991 1626 etiam
1030 1574 1201 1627 velox.
1271 1576 1454 1629 Accius
1487 1574 1769 1645 Aegistho:
1822 1573 2116 1626 celebri
2186 1575 2334 1626 rada
2360 1588 2590 1645 gressum
2612 1583 2684 1617 αο-

481 1646 748 1696 celera-sse
800 1646 1017 1696 decet.“
1086 1644 1212 1697 vid.
1262 1646 1419 1697 etiam
1462 1647 1695 1698 Gronov·
1751 1644 1818 1695 ud
1861 1644 2000 1697 Gen.
2046 1646 2127 1694 xl
2201 1684 2216 1709 ,
2263 1642 2319 1698 4.
2405 1642 2530 1693 Hinc
2570 1644 2681 1689 certe

479 1713 706 1783 intelligi
733 1714 956 1778 videtur,
991 1730 1097 1765 non
1128 1732 1243 1766 esse
1282 1715 1385 1766 hoc
1413 1714 1744 1766 librariorum
1772 1714 1942 1765 errori
1966 1714 2163 1797 ubique
2194 1713 2531 1765 tribuendum.
2570 1703 2682 1769 W.)

480 1782 819 1835 accelerabat
870 1784 1032 1835 Goth.
1094 1800 1199 1836 sec.
1272 1786 1472 1836 anilem
1514 1786 1806 1835 Burmanno
1860 1783 2026 1834 invito
2070 1800 2124 1833 m
2172 1792 2475 1835 contextum
2522 1776 2683 1830 venisse

479 1853 734 1935 suspicor.
804 1855 939 1905 Nem
977 1852 1290 1905 Heinsianae
1321 1854 1440 1907 edd.
1475 1856 1615 1906 anili
1652 1854 1913 1917 retinent,
1963 1862 2018 1904 et
2061 1854 2384 1905 Burmannus
2421 1851 2491 1903 ita
2528 1845 2681 1899 rectius

478 1923 586 1992 legi
611 1923 929 1992 pronuntiat.
998 1929 1167 1992 Atque
1193 1923 1267 1974 ita
1297 1925 1564 1975 Mediceus
1585 1942 1699 1975 cum
1727 1922 2185 1992 praestantissimis
2219 1922 2369 1984 aliis3
2408 1922 2525 1971 item
2552 1912 2681 1968 Goth·

480 2010 559 2062 pr.
593 2002 648 2042 et
673 2010 776 2043 sec.
800 2011 829 2043 a
856 2010 924 2044 m.
955 2011 1056 2043 sec.
1095 2003 1173 2060 (et
1195 1994 1245 2047 3.
1274 1996 1325 2049 9.
1369 1997 1452 2046 W
1447 1995 1515 2058 r.)
1567 1994 1689 2044 Non
1715 1992 1851 2044 male
1875 2010 1999 2045 sane
2022 1992 2222 2044 dictum
2249 1992 2465 2044 alterum
2492 1996 2681 2057 quoqne:

481 2060 657 2130 expuli
690 2071 863 2113 tamen
892 2061 1131 2114 codicum
1160 2062 1301 2114 iussu
1318 2102 1331 2127 ,
1368 2064 1514 2133 quod
1542 2063 1653 2113 fors
1680 2061 1942 2114 intulerat.
2016 2063 2143 2129 (Sed
2166 2061 2465 2119 accuratius
2484 2075 2579 2109 rem
2610 2068 2681 2103 εἰ·

481 2130 731 2201 pendenti
763 2131 1112 2199 praeferenda
1145 2134 1324 2203 utique
1365 2132 1633 2183 videbitur
1668 2131 1830 2183 lectio
1860 2132 2077 2184 anilem.
2146 2134 2323 2202 Ipsum
2349 2130 2555 2200 primum
2587 2136 2682 2175 εω-

479 2199 700 2251 tentiam
733 2200 1144 2265 considerantes,
1192 2220 1296 2253 uon
1339 2201 1481 2253 idem
1522 2219 1637 2253 esse
1680 2201 1865 2261 studio
1907 2202 2050 2253 anili
2080 2203 2325 2274 gradum
2369 2194 2614 2251 celerabat
2634 2206 2681 2240 tc

477 2269 716 2340 gradum
752 2271 950 2321 anilem
987 2271 1173 2323 studio
1218 2270 1495 2323 celerabat
1535 2270 1891 2338 intelligimus.
1962 2270 2153 2323 Illud
2199 2270 2480 2340 significat,
2523 2276 2681 2343 prope·

477 2338 790 2391 rasse'illam
819 2339 1056 2408 quidem,
1092 2341 1187 2392 sed
1210 2341 1385 2392 studio
1413 2340 1577 2403 anili,
1612 2340 1648 2391 i.
1680 2358 1725 2392 e.
1759 2349 2004 2408 quantum
2038 2359 2165 2392 anus
2234 2349 2437 2401 otei-at,
2470 2335 2581 2387 satis
2600 2345 2680 2397 ²3¹·

478 2418 565 2459 tur
590 2406 762 2469 lente;
799 2436 867 2447 -
903 2427 1019 2459 nam
1056 2421 1333 2461 movent
1368 2427 1496 2461 anus
1545 2409 1791 2478 quidem,
1839 2419 1897 2459 ut
1945 2420 2029 2461 est
2072 2360 2231 2480 apud²
2256 2407 2574 2468 Terentium,
2607 2396 2678 2451 ted

479 2476 616 2529 nihil
703 2495 842 2530 rom
859 2494 936 2530 ov
955 2496 983 2529 e
1001 2496 1034 2529 n
1053 2489 1111 2543 t;
1147 2490 1202 2531 et
1237 2480 1488 2532 hactenus
1518 2478 1907 2532 Wunderlichii
1934 2478 2307 2550 interpretatio
2326 2520 2341 2545 ,
2382 2492 2562 2548 magno
2585 2481 2679 2523 stu·

481 2548 609 2612 dio,
643 2496 772 2599 lix-ri
797 2558 999 2617 potest3
1041 2579 1109 2588 —
1145 2550 1270 2601 hoc
1306 2562 1413 2600 est:
1468 2549 1683 2617 gradum
1730 2549 1951 2614 anilem,
2002 2549 2039 2602 i.
2069 2569 2116 2603 e.
2141 2552 2351 2602 tardum
2387 2547 2534 2610 alias,
2564 2550 2609 2591 ut
2635 2536 2675 2587 ἱ·

480 2635 614 2681 anu,
649 2616 905 2669 incitabat
930 2619 1193 2679 studiose;
1230 2636 1348 2673 nam
1376 2620 1593 2684 studio,
1636 2619 1783 2687 ‘quod
1821 2617 1892 2671 ita
1933 2620 2073 2670 unde
2101 2621 2335 2688 positum
2374 2619 2567 2669 fuerunt
2585 2610 2675 2660 sor-

478 2697 620 2739 tasse
650 2704 781 2756 quos
813 2687 1134 2751 offenderet,
1170 2697 1250 2739 est
1275 2690 1310 2740 i.
1346 2707 1396 2757 q.
1429 2688 1708 2752 studiose,
1742 2697 1800 2739 ut
1825 2689 1962 2740 infra
1991 2692 2080 2754 VJ,
2116 2692 2270 2745 681.:
2308 2695 2410 2753 „At
2437 2696 2570 2756 pater
2589 2683 2676 2730 An-

482 2757 654 2809 chises
786 2758 980 2809 animas
1014 2795 1029 2810 .
1050 2795 1094 2809 ..
1126 2757 1192 2808 ad
1217 2757 1391 2808 lumen
1427 2757 1592 2809 iturus
1623 2758 1906 2810 Lustrabat
1939 2758 2177 2811 studio
2224 2758 2506 2812 recolens.“
2563 2744 2674 2802 Οῆᾶ·

483 2827 650 2882 Trist.
682 2829 769 2890 ΙΙΙ,
803 2829 855 2891 4,
891 2829 1006 2882 41.:
1067 2829 1253 2892 „Nunc
1292 2845 1501 2896 quoque
1543 2827 1837 2879 submotum
1888 2828 2132 2880 studio
2182 2828 2421 2881 defendis
2456 2816 2674 2876 amioum-‘⁸

480 2900 652 2964 Atque
690 2897 825 2949 haee
849 2896 1107 2948 sententia
1132 2895 1529 2948 convenientior
1551 2895 1674 2947 huic
1704 2896 1912 2965 quidem
1939 2897 2061 2948 loco
2078 2938 2093 2963 ,
2128 2907 2183 2948 et
2216 2898 2369 2969 epico
2395 2891 2606 2951 carmine»
2631 2892 2675 2934 '¹²

485 2965 725 3030 videtur,
762 2966 1001 3033 dignior,
1050 2983 1203 3035 quam
1242 2966 1485 3034 superior
1522 2965 1643 3028 illa,
1679 2983 1812 3033 quae
1841 2977 2047 3036 spectat
2086 2967 2155 3019 sd
2187 2986 2296 3020 rem
2342 2959 2669 3033 extenuanda!-

482 3035 714 3087 Facilius
740 3045 912 3086 autem
950 3035 1124 3104 potuit
1152 3035 1464 3088 adjectivum
1502 3035 1741 3105 propiori
1780 3035 1978 3087 nomini
2011 3055 2043 3088 a
2066 3037 2301 3090 librariis
2334 3028 2670 3088 accommodiu-

482 3122 637 3174 quam
662 3105 951 3156 remotiori.
1023 3107 1156 3157 Tum
1176 3144 1190 3169 ,
1226 3106 1426 3157 anilem
1491 3122 1608 3156 uum
1641 3104 1875 3157 ultimum
1902 3107 1959 3156 in
2003 3124 2155 3158 versu
2184 3116 2366 3159 tenent
2390 3105 2570 3161 locam,
2634 3160 2647 3174 α

479 3173 537 3225 in
571 3174 696 3226 sede
714 3214 727 3240 ,
765 3184 824 3224 ut
852 3191 880 3225 e
904 3175 1143 3225 Mediceo
1175 3174 1428 3239 discitur,
1489 3174 1615 3226 ‘tera
1643 3173 1813 3226 finalis
1841 3195 1893 3227 m
1918 3173 2057 3227 linea
2080 3186 2374 3228 musversa
2399 3189 2482 3224 sae
2516 3186 2542 3219 e
2561 3167 2603 3217 in

481 3255 652 3308 catur,
688 3244 829 3313 quod
852 3244 904 3294 iu
935 3244 1121 3294 mediis
1152 3243 1391 3295 versibus
1422 3261 1529 3294 non
1554 3244 1764 3295 memini
1793 3262 2005 3327 usquam
2032 3245 2085 3297 iu
2114 3246 2302 3297 eodem
2326 3242 2439 3296 cod..
2502 3237 2581 3300 θήν
2603 3232 2671 3312 fff‘

481 3312 675 3365 cillime
718 3329 781 3362 ex
819 3312 1013 3375 anile,
1060 3313 1372 3382 praesertim
1405 3330 1561 3382 quum
1597 3313 1652 3364 in
1696 3313 2066 3382 antiquissimis
2105 3315 2259 3367 libris
2284 3332 2401 3366 mss.
2428 3330 2456 3361 e
2490 3316 2539 3358 et
2562 3308 2584 3357 i
2611 3317 2670 3352 *θ’

478 3381 730 3433 utillimae
754 3380 885 3446 siut,
922 3381 1035 3432 fieri
1065 3384 1236 3450 potuit
1264 3383 1418 3434 anili.
1488 3382 1725 3450 Denique
1762 3384 1997 3435 codicum
2032 3385 2390 3437 auctoritatem
2417 3380 2459 3431 si
2485 3370 2667 3443 requiri·

483 3470 630 3515 mus,
667 3452 867 3503 anilem
902 3451 1129 3520 legitur,
1163 3463 1220 3503 ut
1248 3452 1483 3503 omittam
1517 3461 1751 3517 ceteros,
1801 3452 1856 3503 in
1897 3453 2138 3506 Gudiano
2173 3465 2231 3506 et
2259 3464 2469 3520 utroque
2498 3447 2668 3498 Melit?

479 3521 653 3582 liano,
687 3520 847 3588 longe
877 3519 1338 3590 praestantissimis
1371 3532 1494 3591 post
1518 3520 1812 3574 Mediceum
1837 3521 2021 3586 libris,
2065 3541 2237 3592 neque
2273 3523 2349 3575 illi
2374 3518 2565 3572 multum
2596 3525 2667 3562 ω’

484 3588 759 3651 dentibus;
796 3591 999 3642 anilem
1030 3590 1186 3642 etiam
1214 3590 1269 3642 in
1296 3590 1458 3643 Paris.
1492 3593 1540 3645 1.
1575 3587 1722 3660 Wr.)
1840 3590 1945 3647 642
1983 3597 2057 3644 Ee
2082 3606 2155 3646 tt.
2184 3591 2430 3646 Montalb.
2492 3587 2664 3637 et‘ss!te

482 3661 692 3781 epeptss
716 3659 868 3710 abest
893 3677 926 3712 a
955 3679 1036 3731 pr.
1068 3662 1262 3714 MorEt.
1332 3665 1411 3714 Ae
1436 3661 1624 3732 rapidi
1651 3679 1695 3713 e.
1740 3662 1862 3715 Exc.
1890 3664 2168 3717 Burmann.
2304 3660 2404 3720 643
2432 3652 2664 3709 ‘'rmum''

481 3746 512 3780 a
533 3737 619 3780 ter
695 3744 800 3780 oss.

479 3901 672 3964 Video
726 3923 889 3963 nuno
940 3903 1061 3963 hoc
1110 3905 1348 3965 mollius
1404 3901 1531 3965 esse
1550 3928 1568 3965 t
1653 3904 1815 3965 enim
1869 3905 2114 3970 Servius
2172 3907 2359 3967 aliter.
2437 3891 2658 3974 δακεῖν·

397 4037 410 4046 ,
479 4008 729 4069 rogum„
773 3989 873 4048 cui
910 3990 1277 4070 imposuerat
1315 3991 1568 4071 effigiem
1649 4012 1829 4050 neam
1856 3996 2069 4069 aciem,
2107 3989 2269 4075 ’ὄμμα
2292 3988 2550 4068 ὕφαιμον·
2581 3996 2655 4035 1¹¹⁵·

483 4073 749 4150 Aeneae,
794 4073 954 4157 (sup.
999 4076 1152 4158 508)
1188 4078 1357 4156 quasi
1387 4084 1570 4159 caput
1652 4080 1864 4136 teriora
1891 4079 2104 4139 domus
2126 4081 2369 4151 limma,
2410 4074 2560 4133 limen
2578 4079 2654 4154 1²ss

480 4183 552 4222 sc
584 4162 773 4222 vitam
818 4162 944 4222 eius
979 4160 1295 4222 devotare.
1649 4163 1891 4223 terioris
1914 4162 2148 4225 sedium
2168 4164 2351 4246 partis
2362 4182 2380 4239 ;
2411 4142 2649 4237 penem&

549 4246 905 4313 642—647.
922 4247 1107 4307 Notas
1122 4247 1376 4307 extremi
1393 4249 1567 4308 suro·
1652 4252 1721 4307 in
1753 4251 1891 4307 sede
1920 4271 2048 4331 sup.
2089 4252 2215 4318 504
2253 4269 2333 4328 sq.
2371 4254 2497 4304 tecto
2529 4237 2647 4292 bue·

478 4333 563 4394 ris
591 4333 861 4395 observo.
915 4346 1098 4393 morte
1107 4333 1369 4413 futura,
1411 4335 1569 4394 iam-
1654 4336 1804 4393 riom
1835 4333 1962 4402 494
2001 4356 2088 4415 sq.
2131 4338 2467 4417 quaesitura,
2504 4332 2643 4400 ΡΝ*

480 4419 602 4479 ism
618 4422 1015 4482 cummaxime
1030 4419 1393 4499 constituta3
1416 4420 1573 4480 male
1655 4428 1789 4480 tum
1803 4463 1823 4497 ‚
1865 4429 2193 4502 acceptum,
2238 4420 2470 4495 adeoque
2503 4412 2641 4464 *ΒΨ
