2882 5028
490 342 643 415 890

969 340 1050 413 Ρ.
1106 337 1641 414 VIRGILII
1689 340 2257 416 MARONIS

491 520 984 598 Adventante
1015 522 1186 601 dea.
1290 523 1584 599 Procul
1622 548 1697 621 0,
1748 524 2030 624 procul
2070 538 2257 617 este,
2297 524 2638 627 profani,

486 624 949 702 Conclamat
984 639 1235 721 vateS,
1287 639 1628 728 totoque
1664 627 2012 704 absistite
2054 630 2270 720 luco;

486 732 772 827 Tuque
811 728 1098 805 invade
1133 731 1375 828 viam,
1428 732 1867 832 vaginaque
1901 734 2120 833 eripe
2148 731 2484 810 sermm.

2591 741 2735 813 260

480 835 712 909 Nunc
743 832 1024 908 animis
1057 857 1299 935 opus»,
1353 839 1658 929 Aenea,
1713 860 1929 911 nunc
1959 850 2286 936 pectore
2316 834 2594 912 firmo.

484 938 833 1012 Tantum
864 933 1137 1032 effata,
1192 934 1471 1013 furens
1499 951 1729 1013 antro
1761 962 1849 1014 se
1878 939 2175 1015 inmisit
2213 951 2502 1040 aperto
2521 971 2543 1015 z

479 1036 626 1112 Ille
670 1038 964 1116 ducem
1001 1040 1215 1118 haud
1243 1041 1542 1117 timidis
1571 1039 1997 1117 vadentem
2028 1043 2389 1144 passibus
2424 1055 2734 1142 aequat.

582 1142 705 1238 Di,
755 1143 1046 1246 quihus
1079 1145 1663 1246 imperium-est
1696 1146 2161 1244 animarum,
2217 1144 2735 1246 Umbraeque

1645 1248 1987 1345 silenteS,

479 1348 601 1460 Et
629 1347 916 1448 Chaos,
987 1364 1069 1427 et
1112 1349 1655 1448 Phlegethon,
1725 1351 1896 1428 loca
1941 1363 2181 1427 nocte
2233 1351 2591 1427 tacentia
2639 1350 2735 1424 la·

615 1623 720 1678 258
752 1625 1099 1678 Adveniet&
1129 1626 1345 1680 ond-rt.
1483 1627 1588 1682 259
1633 1627 1983 1680 Conclamant
2026 1630 2204 1694 Sprot.

769 1696 874 1750 263
925 1695 1150 1747 maniciis
1197 1695 1415 1749 Dorvill.
1499 1701 1668 1766 Super
1717 1697 1924 1748 vadere
1972 1694 2128 1746 etiam
2179 1694 2268 1746 hic
2318 1694 2735 1747 observatio-e-

657 1764 852 1832 repetit
884 1765 1089 1828 Burni„
1135 1767 1264 1833 poni
1297 1765 1430 1823 illud
1466 1765 1533 1818 de
1587 1766 1788 1848 impetn
1823 1776 1877 1816 et
1908 1763 2260 1834 praecipitato
2313 1781 2497 1846 curan.
2568 1765 2734 1816 Bain-

477 1690 631 1744 Laid.

478 1778 623 1813 snam

2343 1626 2736 1679 merand-

1646 1467 1752 1551 te,

477 1848 607 1882 vero
640 1832 704 1883 fit
739 1833 840 1885 hoc
875 1849 981 1885 non
1020 1834 1169 1886 verbi
1206 1845 1427 1900 natura,
1461 1835 1558 1886 sed
1593 1834 1930 1905 exquisitiore
1964 1851 2089 1898 usu,
2124 1850 2241 1885 enm
2272 1849 2407 1902 pro,
2446 1844 2734 1902 mpetum

474 1900 637 1966 ferri,
671 1902 885 1971 ponitur
919 1902 1176 1973 simplex,
1219 1907 1331 1968 ire,
1377 1905 1575 1974 gradi,
1622 1905 1858 1967 vadere,
1904 1901 2147 1954 adiuncta
2194 1920 2269 1953 sc.
2315 1901 2402 1966 vi,
2461 1920 2626 1971 quan
2667 1903 2733 1954 ια’

475 1969 616 2021 ratio
651 1983 705 2023 et
738 1983 1011 2024 contextus
1046 1972 1245 2027 adiicit.
1312 1975 1396 2025 Ad
1427 1974 1534 2025 hoe
1565 1990 1731 2043 genus
1763 1971 1941 2042 plures
1973 1971 2200 2024 virorum
2246 1971 2540 2024 doctorum
2588 1990 2734 2038 anper

475 2039 694 2106 singulis
727 2043 902 2094 verbis
937 2042 1417 2095 observationenlae
1452 2051 1673 2112 possunt
1704 2041 1961 2094 revocari.

473 2118 600 2160 tert.
638 2119 693 2160 et
725 2110 893 2162 tribus
941 2112 1112 2163 Burm-
1181 2113 1440 2164 sitantum
1485 2113 1656 2181 bigot.

475 2195 539 2228 ex
574 2180 727 2231 Rom.
763 2179 956 2233 Medic.
994 2191 1051 2232 et
1083 2181 1151 2234 al.
1192 2182 1319 2249 (hoe
1353 2181 1512 2234 etiam
1542 2183 1729 2249 fragm.
1764 2182 1889 2235 Vat.
1920 2187 1976 2231 et
1999 2179 2051 2233 3.
2071 2187 2303 2230 tuentur.
2339 2179 2498 2248 Wr.)

472 2337 651 2396 quam
718 2318 792 2378 de
863 2319 1119 2380 deorum
1184 2323 1557 2382 infernorum

470 2406 647 2463 venia
708 2416 1015 2485 acceptum
1067 2426 1191 2466 esse
1257 2408 1462 2467 locum
1521 2430 1554 2467 a

470 2490 812 2566 Fenelonio‚
846 2492 1023 2553 docet
1044 2493 1390 2555 suavissima
1416 2494 1555 2554 imi-

470 2579 621 2637 tatio
656 2581 721 2635 in
779 2578 1131 2639 Telemacho
1186 2581 1287 2654 lib.
1339 2581 1551 2657 XVIII,

469 2684 530 2743 p.
564 2667 701 2728 123.
784 2664 1054 2724 Imitatus
1086 2685 1323 2744 quoque
1351 2666 1552 2725 locum

470 2758 564 2808 est
585 2750 804 2808 Dantes
829 2750 1051 2811 Infern.
1098 2752 1270 2811 Cant.
1294 2751 1395 2827 111,
1430 2756 1553 2816 130

469 2854 590 2913 seq.
677 2837 1037 2895 adventante
1080 2837 1231 2912 dea,
1295 2837 1370 2896 de
1423 2837 1554 2896 He-

469 2931 600 2979 cate
654 2939 778 2979 esse
833 2922 1325 3000 intelligendum,
1400 2922 1553 2981 nihil

469 3015 560 3065 est
595 3007 762 3084 quod
808 3007 1074 3083 dubites3
1134 3008 1182 3066 si
1226 3008 1408 3067 modo
1451 3028 1554 3067 ce-

469 3100 594 3150 tera
630 3091 705 3150 de
735 3091 829 3152 his
860 3093 1042 3152 sacris
1068 3092 1200 3151 loca
1232 3104 1552 3172 poetarum

468 3178 742 3235 consulas
768 3223 785 3254 ,
857 3199 918 3237 v.
981 3198 1030 3236 c.
1104 3179 1380 3258 Apollon.
1451 3181 1552 3254 111,

472 3266 628 3326 1211
674 3284 800 3341 sqq.
860 3262 1162 3324 Theou-it.
1203 3264 1290 3324 Id.
1332 3266 1405 3341 11,
1448 3267 1551 3331 35.

466 3351 568 3409 36.
604 3351 782 3411 10—
802 3352 899 3415 13.
971 3349 1157 3424 Quod
1180 3372 1360 3409 canes·
1389 3371 1552 3410 non·-

463 3452 777 3510 nunquam
807 3434 881 3492 de
909 3436 1106 3494 Furiis
1151 3435 1348 3495 dictae
1386 3446 1550 3513 sunt,

462 3516 587 3577 huc
617 3539 739 3576 non
772 3520 1115 3581 vocandum
1160 3531 1290 3581 erat
1331 3523 1405 3581 ab
1446 3523 1552 3581 In-

460 3613 688 3682 terpp.;
741 3615 885 3664 sunt
931 3626 1105 3665 canes
1162 3607 1383 3667 inferni
1422 3608 1551 3667 He-

462 3698 635 3747 caten
658 3691 1031 3751 comitantes.
1076 3691 1354 3773 (ululat-e,
1387 3687 1552 3775 ω’ρύ-

465 3782 676 3852 tostam
726 3775 850 3836 vid.
892 3779 1092 3838 Sturz.
1161 3779 1235 3837 de
1287 3782 1357 3839 V
1351 3781 1553 3838 ouibus

465 3862 826 3920 animalium
847 3862 914 3919 in
945 3864 1069 3922 eius
1085 3863 1306 3942 Opusc.
1332 3885 1393 3945 p.
1425 3865 1549 3931 146

462 3956 547 4024 sq.
612 3944 783 4027 W.)
888 3946 985 4006 Ad
1037 3951 1192 4026 iuga
1250 3952 1548 4008 silvarum

462 4033 775 4091 offendunt
809 4032 1040 4113 lntpp.,
1084 4032 1190 4092 sed
1231 4045 1374 4094 sunt
1413 4037 1550 4113 iuga

458 4118 757 4178 montium
822 4119 984 4178 silvis
1049 4119 1281 4178 consita
1310 4141 1327 4196 ;
1398 4120 1548 4180 nihil

458 4204 730 4284 amplius.
814 4204 913 4263 sic
954 4205 1196 4273 dorsum
1241 4227 1548 4264 nemorum

456 4310 549 4369 ap.
601 4290 812 4350 Horat.
853 4292 1044 4350 ειῖναε
1098 4294 1347 4371 &agosas
1387 4292 1547 4352 dixit

456 4373 636 4436 ovid.
665 4375 799 4436 Am.
830 4375 877 4453 Ι,
916 4381 971 4453 1,
997 4380 1062 4442 9.
1110 4435 1115 4442 .

2094 2042 2202 2094 264
2235 2051 2321 2091 ese
2369 2040 2539 2091 deest
2586 2042 2733 2092 Goth.

1792 2112 1898 2165 265
1949 2111 2191 2161 tacentia
2235 2109 2521 2161 revocavit
2565 2111 2732 2162 Hei-s.

2570 2181 2734 2248 vdeo

1724 2321 1870 2387 258.
1916 2320 2148 2380 Procul
2179 2340 2255 2394 o,
2302 2341 2378 2398 p.
2477 2318 2580 2380 An
2617 2322 2732 2380 for-

1639 2406 1801 2464 mula
1841 2404 1957 2464 hac
1990 2405 2297 2464 initiorum
2332 2406 2483 2464 satis
2526 2406 2730 2465 soller-

1638 2501 1730 2552 ter
1769 2490 1872 2552 hic
1906 2500 2084 2573 poeta
2132 2510 2277 2551 usus
2319 2491 2443 2567 sit,
2508 2491 2729 2552 dubito.

1637 2579 1824 2638 Nemo
1851 2578 2009 2638 enim
2037 2577 2280 2653 aderat,
2327 2578 2441 2655 qui
2473 2578 2728 2638 amomi

1636 2672 1838 2744 posset
1860 2708 1878 2740 ,
1936 2672 2177 2743 praeter
2231 2663 2431 2722 socios
2488 2666 2725 2723 Aeneae.

1638 2750 1724 2808 De
1792 2750 2076 2808 monstris
2138 2748 2389 2808 infernis
2461 2750 2722 2828 intelligit

1639 2834 1851 2894 Cerda.
1936 2835 2019 2894 At
2060 2833 2195 2912 quis
2247 2852 2315 2891 ea
2360 2854 2482 2914 per
2517 2835 2717 2913 prusa-

1636 2942 1744 2980 nos
1779 2920 2081 2999 designata
2110 2919 2350 2978 credat!
2429 2921 2716 2981 Warbmr-

1636 3016 1784 3066 tono
1825 3007 2069 3085 quidem
2114 3025 2211 3064 res
2258 3014 2395 3064 erat
2437 3008 2591 3066 satis
2628 3026 2723 3064 ex-

1637 3093 1872 3172 pedita,
1918 3094 2065 3152 dum
2084 3090 2254 3150 initia
2279 3092 2595 3152 Eleusinia
2637 3090 2724 3150 hie

1638 3197 1917 3257 expressa
1944 3177 2202 3236 volebat.
2293 3176 2476 3254 (Voc.
2511 3177 2726 3256 μνεία-

1636 3285 1750 3321 nus
1794 3262 1893 3322 hie
1940 3283 1974 3321 a
2016 3272 2215 3321 cetera
2267 3264 2538 3341 mystica
2592 3262 2726 3322 reli·

1635 3348 1808 3427 gione
1842 3346 1918 3407 ad
1954 3368 2121 3407 sacra
2161 3347 2423 3407 Hecates
2471 3349 2726 3408 transla-

1638 3445 1767 3493 tum
1820 3434 2097 3509 videtur,
2156 3433 2252 3492 cui
2297 3433 2576 3511 Aeneas,
2633 3437 2726 3492 in-

1636 3529 1818 3580 vento
1860 3540 2029 3579 ramo
2078 3538 2260 3577 aureo
2290 3520 2359 3578 in
2400 3522 2537 3579 eius
2577 3521 2724 3593 lucu,

1633 3605 1753 3665 iam
1784 3604 2228 3682 quodammodo
2265 3604 2556 3666 initiatus
2584 3615 2724 3673 ent,

1633 3692 1923 3771 profanus
1947 3692 2126 3770 igitur
2153 3708 2279 3749 esse
2305 3690 2498 3751 desiit
2521 3693 2723 3772 ipsius-

1634 3797 1749 3855 que
1792 3778 2055 3836 numinis
2109 3779 2525 3856 praesentiam
2583 3780 2723 3837 sem

1633 3864 1752 3921 iam
1780 3863 2009 3941 potuit;
2049 3863 2252 3940 itaque
2289 3865 2548 3941 profani
2590 3884 2720 3923 αυ-

1633 3949 1803 4007 sendi
1844 3948 2125 4023 Troiani,
2183 3948 2287 4025 qui
2345 3969 2496 4009 cum
2537 3951 2718 4009 Aa·

1631 4045 1824 4093 eraut.
1874 4031 2052 4113 Wr.)
2152 4033 2329 4107 Quae
2366 4047 2718 4114 sequuntur.

1634 4121 1710 4179 de
1767 4138 1903 4179 ense
1963 4118 2197 4178 nudato
2224 4163 2244 4195 ,
2316 4138 2399 4179 ex
2463 4121 2718 4182 nomm

1631 4194 1947 4265 muttiatus
1974 4215 2066 4265 eat
2094 4205 2312 4283 Odyss.
2338 4210 2395 4281 λ,
2419 4205 2511 4271 48
2537 4228 2629 4286 aq.

1716 4291 1842 4355 265
1870 4292 2131 4355 —‘267.
2188 4290 2394 4350 Habet
2438 4293 2718 4372 insigma

1633 4376 1760 4437 vim
1806 4375 1886 4436 ad
1954 4376 2182 4437 animos
2241 4378 2604 4439 excitandos
2667 4388 2720 4433 a
