2882 5028
591 266 750 339 m:
819 259 1309 341 CARMmE
1365 265 1681 341 EPICO
1737 216 2110 364 vfflolt.
2403 372 2410 375 ι
2466 279 2509 346 s
2635 354 2642 363 ,

226 456 314 525 lio
352 468 764 550 susceptae
810 468 891 528 et
929 469 1239 550 gestae,
1302 457 1744 529 narratione
1785 460 1891 528 ad
1936 459 2509 530 admirationem

235 558 709 656 efficiendam
743 562 1120 634 ἱπείὶτιιια.
1192 554 1609 633 Eiusmodi
1657 556 1874 632 enim
1901 558 2245 632 narratio
2276 582 2507 657 prae-

231 659 702 733 stantissima
752 664 1015 735 estex
1057 671 1234 733 toto
1284 658 1443 735 hoc
1495 682 1768 734 rerum
1810 680 2128 758 genere.
2235 667 2502 736 Admi—

227 768 521 837 ratione
566 762 865 837 animis
908 762 1192 836 iniecta
1233 764 1640 864 quaeritur
1673 762 1803 837 hic
1852 786 1974 857 ea,
2037 789 2240 864 quae
2279 766 2502 839 omni

227 866 560 940 carmini
610 866 1030 965 proposita
1089 877 1243 963 est,
1308 866 1454 941 sed
1505 866 1587 940 in
1635 865 1785 941 alio
1830 888 2127 963 genere
2179 867 2275 942 ab
2339 868 2501 944 aliis

225 970 521 1044 caussis
606 967 1182 1069 proficiscitur,
1265 975 1702 1058 delet-tatio,-
1779 995 1982 1071 quae
2054 971 2371 1072 utique,
2437 973 2500 1047 si
2547 1024 2554 1031 -

222 1073 586 1169 ingenuo
624 1085 709 1147 et
740 1071 1043 1148 liberali
1079 1072 1346 1148 animo
1379 1072 1610 1171 digna
1645 1092 1814 1148 esse
1849 1073 2116 1171 debet,
2156 1099 2196 1148 a
2226 1088 2501 1151 rerum

222 1174 662 1251 honestate
700 1188 782 1250 et
816 1175 1150 1251 utilitate
1182 1176 1533 1251 seiuncta
1577 1200 1748 1252 esse
1784 1179 2102 1278 nequit,
2159 1189 2238 1252 et
2275 1186 2496 1253 tanto

224 1280 737 1401 exquisitior,
786 1279 1287 1376 generosior,
1341 1290 1420 1356 et
1450 1279 1769 1379 plenior
1798 1293 1946 1373 est,
2002 1303 2165 1381 quo
2197 1283 2497 1357 maiora

224 1384 542 1459 virtutis
607 1381 1217 1458 adhortamenta
1259 1394 1338 1458 et
1382 1383 1887 1458 incitamenta
1930 1408 2114 1459 cum
2145 1381 2292 1459 hac
2333 1386 2498 1486 ipsa

226 1485 648 1607 voluptate
681 1486 962 1560 animis
992 1509 1082 1561 se
1112 1488 1544 1578 inslnuant3
1598 1499 1688 1562 ut
1719 1460 1963 1583 adeo,
2016 1488 2081 1562 si
2126 1489 2301 1589 quis
2329 1513 2496 1564 car-
2591 1500 2594 1507 '

224 1586 431 1664 mini
465 1591 704 1690 epico
736 1612 1119 1687 magnum
1160 1588 1485 1689 aliquod
1529 1614 1615 1663 ac
1655 1589 2147 1691 praeclarum
2193 1592 2496 1668 virtutis

228 1706 311 1768 et
334 1697 590 1783 vitae,
647 1693 1007 1793 inprimis
1047 1691 1438 1792 publicae,
1493 1705 2010 1794 praeceptum
2046 1694 2496 1771 subiectum

226 1819 406 1872 esse
472 1753 781 1871 de'here
844 1796 1162 1892 dixerit,
1245 1795 1344 1870 ad
1407 1819 1682 1871 rerum
1735 1799 2014 1898 utique
2079 1799 2494 1875 veritatem

226 1899 520 1975 dixisse
566 1898 701 1975 ille
737 1899 1137 1989 videatur;
1192 1898 1333 1974 sed
1368 1911 1656 2000 poetae
1709 1901 1942 2000 epico
1988 1900 2162 1976 talis
2203 1902 2493 1979 utilitas

227 2002 330 2078 ad
382 2001 988 2104 philosophicas
1019 2002 1366 2077 rationes
1418 2015 1676 2078 exacta
1719 2026 1888 2078 non
1937 2004 2042 2080 ita
2083 2007 2494 2107 proposita

228 2130 406 2182 oese
450 2118 745 2207 potest,
793 2119 889 2181 ut
925 2105 1275 2207 poeticas
1309 2106 1657 2181 rationes
1682 2105 1873 2182 inde
1908 2120 2126 2208 petat
2160 2122 2292 2185 aut
2317 2132 2493 2185 me-

224 2211 507 2303 tiatur3
548 2226 634 2288 ut
664 2238 923 2287 rerum
957 2224 1458 2285 narratarum
1497 2212 1996 2287 admiratione
2034 2218 2263 2289 animi
2304 2218 2492 2316 affi-

229 2320 557 2407 ciuntur,
586 2314 748 2390 hoc
779 2336 1191 2390 summum
1223 2326 1341 2389 est
1371 2312 1598 2414 quod
1626 2313 1762 2389 ille
1791 2315 2152 2416 sequitur
2165 2326 2259 2415 *).
2312 2319 2492 2417 Ipsa

228 2430 506 2494 autem
545 2443 825 2495 rerum
872 2417 1492 2519 animorumque
1540 2430 2003 2493 nostrorum
2061 2432 2338 2496 natura
2386 2421 2492 2496 ita

224 2519 427 2619 fert,
476 2536 606 2619 ut,
661 2521 888 2624 quod
930 2547 973 2598 a
1023 2523 1312 2598 virtute
1372 2535 1452 2597 et
1493 2521 1830 2599 utilitate
1875 2522 2191 2623 publica
2246 2533 2489 2622 vacat,

227 2625 336 2701 ad
404 2627 721 2702 animos
769 2638 1090 2701 nostros
1150 2625 1675 2701 admiratione
1735 2626 2267 2727 impellendos
2323 2629 2490 2705 vim

226 2729 414 2804 satis
455 2754 837 2829 magnam
880 2728 1181 2805 habere
1218 2740 1590 2832 nequeat.
1692 2733 1878 2805 Non
1912 2730 2147 2828 igitur
2170 2731 2331 2807 ulla
2362 2755 2491 2807 ra·-

226 2834 453 2910 tione
511 2835 840 2911 evenire
896 2845 1200 2934 potest,
1295 2846 1387 2908 ut
1426 2831 1743 2907 bonum
1784 2855 2107 2908 carmen
2170 2835 2488 2934 epicum

235 2938 642 3015 contineat
674 2935 916 3033 nihil,
973 2936 1198 3038 quod
1244 2934 1343 3010 ad
1379 2935 1786 3037 publicam
1821 2939 1901 3011 εἳ
1941 2937 2251 3013 civilem
2284 2937 2491 3013 utili

232 3052 479 3117 tatem
506 3042 779 3117 valere
818 3041 1088 3141 possit.
1198 3043 1497 3118 Contra
1536 3061 1730 3114 vero
1777 3059 2063 3138 magna
2114 3053 2194 3117 et
2243 3041 2489 3117 ardua

232 3145 582 3242 consilia,
629 3143 914 3221 excelsi
955 3156 1036 3218 et
1067 3140 1467 3241 magnifici
1505 3143 1959 3219 animorum
1987 3165 2287 3241 sensus»,
2339 3146 2485 3220 vir-

228 3261 356 3323 tus
383 3248 596 3325 ultra
632 3247 1045 3346 vulgarem
1076 3246 1576 3322 mortalitatis
1600 3245 2029 3323 modulum
2063 3261 2141 3322 et
2164 3271 2487 3324 morem

230 3354 588 3428 animosa
632 3364 717 3428 et
736 3349 1004 3446 fortis»,
1055 3350 1297 3427 nullis
1325 3349 1670 3426 adversis
1711 3347 2014 3427 casibus
2054 3362 2134 3426 et
2172 3352 2486 3473 pericu-—

227 3453 496 3534 lorum
554 3455 1002 3533 terroribus
1063 3452 1393 3530 infracta
1439 3477 1712 3549 mem,
1799 3450 2006 3530 salus
2062 3455 2350 3530 civium
2405 3468 2487 3531 et

228 3560 541 3663 imperii
579 3561 952 3636 maiestas
999 3557 1125 3634 vel
1166 3571 1388 3660 parta
1443 3556 1569 3633 vel
1625 3568 1925 3633 servata
1981 3581 2071 3634 ac
2131 3555 2483 3655 defensa,

394 3790 451 3873 *)
495 3790 814 3851 Hactenus
837 3789 994 3848 bene
1021 3795 1285 3861 veteres,
1343 3785 1522 3845 etiam
1548 3784 1951 3845 Grammatici.
2037 3782 2271 3845 Auctor
2312 3784 2483 3845 Vitae

231 3875 469 3937 Roma-i
500 3876 636 3959 (seu
664 3876 873 3956 potius
906 3874 985 3934 de
1007 3872 1334 3933 virtutibus
1365 3872 1611 3931 Homeri
1647 3891 1785 3931 cum
1821 3870 2131 3945 dictionis,
2176 3880 2310 3930 tum
2339 3892 2480 3930 sen-

231 3965 550 4024 teatinum
597 3982 671 4022 nc
706 3957 978 4039 rerum):
1028 3957 1135 4021 καὶ
1177 3954 1247 4022 τό
1275 3955 1401 4062 μὲν
1428 3953 1576 4020 ὅλον
1614 3950 1769 4039 παρ’
1820 3948 1992 4058 (ἓντῷ
2035 3954 2319 4039 διήγησις
2356 3962 2482 4020 ταῖν

232 4045 589 4157 πραγμάτων
650 4040 1014 4124 παράδοξος
1064 4041 1168 4107 καὶ
1219 4037 1519 4123 μυθώδης
1564 4018 2060 4118 κατεσκεύασται,
2145 4039 2301 4123 ὖπὲρ
2367 4045 2494 4106 τοῦ

231 4140 489 4248 κληροῦν
534 4130 822 4242 α’γωνίας
859 4132 967 4194 καὶ
1007 4125 1329 4232 θαύματος
1364 4125 1511 4201 τους
1553 4123 2062 4210 ἐντυγχάνοντας,
2116 4127 2223 4190 καὶ
2253 4127 2479 4208 ἔκπλη-

222 4221 419 4309 ςηιῆη
468 4223 592 4307 τήν
635 4211 958 4301 ἀκρόασιν
998 4208 1392 4279 καθιστάναι.
1485 4211 1630 4274 Gale
1658 4212 1960 4296 Mythogr.
1987 4232 2047 4293 p.
2075 4217 2236 4291 280,
2280 4214 2431 4273 vel·
2417 4235 2476 4273 m

206 4311 432 4378 nm
459 4304 1000 4386 matr-153·
1950 4383 2068 4450 1*
