<?xml version="1.0" encoding="UTF-8"?>
<!DOCTYPE html PUBLIC "-//W3C//DTD XHTML 1.0 Transitional//EN"
    "http://www.w3.org/TR/xhtml1/DTD/xhtml1-transitional.dtd">
<html xmlns="http://www.w3.org/1999/xhtml" xml:lang="en" lang="en">
 <head>
  <title>
</title>
<meta http-equiv="Content-Type" content="text/html;charset=utf-8" />
  <meta name='ocr-system' content='tesseract 3.04.00' />
  <meta name='ocr-capabilities' content='ocr_page ocr_carea ocr_par ocr_line ocrx_word'/>
</head>
<body>
  <div class='ocr_page' id='page_1' title='image "./pvblivsvirgiliv00sillgoog/pvblivsvirgiliv00sillgoog_0818.png"; bbox 0 0 2882 5028; ppageno 0'>
   <div class='ocr_carea' id='block_1_1' title="bbox 541 431 2066 527">
    <p class='ocr_par' dir='ltr' id='par_1_1' title="bbox 541 431 2066 527">
     <span class='ocr_line' id='line_1_1' title="bbox 541 431 2066 527; baseline 0.006 -22"><span class='ocrx_word' id='word_1_1' title='bbox 541 431 1155 508; x_wconf 89' lang='lat' dir='ltr'>AENEIDOS</span> <span class='ocrx_word' id='word_1_2' title='bbox 1210 433 1423 509; x_wconf 90' lang='lat' dir='ltr'>LIB.</span> <span class='ocrx_word' id='word_1_3' title='bbox 1480 436 1571 527; x_wconf 92' lang='lat' dir='ltr'>V,</span> <span class='ocrx_word' id='word_1_4' title='bbox 1628 439 2066 516; x_wconf 81' lang='lat'>543—557</span> 
     </span>
    </p>
   </div>
   <div class='ocr_carea' id='block_1_2' title="bbox 2287 445 2437 517">
    <p class='ocr_par' dir='ltr' id='par_1_2' title="bbox 2287 445 2437 517">
     <span class='ocr_line' id='line_1_2' title="bbox 2287 445 2437 517; baseline -0.007 0"><span class='ocrx_word' id='word_1_5' title='bbox 2287 445 2437 517; x_wconf 85' lang='lat'>795</span> 
     </span>
    </p>
   </div>
   <div class='ocr_carea' id='block_1_3' title="bbox 201 615 2438 928">
    <p class='ocr_par' dir='ltr' id='par_1_3' title="bbox 201 615 2438 928">
     <span class='ocr_line' id='line_1_3' title="bbox 203 615 2438 724; baseline 0.003 -30"><span class='ocrx_word' id='word_1_6' title='bbox 203 615 548 694; x_wconf 85' lang='lat' dir='ltr'>Infusum</span> <span class='ocrx_word' id='word_1_7' title='bbox 593 618 1035 720; x_wconf 90' lang='lat' dir='ltr'>populum,</span> <span class='ocrx_word' id='word_1_8' title='bbox 1108 633 1187 696; x_wconf 88' lang='lat' dir='ltr'>et</span> <span class='ocrx_word' id='word_1_9' title='bbox 1236 644 1561 720; x_wconf 88' lang='lat' dir='ltr'>campos</span> <span class='ocrx_word' id='word_1_10' title='bbox 1606 620 1827 695; x_wconf 88' lang='lat' dir='ltr'>iubet</span> <span class='ocrx_word' id='word_1_11' title='bbox 1867 645 2036 698; x_wconf 84' lang='lat' dir='ltr'>esse</span> <span class='ocrx_word' id='word_1_12' title='bbox 2083 618 2438 724; x_wconf 78' lang='lat' dir='ltr'>patentis,</span> 
     </span>
     <span class='ocr_line' id='line_1_4' title="bbox 201 721 2233 825; baseline 0.002 -28"><span class='ocrx_word' id='word_1_13' title='bbox 201 721 582 797; x_wconf 80' lang='lat' dir='ltr'><strong>Incedunt</strong></span> <span class='ocrx_word' id='word_1_14' title='bbox 609 723 877 822; x_wconf 88' lang='lat' dir='ltr'>pueri,</span> <span class='ocrx_word' id='word_1_15' title='bbox 932 724 1389 825; x_wconf 80' lang='lat' dir='ltr'>pariterque</span> <span class='ocrx_word' id='word_1_16' title='bbox 1425 737 1608 799; x_wconf 87' lang='lat' dir='ltr'>ante</span> <span class='ocrx_word' id='word_1_17' title='bbox 1641 748 1778 799; x_wconf 86' lang='lat' dir='ltr'>ora</span> <span class='ocrx_word' id='word_1_18' title='bbox 1809 738 2233 825; x_wconf 86' lang='lat' dir='ltr'>parentum</span> 
     </span>
     <span class='ocr_line' id='line_1_5' title="bbox 202 825 2136 928; baseline 0.002 -27"><span class='ocrx_word' id='word_1_19' title='bbox 202 826 544 901; x_wconf 82' lang='lat' dir='ltr'>Frenatis</span> <span class='ocrx_word' id='word_1_20' title='bbox 578 825 850 902; x_wconf 90' lang='lat' dir='ltr'>lucent</span> <span class='ocrx_word' id='word_1_21' title='bbox 874 828 954 902; x_wconf 92' lang='lat' dir='ltr'>in</span> <span class='ocrx_word' id='word_1_22' title='bbox 990 829 1247 928; x_wconf 78' lang='lat' dir='ltr'>equis:</span> <span class='ocrx_word' id='word_1_23' title='bbox 1317 852 1519 928; x_wconf 90' lang='lat' dir='ltr'>quos</span> <span class='ocrx_word' id='word_1_24' title='bbox 1559 829 1820 903; x_wconf 90' lang='lat' dir='ltr'>omnis</span> <span class='ocrx_word' id='word_1_25' title='bbox 1855 842 2136 904; x_wconf 86' lang='lat' dir='ltr'>euntes</span> 
     </span>
    </p>
   </div>
   <div class='ocr_carea' id='block_1_4' title="bbox 92 928 2238 1134">
    <p class='ocr_par' dir='ltr' id='par_1_4' title="bbox 92 928 2238 1134">
     <span class='ocr_line' id='line_1_6' title="bbox 207 928 2172 1033; baseline 0.004 -30"><span class='ocrx_word' id='word_1_26' title='bbox 207 930 640 1005; x_wconf 81' lang='lat' dir='ltr'>Trinacriae</span> <span class='ocrx_word' id='word_1_27' title='bbox 677 932 955 1006; x_wconf 84' lang='lat' dir='ltr'>mirata</span> <span class='ocrx_word' id='word_1_28' title='bbox 989 928 1259 1006; x_wconf 84' lang='lat' dir='ltr'>fremit</span> <span class='ocrx_word' id='word_1_29' title='bbox 1296 933 1751 1033; x_wconf 86' lang='lat' dir='ltr'>Troiaeque</span> <span class='ocrx_word' id='word_1_30' title='bbox 1787 932 2172 1011; x_wconf 58' lang='lat' dir='ltr'>iuventus</span> 
     </span>
     <span class='ocr_line' id='line_1_7' title="bbox 92 1033 2238 1134; baseline 0.003 -25"><span class='ocrx_word' id='word_1_31' title='bbox 92 1094 95 1097; x_wconf 86' lang='lat'>.</span> <span class='ocrx_word' id='word_1_32' title='bbox 208 1033 595 1109; x_wconf 87' lang='lat' dir='ltr'>Omnibus</span> <span class='ocrx_word' id='word_1_33' title='bbox 625 1034 704 1108; x_wconf 91' lang='lat' dir='ltr'>in</span> <span class='ocrx_word' id='word_1_34' title='bbox 735 1058 1057 1111; x_wconf 89' lang='lat' dir='ltr'>morem</span> <span class='ocrx_word' id='word_1_35' title='bbox 1091 1047 1316 1110; x_wconf 85' lang='lat' dir='ltr'>tonsa</span> <span class='ocrx_word' id='word_1_36' title='bbox 1348 1059 1577 1111; x_wconf 89' lang='lat' dir='ltr'>coma</span> <span class='ocrx_word' id='word_1_37' title='bbox 1605 1060 1872 1134; x_wconf 85' lang='lat' dir='ltr'>pressa</span> <span class='ocrx_word' id='word_1_38' title='bbox 1923 1060 2238 1117; x_wconf 85' lang='lat' dir='ltr'>corona.</span> 
     </span>
    </p>
   </div>
   <div class='ocr_carea' id='block_1_5' title="bbox 2291 939 2442 1017">
    <p class='ocr_par' dir='ltr' id='par_1_5' title="bbox 2291 939 2442 1017">
     <span class='ocr_line' id='line_1_8' title="bbox 2291 939 2442 1017; baseline 0 -1"><span class='ocrx_word' id='word_1_39' title='bbox 2291 939 2442 1017; x_wconf 84' lang='lat'>555</span> 
     </span>
    </p>
   </div>
   <div class='ocr_carea' id='block_1_6' title="bbox 210 1136 2044 1240">
    <p class='ocr_par' dir='ltr' id='par_1_6' title="bbox 210 1136 2044 1240">
     <span class='ocr_line' id='line_1_9' title="bbox 210 1136 2044 1240; baseline 0.001 -27"><span class='ocrx_word' id='word_1_40' title='bbox 210 1139 509 1213; x_wconf 86' lang='lat' dir='ltr'>Cornea</span> <span class='ocrx_word' id='word_1_41' title='bbox 547 1138 734 1214; x_wconf 86' lang='lat' dir='ltr'>bina</span> <span class='ocrx_word' id='word_1_42' title='bbox 768 1136 1041 1215; x_wconf 86' lang='lat' dir='ltr'>ferunt</span> <span class='ocrx_word' id='word_1_43' title='bbox 1071 1137 1414 1240; x_wconf 84' lang='lat' dir='ltr'>praefixa</span> <span class='ocrx_word' id='word_1_44' title='bbox 1443 1137 1749 1214; x_wconf 86' lang='lat' dir='ltr'>hastilia</span> <span class='ocrx_word' id='word_1_45' title='bbox 1784 1137 2044 1234; x_wconf 79' lang='lat' dir='ltr'>serr03</span> 
     </span>
    </p>
   </div>
   <div class='ocr_carea' id='block_1_7' title="bbox 298 1279 900 1373">
    <p class='ocr_par' dir='ltr' id='par_1_7' title="bbox 298 1279 900 1373">
     <span class='ocr_line' id='line_1_10' title="bbox 298 1279 900 1373; baseline -0.003 -18"><span class='ocrx_word' id='word_1_46' title='bbox 298 1279 469 1373; x_wconf 83' lang='lat'><strong><em>557.</em></strong></span> <span class='ocrx_word' id='word_1_47' title='bbox 517 1297 900 1353; x_wconf 72' lang='lat' dir='ltr'>Pmmxo</span> 
     </span>
    </p>
   </div>
   <div class='ocr_carea' id='block_1_8' title="bbox 209 1451 1050 1571">
    <p class='ocr_par' dir='ltr' id='par_1_8' title="bbox 209 1451 1050 1571">
     <span class='ocr_line' id='line_1_11' title="bbox 333 1451 1050 1505; baseline -0.003 0"><span class='ocrx_word' id='word_1_48' title='bbox 333 1451 436 1505; x_wconf 78' lang='lat'>552</span> <span class='ocrx_word' id='word_1_49' title='bbox 486 1464 543 1502; x_wconf 75' lang='lat' dir='ltr'>et</span> <span class='ocrx_word' id='word_1_50' title='bbox 591 1452 740 1504; x_wconf 70' lang='lat' dir='ltr'>abest</span> <span class='ocrx_word' id='word_1_51' title='bbox 787 1470 816 1504; x_wconf 76' lang='lat' dir='ltr'>a</span> <span class='ocrx_word' id='word_1_52' title='bbox 868 1454 1050 1504; x_wconf 60' lang='lat' dir='ltr'>Frank.</span> 
     </span>
     <span class='ocr_line' id='line_1_12' title="bbox 209 1518 431 1571; baseline 0.018 -4"><span class='ocrx_word' id='word_1_53' title='bbox 209 1518 431 1571; x_wconf 74' lang='lat' dir='ltr'>Parrha·-</span> 
     </span>
    </p>
   </div>
   <div class='ocr_carea' id='block_1_9' title="bbox 505 1451 1855 1589">
    <p class='ocr_par' dir='ltr' id='par_1_9' title="bbox 505 1451 1855 1589">
     <span class='ocr_line' id='line_1_13' title="bbox 1120 1451 1855 1522; baseline 0.004 -21"><span class='ocrx_word' id='word_1_54' title='bbox 1120 1452 1140 1520; x_wconf 91' lang='lat'>(</span> <span class='ocrx_word' id='word_1_55' title='bbox 1151 1463 1427 1522; x_wconf 52' lang='lat' dir='ltr'>patentes*</span> <span class='ocrx_word' id='word_1_56' title='bbox 1459 1451 1649 1505; x_wconf 82' lang='lat' dir='ltr'>Medic.</span> <span class='ocrx_word' id='word_1_57' title='bbox 1713 1455 1791 1504; x_wconf 80' lang='lat' dir='ltr'><em>W</em></span> <span class='ocrx_word' id='word_1_58' title='bbox 1786 1453 1855 1518; x_wconf 84' lang='lat' dir='ltr'>r.)</span> 
     </span>
     <span class='ocr_line' id='line_1_14' title="bbox 505 1521 1370 1589; baseline -0.002 -15"><span class='ocrx_word' id='word_1_59' title='bbox 505 1522 607 1589; x_wconf 86' lang='lat'>(-·</span> <span class='ocrx_word' id='word_1_60' title='bbox 623 1521 744 1575; x_wconf 79' lang='lat'><strong>554.</strong></span> <span class='ocrx_word' id='word_1_61' title='bbox 780 1524 965 1575; x_wconf 66' lang='lat' dir='ltr'>euntis</span> <span class='ocrx_word' id='word_1_62' title='bbox 987 1521 1178 1572; x_wconf 73' lang='lat' dir='ltr'>Medic-</span> <span class='ocrx_word' id='word_1_63' title='bbox 1222 1523 1305 1573; x_wconf 87' lang='lat' dir='ltr'><em>W</em></span> <span class='ocrx_word' id='word_1_64' title='bbox 1300 1522 1370 1587; x_wconf 84' lang='lat' dir='ltr'>r.)</span> 
     </span>
    </p>
   </div>
   <div class='ocr_carea' id='block_1_10' title="bbox 1932 1450 2451 1523">
    <p class='ocr_par' dir='ltr' id='par_1_10' title="bbox 1932 1450 2451 1523">
     <span class='ocr_line' id='line_1_15' title="bbox 1932 1450 2451 1523; baseline -0.015 -13"><span class='ocrx_word' id='word_1_65' title='bbox 1932 1450 1938 1456; x_wconf 52' lang='grc'><strong><em>’</em></strong></span> <span class='ocrx_word' id='word_1_66' title='bbox 1996 1453 2101 1509; x_wconf 85' lang='grc'>553</span> <span class='ocrx_word' id='word_1_67' title='bbox 2149 1472 2251 1523; x_wconf 80' lang='lat' dir='ltr'>que</span> <span class='ocrx_word' id='word_1_68' title='bbox 2298 1452 2451 1504; x_wconf 74' lang='lat' dir='ltr'>deest</span> 
     </span>
    </p>
   </div>
   <div class='ocr_carea' id='block_1_11' title="bbox 1513 1522 2449 1576">
    <p class='ocr_par' dir='ltr' id='par_1_11' title="bbox 1513 1522 2449 1576">
     <span class='ocr_line' id='line_1_16' title="bbox 1513 1522 2449 1576; baseline -0.004 0"><span class='ocrx_word' id='word_1_69' title='bbox 1513 1522 1615 1576; x_wconf 84' lang='lat'>555</span> <span class='ocrx_word' id='word_1_70' title='bbox 1673 1523 1964 1574; x_wconf 59' lang='lat' dir='ltr'>Trinacria</span> <span class='ocrx_word' id='word_1_71' title='bbox 2011 1524 2244 1573; x_wconf 75' lang='lat' dir='ltr'>emirum</span> <span class='ocrx_word' id='word_1_72' title='bbox 2290 1523 2449 1572; x_wconf 79' lang='lat' dir='ltr'>Mon-</span> 
     </span>
    </p>
   </div>
   <div class='ocr_carea' id='block_1_12' title="bbox 211 1586 2450 1660">
    <p class='ocr_par' dir='ltr' id='par_1_12' title="bbox 211 1586 2450 1660">
     <span class='ocr_line' id='line_1_17' title="bbox 211 1586 2450 1660; baseline 0.001 -23"><span class='ocrx_word' id='word_1_73' title='bbox 211 1586 358 1653; x_wconf 60' lang='lat' dir='ltr'>talb„</span> <span class='ocrx_word' id='word_1_74' title='bbox 392 1607 493 1658; x_wconf 80' lang='lat' dir='ltr'>qun</span> <span class='ocrx_word' id='word_1_75' title='bbox 531 1588 791 1654; x_wconf 86' lang='lat' dir='ltr'>lectione,</span> <span class='ocrx_word' id='word_1_76' title='bbox 827 1609 922 1643; x_wconf 73' lang='lat' dir='ltr'>seu</span> <span class='ocrx_word' id='word_1_77' title='bbox 958 1590 1088 1643; x_wconf 81' lang='lat' dir='ltr'>vitio</span> <span class='ocrx_word' id='word_1_78' title='bbox 1125 1589 1332 1660; x_wconf 71' lang='lat' dir='ltr'>potius,</span> <span class='ocrx_word' id='word_1_79' title='bbox 1367 1592 1686 1642; x_wconf 73' lang='lat' dir='ltr'>Burmannus</span> <span class='ocrx_word' id='word_1_80' title='bbox 1723 1590 1971 1643; x_wconf 68' lang='lat' dir='ltr'>adversus</span> <span class='ocrx_word' id='word_1_81' title='bbox 2007 1590 2232 1643; x_wconf 82' lang='lat' dir='ltr'>Bentleii</span> <span class='ocrx_word' id='word_1_82' title='bbox 2269 1609 2450 1642; x_wconf 86' lang='lat' dir='ltr'>emen-</span> 
     </span>
    </p>
   </div>
   <div class='ocr_carea' id='block_1_13' title="bbox 209 1655 2453 1870">
    <p class='ocr_par' dir='ltr' id='par_1_13' title="bbox 209 1655 2453 1870">
     <span class='ocr_line' id='line_1_18' title="bbox 209 1655 1572 1727; baseline 0.004 -20"><span class='ocrx_word' id='word_1_83' title='bbox 209 1655 462 1709; x_wconf 72' lang='lat' dir='ltr'>dationem</span> <span class='ocrx_word' id='word_1_84' title='bbox 525 1659 691 1711; x_wconf 85' lang='lat' dir='ltr'>utitur</span> <span class='ocrx_word' id='word_1_85' title='bbox 750 1661 774 1710; x_wconf 86' lang='grc' dir='ltr'>Ι</span> <span class='ocrx_word' id='word_1_86' title='bbox 831 1661 1000 1713; x_wconf 74' lang='lat' dir='ltr'>Germ.</span> <span class='ocrx_word' id='word_1_87' title='bbox 1063 1662 1117 1724; x_wconf 85' lang='lat'>5,</span> <span class='ocrx_word' id='word_1_88' title='bbox 1165 1661 1198 1712; x_wconf 92' lang='grc'><strong>8</strong></span> <span class='ocrx_word' id='word_1_89' title='bbox 1246 1677 1331 1727; x_wconf 81' lang='lat' dir='ltr'>ap.</span> <span class='ocrx_word' id='word_1_90' title='bbox 1384 1660 1572 1712; x_wconf 75' lang='lat' dir='ltr'>Horat.</span> 
     </span>
     <span class='ocr_line' id='line_1_19' title="bbox 269 1727 2451 1799; baseline 0.001 -21"><span class='ocrx_word' id='word_1_91' title='bbox 269 1728 446 1794; x_wconf 67' lang='lat' dir='ltr'>aefiaea</span> <span class='ocrx_word' id='word_1_92' title='bbox 478 1730 537 1779; x_wconf 79' lang='grc' dir='ltr'>Ιι.</span> <span class='ocrx_word' id='word_1_93' title='bbox 561 1727 724 1798; x_wconf 81' lang='lat' dir='ltr'>serto</span> <span class='ocrx_word' id='word_1_94' title='bbox 759 1731 951 1783; x_wconf 84' lang='lat' dir='ltr'>Medic.</span> <span class='ocrx_word' id='word_1_95' title='bbox 985 1733 1138 1782; x_wconf 84' lang='lat' dir='ltr'>Rom.</span> <span class='ocrx_word' id='word_1_96' title='bbox 1177 1740 1230 1780; x_wconf 86' lang='lat' dir='ltr'>et</span> <span class='ocrx_word' id='word_1_97' title='bbox 1263 1728 1514 1798; x_wconf 87' lang='lat' dir='ltr'>quicquid</span> <span class='ocrx_word' id='word_1_98' title='bbox 1550 1729 1902 1798; x_wconf 80' lang='lat' dir='ltr'>antiquiorum</span> <span class='ocrx_word' id='word_1_99' title='bbox 1955 1742 2038 1782; x_wconf 74' lang='lat' dir='ltr'>eet</span> <span class='ocrx_word' id='word_1_100' title='bbox 2079 1729 2314 1782; x_wconf 85' lang='lat' dir='ltr'>codicum</span> <span class='ocrx_word' id='word_1_101' title='bbox 2364 1749 2451 1799; x_wconf 83' lang='lat' dir='ltr'>ap.</span> 
     </span>
     <span class='ocr_line' id='line_1_20' title="bbox 266 1798 2453 1870; baseline 0.001 -23"><span class='ocrx_word' id='word_1_102' title='bbox 266 1813 332 1848; x_wconf 88' lang='lat' dir='ltr'>er.</span> <span class='ocrx_word' id='word_1_103' title='bbox 369 1808 424 1848; x_wconf 81' lang='lat' dir='ltr'>et</span> <span class='ocrx_word' id='word_1_104' title='bbox 456 1799 642 1850; x_wconf 74' lang='lat' dir='ltr'>Heius.</span> <span class='ocrx_word' id='word_1_105' title='bbox 712 1799 798 1851; x_wconf 84' lang='lat' dir='ltr'>Sic</span> <span class='ocrx_word' id='word_1_106' title='bbox 833 1817 1040 1869; x_wconf 87' lang='lat' dir='ltr'>quoque</span> <span class='ocrx_word' id='word_1_107' title='bbox 1075 1802 1184 1851; x_wconf 85' lang='lat' dir='ltr'>Brf.</span> <span class='ocrx_word' id='word_1_108' title='bbox 1222 1810 1274 1849; x_wconf 85' lang='lat' dir='ltr'>et</span> <span class='ocrx_word' id='word_1_109' title='bbox 1308 1798 1476 1850; x_wconf 70' lang='lat' dir='ltr'>nostri</span> <span class='ocrx_word' id='word_1_110' title='bbox 1514 1799 1707 1862; x_wconf 64' lang='lat' dir='ltr'>Goth„</span> <span class='ocrx_word' id='word_1_111' title='bbox 1758 1799 1858 1861; x_wconf 57' lang='lat' dir='ltr'>niqi</span> <span class='ocrx_word' id='word_1_112' title='bbox 1906 1800 2048 1869; x_wconf 84' lang='lat' dir='ltr'>quod</span> <span class='ocrx_word' id='word_1_113' title='bbox 2081 1810 2206 1856; x_wconf 85' lang='lat' dir='ltr'>tert.</span> <span class='ocrx_word' id='word_1_114' title='bbox 2237 1817 2453 1870; x_wconf 71' lang='lat' dir='ltr'>pressa.</span> 
     </span>
    </p>
   </div>
   <div class='ocr_carea' id='block_1_14' title="bbox 1710 1660 2449 1731">
    <p class='ocr_par' dir='ltr' id='par_1_14' title="bbox 1710 1660 2449 1731">
     <span class='ocr_line' id='line_1_21' title="bbox 1710 1660 2449 1731; baseline -0.003 -17"><span class='ocrx_word' id='word_1_115' title='bbox 1710 1660 1816 1715; x_wconf 84' lang='lat'>557</span> <span class='ocrx_word' id='word_1_116' title='bbox 1859 1674 2065 1731; x_wconf 72' lang='lat' dir='ltr'>gerunt</span> <span class='ocrx_word' id='word_1_117' title='bbox 2112 1661 2215 1712; x_wconf 87' lang='lat' dir='ltr'>duo</span> <span class='ocrx_word' id='word_1_118' title='bbox 2271 1661 2449 1712; x_wconf 75' lang='lat' dir='ltr'>Heins-</span> 
     </span>
    </p>
   </div>
   <div class='ocr_carea' id='block_1_15' title="bbox 211 1864 2455 2091">
    <p class='ocr_par' dir='ltr' id='par_1_15' title="bbox 211 1864 2455 2091">
     <span class='ocr_line' id='line_1_22' title="bbox 212 1864 2453 1939; baseline 0.001 -24"><span class='ocrx_word' id='word_1_119' title='bbox 212 1864 396 1918; x_wconf 79' lang='lat' dir='ltr'>Tamen</span> <span class='ocrx_word' id='word_1_120' title='bbox 428 1868 684 1939; x_wconf 77' lang='lat' dir='ltr'>praefixo</span> <span class='ocrx_word' id='word_1_121' title='bbox 721 1887 786 1920; x_wconf 85' lang='lat' dir='ltr'>ex</span> <span class='ocrx_word' id='word_1_122' title='bbox 819 1870 993 1938; x_wconf 78' lang='lat' dir='ltr'>vulgg.</span> <span class='ocrx_word' id='word_1_123' title='bbox 1031 1870 1152 1922; x_wconf 85' lang='lat' dir='ltr'>edd.</span> <span class='ocrx_word' id='word_1_124' title='bbox 1189 1869 1372 1920; x_wconf 80' lang='lat' dir='ltr'>Hamb.</span> <span class='ocrx_word' id='word_1_125' title='bbox 1409 1886 1492 1936; x_wconf 85' lang='lat' dir='ltr'>pr.</span> <span class='ocrx_word' id='word_1_126' title='bbox 1527 1888 1558 1921; x_wconf 76' lang='lat' dir='ltr'>n</span> <span class='ocrx_word' id='word_1_127' title='bbox 1592 1886 1661 1921; x_wconf 84' lang='lat' dir='ltr'>m.</span> <span class='ocrx_word' id='word_1_128' title='bbox 1696 1888 1775 1936; x_wconf 88' lang='lat' dir='ltr'>pr.</span> <span class='ocrx_word' id='word_1_129' title='bbox 1830 1879 1883 1921; x_wconf 86' lang='lat' dir='ltr'>et</span> <span class='ocrx_word' id='word_1_130' title='bbox 1929 1872 2134 1937; x_wconf 84' lang='lat' dir='ltr'>Hugen.</span> <span class='ocrx_word' id='word_1_131' title='bbox 2183 1879 2453 1920; x_wconf 70' lang='lat' dir='ltr'>servarunt</span> 
     </span>
     <span class='ocr_line' id='line_1_23' title="bbox 213 1934 2450 2009; baseline 0.003 -26"><span class='ocrx_word' id='word_1_132' title='bbox 213 1934 377 1988; x_wconf 67' lang='lat' dir='ltr'>Heius.</span> <span class='ocrx_word' id='word_1_133' title='bbox 413 1956 474 1991; x_wconf 80' lang='lat' dir='ltr'>ec</span> <span class='ocrx_word' id='word_1_134' title='bbox 511 1938 863 2005; x_wconf 77' lang='lat' dir='ltr'>Burmannus,</span> <span class='ocrx_word' id='word_1_135' title='bbox 898 1938 987 2009; x_wconf 89' lang='lat' dir='ltr'>qui</span> <span class='ocrx_word' id='word_1_136' title='bbox 1021 1950 1294 2007; x_wconf 80' lang='lat' dir='ltr'>utramque</span> <span class='ocrx_word' id='word_1_137' title='bbox 1329 1937 1612 1990; x_wconf 84' lang='lat' dir='ltr'>lectionem</span> <span class='ocrx_word' id='word_1_138' title='bbox 1647 1939 1722 1990; x_wconf 82' lang='lat' dir='ltr'>uit</span> <span class='ocrx_word' id='word_1_139' title='bbox 1760 1938 1986 2002; x_wconf 80' lang='lat' dir='ltr'>habere,</span> <span class='ocrx_word' id='word_1_140' title='bbox 2035 1956 2139 2007; x_wconf 81' lang='lat' dir='ltr'>quo</span> <span class='ocrx_word' id='word_1_141' title='bbox 2187 1957 2245 1990; x_wconf 71' lang='lat' dir='ltr'>ae</span> <span class='ocrx_word' id='word_1_142' title='bbox 2295 1949 2450 1989; x_wconf 79' lang='lat' dir='ltr'>tuea-</span> 
     </span>
     <span class='ocr_line' id='line_1_24' title="bbox 211 2007 2455 2091; baseline -0 -32"><span class='ocrx_word' id='word_1_143' title='bbox 211 2013 300 2054; x_wconf 73' lang='lat' dir='ltr'>tur·</span> <span class='ocrx_word' id='word_1_144' title='bbox 365 2008 535 2059; x_wconf 80' lang='lat' dir='ltr'>Recte</span> <span class='ocrx_word' id='word_1_145' title='bbox 567 2008 811 2076; x_wconf 86' lang='lat' dir='ltr'>quidem,</span> <span class='ocrx_word' id='word_1_146' title='bbox 859 2008 955 2060; x_wconf 73' lang='lat' dir='ltr'>sed</span> <span class='ocrx_word' id='word_1_147' title='bbox 1030 2010 1244 2074; x_wconf 69' lang='lat' dir='ltr'>raefixa</span> <span class='ocrx_word' id='word_1_148' title='bbox 1276 2009 1334 2060; x_wconf 84' lang='grc' dir='ltr'>Ιι.</span> <span class='ocrx_word' id='word_1_149' title='bbox 1369 2007 1423 2078; x_wconf 91' lang='lat' dir='ltr'>s.</span> <span class='ocrx_word' id='word_1_150' title='bbox 1474 2018 1558 2059; x_wconf 74' lang='lat' dir='ltr'>est</span> <span class='ocrx_word' id='word_1_151' title='bbox 1607 2008 1772 2091; x_wconf 60' lang='lat' dir='ltr'>magis</span> <span class='ocrx_word' id='word_1_152' title='bbox 1816 2008 2110 2077; x_wconf 79' lang='lat' dir='ltr'>poeticum,</span> <span class='ocrx_word' id='word_1_153' title='bbox 2161 2007 2273 2059; x_wconf 84' lang='lat' dir='ltr'>nuri</span> <span class='ocrx_word' id='word_1_154' title='bbox 2327 2022 2455 2058; x_wconf 78' lang='lat' dir='ltr'>vero</span> 
     </span>
    </p>
   </div>
   <div class='ocr_carea' id='block_1_16' title="bbox 211 2029 1268 2149">
    <p class='ocr_par' dir='ltr' id='par_1_16' title="bbox 211 2029 1268 2149">
     <span class='ocr_line' id='line_1_25' title="bbox 211 2029 1268 2149; baseline 0.006 -25"><span class='ocrx_word' id='word_1_155' title='bbox 211 2074 362 2142; x_wconf 73' lang='lat' dir='ltr'>magis</span> <span class='ocrx_word' id='word_1_156' title='bbox 396 2076 718 2143; x_wconf 73' lang='lat' dir='ltr'>eoneuiitur,</span> <span class='ocrx_word' id='word_1_157' title='bbox 753 2078 800 2130; x_wconf 74' lang='lat' dir='ltr'>ei</span> <span class='ocrx_word' id='word_1_158' title='bbox 827 2029 1083 2149; x_wconf 40' lang='lat' dir='ltr'>praestito</span> <span class='ocrx_word' id='word_1_159' title='bbox 1116 2077 1268 2146; x_wconf 71' lang='lat' dir='ltr'>legis.</span> 
     </span>
    </p>
   </div>
   <div class='ocr_carea' id='block_1_17' title="bbox 1339 2076 2455 2160">
    <p class='ocr_par' dir='ltr' id='par_1_17' title="bbox 1339 2076 2455 2160">
     <span class='ocr_line' id='line_1_26' title="bbox 1339 2076 2455 2160; baseline -0.002 -31"><span class='ocrx_word' id='word_1_160' title='bbox 1339 2077 1614 2160; x_wconf 61' lang='lat' dir='ltr'>(prqefixa</span> <span class='ocrx_word' id='word_1_161' title='bbox 1649 2088 1804 2130; x_wconf 76' lang='lat' dir='ltr'>etium</span> <span class='ocrx_word' id='word_1_162' title='bbox 1839 2079 1986 2148; x_wconf 70' lang='lat' dir='ltr'>Lips.</span> <span class='ocrx_word' id='word_1_163' title='bbox 2019 2089 2130 2147; x_wconf 89' lang='lat' dir='ltr'>utq.</span> <span class='ocrx_word' id='word_1_164' title='bbox 2173 2088 2245 2142; x_wconf 88' lang='lat' dir='ltr'>et,</span> <span class='ocrx_word' id='word_1_165' title='bbox 2279 2086 2336 2127; x_wconf 86' lang='lat' dir='ltr'>ut</span> <span class='ocrx_word' id='word_1_166' title='bbox 2372 2076 2455 2127; x_wconf 81' lang='lat' dir='ltr'>vi·-</span> 
     </span>
    </p>
   </div>
   <div class='ocr_carea' id='block_1_18' title="bbox 214 2142 2457 2217">
    <p class='ocr_par' dir='ltr' id='par_1_18' title="bbox 214 2142 2457 2217">
     <span class='ocr_line' id='line_1_27' title="bbox 214 2142 2457 2217; baseline 0.002 -25"><span class='ocrx_word' id='word_1_167' title='bbox 214 2142 385 2211; x_wconf 87' lang='lat' dir='ltr'>detur,</span> <span class='ocrx_word' id='word_1_168' title='bbox 428 2146 660 2197; x_wconf 85' lang='lat' dir='ltr'>Potterii</span> <span class='ocrx_word' id='word_1_169' title='bbox 694 2164 892 2199; x_wconf 67' lang='lat' dir='ltr'>omnes.</span> <span class='ocrx_word' id='word_1_170' title='bbox 963 2148 1096 2200; x_wconf 80' lang='lat' dir='ltr'>Mira</span> <span class='ocrx_word' id='word_1_171' title='bbox 1146 2157 1229 2199; x_wconf 75' lang='lat' dir='ltr'>est</span> <span class='ocrx_word' id='word_1_172' title='bbox 1278 2149 1484 2198; x_wconf 74' lang='lat' dir='ltr'>Hemeu</span> <span class='ocrx_word' id='word_1_173' title='bbox 1528 2148 1905 2212; x_wconf 78' lang='lat' dir='ltr'>inconstantia,</span> <span class='ocrx_word' id='word_1_174' title='bbox 1961 2149 2076 2217; x_wconf 88' lang='lat' dir='ltr'>qui,</span> <span class='ocrx_word' id='word_1_175' title='bbox 2126 2164 2281 2216; x_wconf 86' lang='lat' dir='ltr'>quum</span> <span class='ocrx_word' id='word_1_176' title='bbox 2336 2148 2457 2211; x_wconf 83' lang='lat' dir='ltr'>XII,</span> 
     </span>
    </p>
   </div>
   <div class='ocr_carea' id='block_1_19' title="bbox 214 2211 696 2268">
    <p class='ocr_par' dir='ltr' id='par_1_19' title="bbox 214 2211 696 2268">
     <span class='ocr_line' id='line_1_28' title="bbox 214 2211 696 2268; baseline 0 -1"><span class='ocrx_word' id='word_1_177' title='bbox 214 2211 320 2267; x_wconf 74' lang='lat'><strong>489.</strong></span> <span class='ocrx_word' id='word_1_178' title='bbox 366 2217 477 2268; x_wconf 77' lang='lat' dir='ltr'>duo</span> <span class='ocrx_word' id='word_1_179' title='bbox 539 2215 696 2267; x_wconf 71' lang='lat' dir='ltr'>lenta</span> 
     </span>
    </p>
   </div>
   <div class='ocr_carea' id='block_1_20' title="bbox 215 2286 741 2353">
    <p class='ocr_par' dir='ltr' id='par_1_20' title="bbox 215 2286 741 2353">
     <span class='ocr_line' id='line_1_29' title="bbox 215 2286 741 2353; baseline 0.013 -22"><span class='ocrx_word' id='word_1_180' title='bbox 215 2299 406 2353; x_wconf 83' lang='lat' dir='ltr'>quoque</span> <span class='ocrx_word' id='word_1_181' title='bbox 439 2286 501 2337; x_wconf 82' lang='lat' dir='ltr'>in</span> <span class='ocrx_word' id='word_1_182' title='bbox 534 2302 639 2337; x_wconf 77' lang='lat' dir='ltr'>nuo</span> <span class='ocrx_word' id='word_1_183' title='bbox 678 2303 741 2338; x_wconf 81' lang='lat' dir='ltr'>eo</span> 
     </span>
    </p>
   </div>
   <div class='ocr_carea' id='block_1_21' title="bbox 784 2214 2459 2359">
    <p class='ocr_par' dir='ltr' id='par_1_21' title="bbox 784 2214 2459 2359">
     <span class='ocr_line' id='line_1_30' title="bbox 803 2214 2459 2288; baseline -0.001 -20"><span class='ocrx_word' id='word_1_184' title='bbox 803 2237 880 2269; x_wconf 83' lang='lat' dir='ltr'>ra</span> <span class='ocrx_word' id='word_1_185' title='bbox 896 2217 1099 2288; x_wconf 72' lang='lat' dir='ltr'>efixa</span> <span class='ocrx_word' id='word_1_186' title='bbox 1158 2216 1387 2269; x_wconf 67' lang='lat' dir='ltr'>hastilia</span> <span class='ocrx_word' id='word_1_187' title='bbox 1433 2214 1598 2287; x_wconf 81' lang='lat' dir='ltr'>ferro</span> <span class='ocrx_word' id='word_1_188' title='bbox 1646 2218 1962 2280; x_wconf 68' lang='lat' dir='ltr'>terraverit,</span> <span class='ocrx_word' id='word_1_189' title='bbox 2022 2234 2332 2287; x_wconf 76' lang='lat' dir='ltr'>quamquam</span> <span class='ocrx_word' id='word_1_190' title='bbox 2381 2215 2459 2267; x_wconf 88' lang='lat' dir='ltr'>ibi</span> 
     </span>
     <span class='ocr_line' id='line_1_31' title="bbox 784 2285 2459 2359; baseline -0.002 -20"><span class='ocrx_word' id='word_1_191' title='bbox 784 2325 800 2339; x_wconf 90' lang='lat'><strong>.</strong></span> <span class='ocrx_word' id='word_1_192' title='bbox 837 2297 918 2338; x_wconf 70' lang='lat' dir='ltr'>est</span> <span class='ocrx_word' id='word_1_193' title='bbox 943 2288 1232 2359; x_wconf 77' lang='lat' dir='ltr'>praefixo,</span> <span class='ocrx_word' id='word_1_194' title='bbox 1284 2285 1372 2338; x_wconf 85' lang='lat' dir='ltr'>hic</span> <span class='ocrx_word' id='word_1_195' title='bbox 1405 2298 1587 2337; x_wconf 83' lang='lat' dir='ltr'>contra</span> <span class='ocrx_word' id='word_1_196' title='bbox 1621 2297 1824 2342; x_wconf 78' lang='lat' dir='ltr'>tuntum</span> <span class='ocrx_word' id='word_1_197' title='bbox 1861 2286 2100 2339; x_wconf 86' lang='lat' dir='ltr'>codicum</span> <span class='ocrx_word' id='word_1_198' title='bbox 2151 2303 2459 2338; x_wconf 66' lang='lat' dir='ltr'>consen-um</span> 
     </span>
    </p>
   </div>
   <div class='ocr_carea' id='block_1_22' title="bbox 210 2354 2328 2428">
    <p class='ocr_par' dir='ltr' id='par_1_22' title="bbox 210 2354 2328 2428">
     <span class='ocr_line' id='line_1_32' title="bbox 210 2354 2328 2428; baseline 0.001 -24"><span class='ocrx_word' id='word_1_199' title='bbox 210 2355 446 2422; x_wconf 77' lang='lat' dir='ltr'>praefixo</span> <span class='ocrx_word' id='word_1_200' title='bbox 484 2354 732 2408; x_wconf 84' lang='lat' dir='ltr'>ediderit.</span> <span class='ocrx_word' id='word_1_201' title='bbox 798 2357 1060 2409; x_wconf 77' lang='lat' dir='ltr'>Revocavi</span> <span class='ocrx_word' id='word_1_202' title='bbox 1090 2357 1377 2428; x_wconf 66' lang='lat' dir='ltr'>praesta-03</span> <span class='ocrx_word' id='word_1_203' title='bbox 1415 2356 1546 2407; x_wconf 75' lang='lat' dir='ltr'>fecit</span> <span class='ocrx_word' id='word_1_204' title='bbox 1580 2356 1685 2408; x_wconf 87' lang='lat' dir='ltr'>hoc</span> <span class='ocrx_word' id='word_1_205' title='bbox 1720 2356 1879 2408; x_wconf 79' lang='lat' dir='ltr'>etium</span> <span class='ocrx_word' id='word_1_206' title='bbox 1914 2356 2142 2409; x_wconf 79' lang='lat' dir='ltr'>lahnius.</span> <span class='ocrx_word' id='word_1_207' title='bbox 2182 2355 2328 2422; x_wconf 85' lang='lat' dir='ltr'>Wr.)</span> 
     </span>
    </p>
   </div>
   <div class='ocr_carea' id='block_1_23' title="bbox 138 2492 1311 4189">
    <p class='ocr_par' dir='ltr' id='par_1_23' title="bbox 219 2492 1295 2990">
     <span class='ocr_line' id='line_1_33' title="bbox 220 2492 1291 2558; baseline 0.007 -8"><span class='ocrx_word' id='word_1_208' title='bbox 220 2492 350 2555; x_wconf 83' lang='lat' dir='ltr'>bric.</span> <span class='ocrx_word' id='word_1_209' title='bbox 393 2497 472 2557; x_wconf 76' lang='lat' dir='ltr'>ed</span> <span class='ocrx_word' id='word_1_210' title='bbox 518 2494 580 2556; x_wconf 87' lang='lat' dir='ltr'>h.</span> <span class='ocrx_word' id='word_1_211' title='bbox 622 2495 662 2556; x_wconf 92' lang='lat' dir='ltr'>l.</span> <span class='ocrx_word' id='word_1_212' title='bbox 715 2505 778 2556; x_wconf 79' lang='lat' dir='ltr'>et</span> <span class='ocrx_word' id='word_1_213' title='bbox 817 2497 982 2558; x_wconf 75' lang='lat' dir='ltr'>lehn.</span> <span class='ocrx_word' id='word_1_214' title='bbox 1026 2498 1103 2558; x_wconf 79' lang='lat' dir='ltr'>ad</span> <span class='ocrx_word' id='word_1_215' title='bbox 1144 2496 1291 2558; x_wconf 83' lang='lat' dir='ltr'>Aen.</span> 
     </span>
     <span class='ocr_line' id='line_1_34' title="bbox 219 2580 1295 2663; baseline 0.006 -25"><span class='ocrx_word' id='word_1_216' title='bbox 219 2580 467 2659; x_wconf 78' lang='lat' dir='ltr'>x¹,41.,</span> <span class='ocrx_word' id='word_1_217' title='bbox 533 2602 683 2660; x_wconf 78' lang='lat' dir='ltr'>quos</span> <span class='ocrx_word' id='word_1_218' title='bbox 724 2584 936 2644; x_wconf 77' lang='lat' dir='ltr'>laudat</span> <span class='ocrx_word' id='word_1_219' title='bbox 984 2586 1164 2663; x_wconf 79' lang='lat' dir='ltr'>smig.</span> <span class='ocrx_word' id='word_1_220' title='bbox 1215 2585 1295 2644; x_wconf 79' lang='lat' dir='ltr'>ud</span> 
     </span>
     <span class='ocr_line' id='line_1_35' title="bbox 222 2665 1294 2750; baseline 0.007 -27"><span class='ocrx_word' id='word_1_221' title='bbox 222 2665 421 2729; x_wconf 79' lang='lat' dir='ltr'>catull.</span> <span class='ocrx_word' id='word_1_222' title='bbox 461 2668 674 2744; x_wconf 82' lang='lat' dir='ltr'>LXIII,</span> <span class='ocrx_word' id='word_1_223' title='bbox 710 2674 810 2733; x_wconf 91' lang='lat'>77.</span> <span class='ocrx_word' id='word_1_224' title='bbox 870 2672 1045 2750; x_wconf 84' lang='lat' dir='ltr'>Wr.)</span> <span class='ocrx_word' id='word_1_225' title='bbox 1149 2671 1294 2736; x_wconf 80' lang='lat'><strong>551.</strong></span> 
     </span>
     <span class='ocr_line' id='line_1_36' title="bbox 221 2755 1294 2835; baseline 0.006 -26"><span class='ocrx_word' id='word_1_226' title='bbox 221 2755 360 2813; x_wconf 71' lang='lat' dir='ltr'>eie-co</span> <span class='ocrx_word' id='word_1_227' title='bbox 397 2755 472 2814; x_wconf 87' lang='lat' dir='ltr'>de</span> <span class='ocrx_word' id='word_1_228' title='bbox 518 2755 722 2834; x_wconf 68' lang='lat' dir='ltr'>spatiis</span> <span class='ocrx_word' id='word_1_229' title='bbox 761 2764 823 2815; x_wconf 83' lang='lat' dir='ltr'>et</span> <span class='ocrx_word' id='word_1_230' title='bbox 862 2757 1029 2830; x_wconf 87' lang='lat' dir='ltr'>loco,</span> <span class='ocrx_word' id='word_1_231' title='bbox 1071 2757 1133 2815; x_wconf 89' lang='lat' dir='ltr'>in</span> <span class='ocrx_word' id='word_1_232' title='bbox 1173 2776 1294 2835; x_wconf 89' lang='lat' dir='ltr'>quo</span> 
     </span>
     <span class='ocr_line' id='line_1_37' title="bbox 222 2837 1294 2922; baseline 0.004 -25"><span class='ocrx_word' id='word_1_233' title='bbox 222 2837 500 2900; x_wconf 68' lang='lat' dir='ltr'>decursus</span> <span class='ocrx_word' id='word_1_234' title='bbox 539 2849 816 2918; x_wconf 73' lang='lat' dir='ltr'>equester</span> <span class='ocrx_word' id='word_1_235' title='bbox 872 2842 943 2901; x_wconf 85' lang='lat' dir='ltr'>fit</span> <span class='ocrx_word' id='word_1_236' title='bbox 974 2888 990 2918; x_wconf 88' lang='lat'>,</span> <span class='ocrx_word' id='word_1_237' title='bbox 1047 2852 1120 2901; x_wconf 89' lang='lat' dir='ltr'>ut</span> <span class='ocrx_word' id='word_1_238' title='bbox 1163 2862 1294 2922; x_wconf 78' lang='lat' dir='ltr'>sup.</span> 
     </span>
     <span class='ocr_line' id='line_1_38' title="bbox 222 2925 708 2990; baseline 0 -4"><span class='ocrx_word' id='word_1_239' title='bbox 222 2927 353 2990; x_wconf 81' lang='lat'><strong>289.</strong></span> <span class='ocrx_word' id='word_1_240' title='bbox 382 2925 457 2985; x_wconf 91' lang='lat' dir='ltr'>de</span> <span class='ocrx_word' id='word_1_241' title='bbox 490 2925 708 2986; x_wconf 71' lang='lat' dir='ltr'>stadio.</span> 
     </span>
    </p>

    <p class='ocr_par' dir='ltr' id='par_1_24' title="bbox 138 3011 1311 4189">
     <span class='ocr_line' id='line_1_39' title="bbox 297 3011 1297 3078; baseline -0.007 -1"><span class='ocrx_word' id='word_1_242' title='bbox 297 3011 680 3078; x_wconf 77' lang='lat'><strong>554—556.</strong></span> <span class='ocrx_word' id='word_1_243' title='bbox 726 3013 1025 3075; x_wconf 78' lang='lat' dir='ltr'>Ornatum</span> <span class='ocrx_word' id='word_1_244' title='bbox 1075 3011 1297 3072; x_wconf 83' lang='lat' dir='ltr'>verbo-</span> 
     </span>
     <span class='ocr_line' id='line_1_40' title="bbox 220 3097 1296 3177; baseline 0.003 -22"><span class='ocrx_word' id='word_1_245' title='bbox 220 3115 349 3155; x_wconf 90' lang='lat' dir='ltr'>rum</span> <span class='ocrx_word' id='word_1_246' title='bbox 381 3098 525 3158; x_wconf 79' lang='lat' dir='ltr'>vide</span> <span class='ocrx_word' id='word_1_247' title='bbox 557 3097 620 3157; x_wconf 88' lang='lat' dir='ltr'>in</span> <span class='ocrx_word' id='word_1_248' title='bbox 665 3099 860 3158; x_wconf 76' lang='lat' dir='ltr'>lucent</span> <span class='ocrx_word' id='word_1_249' title='bbox 902 3120 1015 3177; x_wconf 87' lang='lat' dir='ltr'>pro</span> <span class='ocrx_word' id='word_1_250' title='bbox 1054 3097 1296 3158; x_wconf 86' lang='lat' dir='ltr'>vehun-</span> 
     </span>
     <span class='ocr_line' id='line_1_41' title="bbox 222 3186 1297 3265; baseline -0.001 -23"><span class='ocrx_word' id='word_1_251' title='bbox 222 3190 352 3258; x_wconf 82' lang='lat' dir='ltr'>tur,</span> <span class='ocrx_word' id='word_1_252' title='bbox 394 3193 456 3244; x_wconf 85' lang='lat' dir='ltr'>et</span> <span class='ocrx_word' id='word_1_253' title='bbox 483 3186 937 3264; x_wconf 65' lang='lat' dir='ltr'>mirumst-emit</span> <span class='ocrx_word' id='word_1_254' title='bbox 966 3207 1076 3265; x_wconf 87' lang='lat' dir='ltr'>pro</span> <span class='ocrx_word' id='word_1_255' title='bbox 1109 3186 1297 3244; x_wconf 74' lang='lat' dir='ltr'>mira-</span> 
     </span>
     <span class='ocr_line' id='line_1_42' title="bbox 225 3269 1295 3348; baseline 0.001 -21"><span class='ocrx_word' id='word_1_256' title='bbox 225 3276 347 3344; x_wconf 88' lang='lat' dir='ltr'>tur,</span> <span class='ocrx_word' id='word_1_257' title='bbox 381 3279 442 3330; x_wconf 86' lang='lat' dir='ltr'>et</span> <span class='ocrx_word' id='word_1_258' title='bbox 469 3269 557 3329; x_wconf 74' lang='lat' dir='ltr'>sic</span> <span class='ocrx_word' id='word_1_259' title='bbox 580 3290 762 3348; x_wconf 88' lang='lat' dir='ltr'>porro</span> <span class='ocrx_word' id='word_1_260' title='bbox 794 3271 855 3329; x_wconf 90' lang='lat' dir='ltr'>in</span> <span class='ocrx_word' id='word_1_261' title='bbox 890 3271 1047 3348; x_wconf 75' lang='lat' dir='ltr'>aliin3</span> <span class='ocrx_word' id='word_1_262' title='bbox 1089 3280 1163 3330; x_wconf 87' lang='lat' dir='ltr'>ut</span> <span class='ocrx_word' id='word_1_263' title='bbox 1196 3270 1295 3329; x_wconf 89' lang='lat' dir='ltr'>in-</span> 
     </span>
     <span class='ocr_line' id='line_1_43' title="bbox 225 3353 1302 3435; baseline 0.002 -24"><span class='ocrx_word' id='word_1_264' title='bbox 225 3353 339 3413; x_wconf 80' lang='lat' dir='ltr'>fra:</span> <span class='ocrx_word' id='word_1_265' title='bbox 404 3356 664 3435; x_wconf 81' lang='lat' dir='ltr'>fulgent</span> <span class='ocrx_word' id='word_1_266' title='bbox 690 3401 707 3433; x_wconf 88' lang='lat'>‚</span> <span class='ocrx_word' id='word_1_267' title='bbox 805 3369 1114 3434; x_wconf 73' lang='lat' dir='ltr'>vagamur</span> <span class='ocrx_word' id='word_1_268' title='bbox 1190 3364 1302 3414; x_wconf 87' lang='lat' dir='ltr'>etc.</span> 
     </span>
     <span class='ocr_line' id='line_1_44' title="bbox 228 3435 1305 3522; baseline 0 -24"><span class='ocrx_word' id='word_1_269' title='bbox 228 3435 460 3518; x_wconf 73' lang='lat' dir='ltr'>(hoeent,</span> <span class='ocrx_word' id='word_1_270' title='bbox 497 3441 697 3501; x_wconf 76' lang='lat' dir='ltr'>armis.</span> <span class='ocrx_word' id='word_1_271' title='bbox 732 3441 904 3522; x_wconf 83' lang='lat' dir='ltr'>Wr.)</span> <span class='ocrx_word' id='word_1_272' title='bbox 993 3442 1138 3507; x_wconf 87' lang='lat'><strong>556.</strong></span> <span class='ocrx_word' id='word_1_273' title='bbox 1169 3455 1305 3500; x_wconf 78' lang='lat' dir='ltr'>ton-</span> 
     </span>
     <span class='ocr_line' id='line_1_45' title="bbox 228 3543 1306 3605; baseline 0.002 -22"><span class='ocrx_word' id='word_1_274' title='bbox 228 3546 296 3584; x_wconf 72' lang='grc' dir='ltr'>σα</span> <span class='ocrx_word' id='word_1_275' title='bbox 332 3543 507 3585; x_wconf 79' lang='lat' dir='ltr'>coma</span> <span class='ocrx_word' id='word_1_276' title='bbox 540 3549 762 3605; x_wconf 67' lang='lat' dir='ltr'>pnes-a</span> <span class='ocrx_word' id='word_1_277' title='bbox 800 3546 1021 3586; x_wconf 77' lang='lat' dir='ltr'>corona</span> <span class='ocrx_word' id='word_1_278' title='bbox 1040 3574 1055 3602; x_wconf 93' lang='lat'>,</span> <span class='ocrx_word' id='word_1_279' title='bbox 1124 3546 1306 3586; x_wconf 85' lang='lat' dir='ltr'>eoro-</span> 
     </span>
     <span class='ocr_line' id='line_1_46' title="bbox 138 3610 1306 3690; baseline 0.008 -22"><span class='ocrx_word' id='word_1_280' title='bbox 138 3663 143 3668; x_wconf 84' lang='lat'>.</span> <span class='ocrx_word' id='word_1_281' title='bbox 230 3612 379 3685; x_wconf 75' lang='lat' dir='ltr'>nati,</span> <span class='ocrx_word' id='word_1_282' title='bbox 418 3621 482 3672; x_wconf 86' lang='lat' dir='ltr'>et</span> <span class='ocrx_word' id='word_1_283' title='bbox 510 3613 785 3690; x_wconf 80' lang='lat' dir='ltr'>quidem,</span> <span class='ocrx_word' id='word_1_284' title='bbox 830 3622 901 3671; x_wconf 86' lang='lat' dir='ltr'>ut</span> <span class='ocrx_word' id='word_1_285' title='bbox 939 3610 1048 3673; x_wconf 82' lang='lat' dir='ltr'>ins.</span> <span class='ocrx_word' id='word_1_286' title='bbox 1077 3632 1136 3672; x_wconf 82' lang='lat' dir='ltr'>v.</span> <span class='ocrx_word' id='word_1_287' title='bbox 1180 3616 1306 3677; x_wconf 81' lang='grc'>678</span> 
     </span>
     <span class='ocr_line' id='line_1_47' title="bbox 228 3694 1307 3778; baseline 0.003 -25"><span class='ocrx_word' id='word_1_288' title='bbox 228 3694 602 3778; x_wconf 81' lang='lat' dir='ltr'>intelligitur,</span> <span class='ocrx_word' id='word_1_289' title='bbox 671 3698 778 3758; x_wconf 84' lang='lat' dir='ltr'>ubi</span> <span class='ocrx_word' id='word_1_290' title='bbox 835 3700 1126 3759; x_wconf 76' lang='lat' dir='ltr'>Ascanius</span> <span class='ocrx_word' id='word_1_291' title='bbox 1179 3708 1307 3777; x_wconf 76' lang='lat' dir='ltr'>ga&#39;-</span> 
     </span>
     <span class='ocr_line' id='line_1_48' title="bbox 231 3781 1308 3863; baseline 0.001 -24"><span class='ocrx_word' id='word_1_292' title='bbox 231 3781 379 3840; x_wconf 81' lang='lat' dir='ltr'>leam</span> <span class='ocrx_word' id='word_1_293' title='bbox 405 3797 544 3842; x_wconf 81' lang='lat' dir='ltr'>ante</span> <span class='ocrx_word' id='word_1_294' title='bbox 565 3785 753 3862; x_wconf 69' lang='lat' dir='ltr'>pedes</span> <span class='ocrx_word' id='word_1_295' title='bbox 766 3787 1022 3863; x_wconf 62' lang='lat' dir='ltr'>proiecit</span> <span class='ocrx_word' id='word_1_296' title='bbox 1044 3788 1308 3859; x_wconf 83' lang='lat' dir='ltr'>inanem,</span> 
     </span>
     <span class='ocr_line' id='line_1_49' title="bbox 234 3869 1310 3951; baseline 0.003 -26"><span class='ocrx_word' id='word_1_297' title='bbox 234 3886 446 3928; x_wconf 78' lang='lat' dir='ltr'>corona</span> <span class='ocrx_word' id='word_1_298' title='bbox 487 3889 668 3950; x_wconf 72' lang='lat' dir='ltr'>super</span> <span class='ocrx_word' id='word_1_299' title='bbox 715 3871 944 3951; x_wconf 79' lang='lat' dir='ltr'>galeam</span> <span class='ocrx_word' id='word_1_300' title='bbox 996 3869 1310 3950; x_wconf 71' lang='lat' dir='ltr'>imposita;</span> 
     </span>
     <span class='ocr_line' id='line_1_50' title="bbox 236 3955 1307 4033; baseline -0.001 -21"><span class='ocrx_word' id='word_1_301' title='bbox 236 3955 415 4031; x_wconf 76' lang='lat' dir='ltr'>qualis</span> <span class='ocrx_word' id='word_1_302' title='bbox 441 3955 548 4018; x_wconf 82' lang='lat' dir='ltr'>inf.</span> <span class='ocrx_word' id='word_1_303' title='bbox 577 3956 701 4033; x_wconf 81' lang='lat' dir='ltr'>VII,</span> <span class='ocrx_word' id='word_1_304' title='bbox 744 3957 865 4022; x_wconf 85' lang='lat'>751</span> <span class='ocrx_word' id='word_1_305' title='bbox 920 3957 1155 4017; x_wconf 71' lang='lat' dir='ltr'>Rvnde</span> <span class='ocrx_word' id='word_1_306' title='bbox 1200 3977 1307 4012; x_wconf 79' lang='grc' dir='ltr'>ειι-</span> 
     </span>
     <span class='ocr_line' id='line_1_51' title="bbox 228 4041 1311 4123; baseline 0 -26"><span class='ocrx_word' id='word_1_307' title='bbox 228 4058 337 4114; x_wconf 81' lang='lat' dir='ltr'>per</span> <span class='ocrx_word' id='word_1_308' title='bbox 352 4044 605 4119; x_wconf 81' lang='lat' dir='ltr'>galeam</span> <span class='ocrx_word' id='word_1_309' title='bbox 639 4055 694 4101; x_wconf 74' lang='lat' dir='ltr'>et</span> <span class='ocrx_word' id='word_1_310' title='bbox 715 4043 905 4123; x_wconf 80' lang='lat' dir='ltr'>felici</span> <span class='ocrx_word' id='word_1_311' title='bbox 934 4055 1159 4102; x_wconf 76' lang='lat' dir='ltr'>comtus</span> <span class='ocrx_word' id='word_1_312' title='bbox 1188 4041 1311 4099; x_wconf 59' lang='lat' dir='ltr'>ola:</span> 
     </span>
     <span class='ocr_line' id='line_1_52' title="bbox 235 4125 1310 4189; baseline 0.004 -9"><span class='ocrx_word' id='word_1_313' title='bbox 235 4144 330 4182; x_wconf 80' lang='grc' dir='ltr'>να.</span> <span class='ocrx_word' id='word_1_314' title='bbox 368 4128 439 4186; x_wconf 82' lang='lat' dir='ltr'>cs.</span> <span class='ocrx_word' id='word_1_315' title='bbox 467 4127 677 4187; x_wconf 70' lang='lat' dir='ltr'>Cerdo.</span> <span class='ocrx_word' id='word_1_316' title='bbox 764 4129 946 4189; x_wconf 75' lang='lat' dir='ltr'>Come</span> <span class='ocrx_word' id='word_1_317' title='bbox 976 4137 1178 4188; x_wconf 82' lang='lat' dir='ltr'>tamen</span> <span class='ocrx_word' id='word_1_318' title='bbox 1212 4125 1310 4186; x_wconf 80' lang='lat' dir='ltr'>vel</span> 
     </span>
    </p>
   </div>
   <div class='ocr_carea' id='block_1_24' title="bbox 1378 2492 2562 4207">
    <p class='ocr_par' dir='ltr' id='par_1_25' title="bbox 1378 2492 2562 4207">
     <span class='ocr_line' id='line_1_53' title="bbox 1379 2492 2562 2580; baseline -0.001 -23"><span class='ocrx_word' id='word_1_319' title='bbox 1379 2498 1725 2579; x_wconf 79' lang='lat' dir='ltr'>decerptae:</span> <span class='ocrx_word' id='word_1_320' title='bbox 1770 2495 1862 2580; x_wconf 80' lang='lat' dir='ltr'>(at</span> <span class='ocrx_word' id='word_1_321' title='bbox 1896 2498 2019 2559; x_wconf 84' lang='lat' dir='ltr'><strong>vid.</strong></span> <span class='ocrx_word' id='word_1_322' title='bbox 2069 2498 2172 2558; x_wconf 89' lang='lat' dir='ltr'>Ge.</span> <span class='ocrx_word' id='word_1_323' title='bbox 2219 2498 2317 2576; x_wconf 86' lang='lat'>111,</span> <span class='ocrx_word' id='word_1_324' title='bbox 2358 2502 2460 2564; x_wconf 80' lang='lat'>21.</span> <span class='ocrx_word' id='word_1_325' title='bbox 2557 2492 2562 2504; x_wconf 81' lang='grc'><strong>’</strong></span> 
     </span>
     <span class='ocr_line' id='line_1_54' title="bbox 1378 2581 2463 2668; baseline -0.002 -25"><span class='ocrx_word' id='word_1_326' title='bbox 1378 2585 1512 2643; x_wconf 80' lang='lat' dir='ltr'>Not.</span> <span class='ocrx_word' id='word_1_327' title='bbox 1566 2581 1745 2668; x_wconf 84' lang='lat' dir='ltr'>Wr.)</span> <span class='ocrx_word' id='word_1_328' title='bbox 1820 2593 1892 2643; x_wconf 90' lang='lat' dir='ltr'>ut</span> <span class='ocrx_word' id='word_1_329' title='bbox 1958 2585 2066 2643; x_wconf 86' lang='lat' dir='ltr'>inf.</span> <span class='ocrx_word' id='word_1_330' title='bbox 2124 2587 2248 2649; x_wconf 80' lang='lat'>774</span> <span class='ocrx_word' id='word_1_331' title='bbox 2292 2597 2463 2642; x_wconf 76' lang='lat' dir='ltr'>loma</span> 
     </span>
     <span class='ocr_line' id='line_1_55' title="bbox 1379 2667 2465 2750; baseline -0.001 -22"><span class='ocrx_word' id='word_1_332' title='bbox 1379 2672 1581 2747; x_wconf 75' lang='lat' dir='ltr'>oliva,</span> <span class='ocrx_word' id='word_1_333' title='bbox 1642 2670 1745 2729; x_wconf 88' lang='lat' dir='ltr'>ubi</span> <span class='ocrx_word' id='word_1_334' title='bbox 1806 2670 1881 2728; x_wconf 84' lang='lat' dir='ltr'>cs.</span> <span class='ocrx_word' id='word_1_335' title='bbox 1933 2671 2072 2730; x_wconf 84' lang='lat' dir='ltr'>Not.</span> <span class='ocrx_word' id='word_1_336' title='bbox 2162 2667 2340 2750; x_wconf 79' lang='lat' dir='ltr'>(Male</span> <span class='ocrx_word' id='word_1_337' title='bbox 2386 2668 2465 2727; x_wconf 82' lang='lat' dir='ltr'>ad</span> 
     </span>
     <span class='ocr_line' id='line_1_56' title="bbox 1379 2752 2466 2830; baseline -0.002 -15"><span class='ocrx_word' id='word_1_338' title='bbox 1379 2756 1596 2816; x_wconf 79' lang='lat' dir='ltr'>Horat.</span> <span class='ocrx_word' id='word_1_339' title='bbox 1650 2756 1676 2815; x_wconf 94' lang='lat'>1</span> <span class='ocrx_word' id='word_1_340' title='bbox 1733 2756 1927 2814; x_wconf 76' lang='lat' dir='ltr'>earm.</span> <span class='ocrx_word' id='word_1_341' title='bbox 1972 2760 2030 2830; x_wconf 87' lang='lat'>7,</span> <span class='ocrx_word' id='word_1_342' title='bbox 2076 2760 2115 2819; x_wconf 93' lang='lat'><strong>7</strong></span> <span class='ocrx_word' id='word_1_343' title='bbox 2160 2752 2260 2813; x_wconf 88' lang='lat' dir='ltr'>hic</span> <span class='ocrx_word' id='word_1_344' title='bbox 2298 2755 2466 2814; x_wconf 76' lang='lat' dir='ltr'>locus</span> 
     </span>
     <span class='ocr_line' id='line_1_57' title="bbox 1382 2841 2467 2922; baseline -0.004 -21"><span class='ocrx_word' id='word_1_345' title='bbox 1382 2841 1734 2922; x_wconf 78' lang='lat' dir='ltr'>excitatur.)</span> <span class='ocrx_word' id='word_1_346' title='bbox 1796 2844 1863 2899; x_wconf 82' lang='lat' dir='ltr'>in</span> <span class='ocrx_word' id='word_1_347' title='bbox 1888 2860 2108 2899; x_wconf 81' lang='lat' dir='ltr'>morem</span> <span class='ocrx_word' id='word_1_348' title='bbox 2129 2885 2146 2914; x_wconf 93' lang='lat'>‚</span> <span class='ocrx_word' id='word_1_349' title='bbox 2195 2860 2273 2898; x_wconf 81' lang='lat' dir='ltr'>ex</span> <span class='ocrx_word' id='word_1_350' title='bbox 2299 2858 2467 2899; x_wconf 86' lang='lat' dir='ltr'>more</span> 
     </span>
     <span class='ocr_line' id='line_1_58' title="bbox 1381 2926 2467 3004; baseline -0.001 -17"><span class='ocrx_word' id='word_1_351' title='bbox 1381 2927 1563 2987; x_wconf 69' lang='lat' dir='ltr'>huius</span> <span class='ocrx_word' id='word_1_352' title='bbox 1623 2926 1861 2987; x_wconf 89' lang='lat' dir='ltr'>ludicri.</span> <span class='ocrx_word' id='word_1_353' title='bbox 1963 2927 2152 2984; x_wconf 79' lang='lat' dir='ltr'>Docta</span> <span class='ocrx_word' id='word_1_354' title='bbox 2206 2926 2467 3004; x_wconf 87' lang='lat' dir='ltr'>quidem,</span> 
     </span>
     <span class='ocr_line' id='line_1_59' title="bbox 1381 3011 2468 3092; baseline -0.003 -20"><span class='ocrx_word' id='word_1_355' title='bbox 1381 3012 1487 3073; x_wconf 69' lang='lat' dir='ltr'>ned</span> <span class='ocrx_word' id='word_1_356' title='bbox 1544 3012 1889 3092; x_wconf 81' lang='lat' dir='ltr'>importuna</span> <span class='ocrx_word' id='word_1_357' title='bbox 1949 3021 2092 3070; x_wconf 87' lang='lat' dir='ltr'>nota</span> <span class='ocrx_word' id='word_1_358' title='bbox 2150 3018 2237 3069; x_wconf 75' lang='lat' dir='ltr'>est</span> <span class='ocrx_word' id='word_1_359' title='bbox 2275 3011 2468 3071; x_wconf 87' lang='lat' dir='ltr'>Servii</span> 
     </span>
     <span class='ocr_line' id='line_1_60' title="bbox 1383 3096 2465 3177; baseline -0.003 -20"><span class='ocrx_word' id='word_1_360' title='bbox 1383 3098 1463 3157; x_wconf 82' lang='lat' dir='ltr'>ad</span> <span class='ocrx_word' id='word_1_361' title='bbox 1497 3096 1558 3156; x_wconf 87' lang='lat' dir='ltr'>h.</span> <span class='ocrx_word' id='word_1_362' title='bbox 1590 3098 1663 3175; x_wconf 87' lang='lat' dir='ltr'>l.,</span> <span class='ocrx_word' id='word_1_363' title='bbox 1708 3098 1811 3177; x_wconf 82' lang='lat' dir='ltr'>qui</span> <span class='ocrx_word' id='word_1_364' title='bbox 1855 3097 2033 3157; x_wconf 82' lang='lat' dir='ltr'>etiam</span> <span class='ocrx_word' id='word_1_365' title='bbox 2064 3118 2347 3156; x_wconf 80' lang='lat' dir='ltr'>coronam</span> <span class='ocrx_word' id='word_1_366' title='bbox 2391 3096 2465 3155; x_wconf 88' lang='lat' dir='ltr'>de</span> 
     </span>
     <span class='ocr_line' id='line_1_61' title="bbox 1379 3183 2473 3265; baseline -0.001 -23"><span class='ocrx_word' id='word_1_367' title='bbox 1379 3184 1543 3264; x_wconf 79' lang='lat' dir='ltr'>galea</span> <span class='ocrx_word' id='word_1_368' title='bbox 1576 3185 1842 3265; x_wconf 76' lang='lat' dir='ltr'>accipere</span> <span class='ocrx_word' id='word_1_369' title='bbox 1869 3184 2025 3259; x_wconf 85' lang='lat' dir='ltr'>vult,</span> <span class='ocrx_word' id='word_1_370' title='bbox 2070 3183 2291 3262; x_wconf 84' lang='lat' dir='ltr'>quippe</span> <span class='ocrx_word' id='word_1_371' title='bbox 2319 3200 2473 3261; x_wconf 78' lang='lat' dir='ltr'>quae</span> 
     </span>
     <span class='ocr_line' id='line_1_62' title="bbox 1384 3268 2471 3348; baseline -0.002 -18"><span class='ocrx_word' id='word_1_372' title='bbox 1384 3270 1651 3330; x_wconf 84' lang='lat' dir='ltr'>Homero</span> <span class='ocrx_word' id='word_1_373' title='bbox 1681 3268 1977 3348; x_wconf 77' lang='grc' dir='ltr'><strong><em>στέφανος</em></strong></span> <span class='ocrx_word' id='word_1_374' title='bbox 1997 3269 2076 3329; x_wconf 77' lang='lat' dir='ltr'>sit</span> <span class='ocrx_word' id='word_1_375' title='bbox 2100 3268 2265 3328; x_wconf 74' lang='lat' dir='ltr'>iliad.</span> <span class='ocrx_word' id='word_1_376' title='bbox 2293 3293 2352 3348; x_wconf 83' lang='grc' dir='ltr'>η,</span> <span class='ocrx_word' id='word_1_377' title='bbox 2395 3272 2471 3333; x_wconf 82' lang='lat'>12</span> 
     </span>
     <span class='ocr_line' id='line_1_63' title="bbox 1389 3350 2476 3435; baseline -0.003 -22"><span class='ocrx_word' id='word_1_378' title='bbox 1389 3353 1639 3435; x_wconf 66' lang='lat' dir='ltr'>(seilicet</span> <span class='ocrx_word' id='word_1_379' title='bbox 1680 3350 1990 3435; x_wconf 73' lang='grc' dir='ltr'><em>στεφάνην</em></span> <span class='ocrx_word' id='word_1_380' title='bbox 2023 3355 2222 3414; x_wconf 85' lang='lat' dir='ltr'>dicere</span> <span class='ocrx_word' id='word_1_381' title='bbox 2260 3354 2476 3429; x_wconf 83' lang='lat' dir='ltr'>voluit,</span> 
     </span>
     <span class='ocr_line' id='line_1_64' title="bbox 1392 3440 2475 3521; baseline -0.002 -21"><span class='ocrx_word' id='word_1_382' title='bbox 1392 3459 1543 3520; x_wconf 80' lang='lat' dir='ltr'>quae</span> <span class='ocrx_word' id='word_1_383' title='bbox 1607 3451 1671 3500; x_wconf 88' lang='lat' dir='ltr'>et</span> <span class='ocrx_word' id='word_1_384' title='bbox 1732 3441 1872 3501; x_wconf 80' lang='lat' dir='ltr'>alibi</span> <span class='ocrx_word' id='word_1_385' title='bbox 1933 3441 2096 3521; x_wconf 80' lang='lat' dir='ltr'>apud</span> <span class='ocrx_word' id='word_1_386' title='bbox 2143 3440 2475 3499; x_wconf 86' lang='lat' dir='ltr'>Homerum</span> 
     </span>
     <span class='ocr_line' id='line_1_65' title="bbox 1392 3527 2477 3607; baseline -0.004 -21"><span class='ocrx_word' id='word_1_387' title='bbox 1392 3527 1690 3602; x_wconf 86' lang='lat' dir='ltr'>occurrit,</span> <span class='ocrx_word' id='word_1_388' title='bbox 1735 3535 1794 3585; x_wconf 87' lang='lat' dir='ltr'>et</span> <span class='ocrx_word' id='word_1_389' title='bbox 1826 3529 2023 3606; x_wconf 79' lang='lat' dir='ltr'>galeae</span> <span class='ocrx_word' id='word_1_390' title='bbox 2056 3527 2298 3607; x_wconf 86' lang='lat' dir='ltr'>proprie</span> <span class='ocrx_word' id='word_1_391' title='bbox 2337 3544 2477 3606; x_wconf 75' lang='lat' dir='ltr'>pare</span> 
     </span>
     <span class='ocr_line' id='line_1_66' title="bbox 1391 3613 2478 3685; baseline -0.001 -14"><span class='ocrx_word' id='word_1_392' title='bbox 1391 3623 1484 3671; x_wconf 76' lang='lat' dir='ltr'>est</span> <span class='ocrx_word' id='word_1_393' title='bbox 1510 3613 1770 3671; x_wconf 83' lang='lat' dir='ltr'>frontem</span> <span class='ocrx_word' id='word_1_394' title='bbox 1801 3615 2063 3672; x_wconf 80' lang='lat' dir='ltr'>ambiens</span> <span class='ocrx_word' id='word_1_395' title='bbox 2100 3613 2478 3685; x_wconf 87' lang='lat' dir='ltr'>eminentior,</span> 
     </span>
     <span class='ocr_line' id='line_1_67' title="bbox 1396 3698 2476 3777; baseline 0 -21"><span class='ocrx_word' id='word_1_396' title='bbox 1396 3698 1589 3777; x_wconf 79' lang='lat' dir='ltr'>qualis</span> <span class='ocrx_word' id='word_1_397' title='bbox 1627 3718 1685 3759; x_wconf 79' lang='lat' dir='ltr'>v.</span> <span class='ocrx_word' id='word_1_398' title='bbox 1719 3719 1768 3758; x_wconf 89' lang='lat' dir='ltr'>c.</span> <span class='ocrx_word' id='word_1_399' title='bbox 1820 3698 1885 3758; x_wconf 90' lang='lat' dir='ltr'>in</span> <span class='ocrx_word' id='word_1_400' title='bbox 1932 3700 2290 3759; x_wconf 85' lang='lat' dir='ltr'>Winckelm.</span> <span class='ocrx_word' id='word_1_401' title='bbox 2335 3699 2476 3757; x_wconf 88' lang='lat' dir='ltr'>Mo-</span> 
     </span>
     <span class='ocr_line' id='line_1_68' title="bbox 1394 3784 2480 3865; baseline -0.001 -23"><span class='ocrx_word' id='word_1_402' title='bbox 1394 3806 1561 3842; x_wconf 71' lang='lat' dir='ltr'>nam.</span> <span class='ocrx_word' id='word_1_403' title='bbox 1597 3785 1794 3846; x_wconf 82' lang='lat' dir='ltr'>inedd.</span> <span class='ocrx_word' id='word_1_404' title='bbox 1830 3806 1888 3844; x_wconf 91' lang='lat' dir='ltr'>n.</span> <span class='ocrx_word' id='word_1_405' title='bbox 1925 3784 2093 3865; x_wconf 83' lang='lat'>108).</span> <span class='ocrx_word' id='word_1_406' title='bbox 2178 3786 2248 3845; x_wconf 89' lang='lat' dir='ltr'>In</span> <span class='ocrx_word' id='word_1_407' title='bbox 2273 3784 2480 3844; x_wconf 72' lang='lat' dir='ltr'>iisdem</span> 
     </span>
     <span class='ocr_line' id='line_1_69' title="bbox 1394 3870 2481 3950; baseline -0.002 -21"><span class='ocrx_word' id='word_1_408' title='bbox 1394 3870 1698 3929; x_wconf 77' lang='lat' dir='ltr'>Servianis</span> <span class='ocrx_word' id='word_1_409' title='bbox 1727 3871 2060 3931; x_wconf 85' lang='lat' dir='ltr'>subiectum</span> <span class='ocrx_word' id='word_1_410' title='bbox 2089 3871 2293 3950; x_wconf 79' lang='lat' dir='ltr'>paullo</span> <span class='ocrx_word' id='word_1_411' title='bbox 2316 3878 2481 3950; x_wconf 78' lang='lat' dir='ltr'>post:</span> 
     </span>
     <span class='ocr_line' id='line_1_70' title="bbox 1397 3957 2484 4034; baseline -0.002 -21"><span class='ocrx_word' id='word_1_412' title='bbox 1397 3957 1519 4014; x_wconf 80' lang='lat' dir='ltr'>Sed</span> <span class='ocrx_word' id='word_1_413' title='bbox 1562 3957 1679 4015; x_wconf 71' lang='lat' dir='ltr'>alii</span> <span class='ocrx_word' id='word_1_414' title='bbox 1737 3958 1943 4016; x_wconf 75' lang='lat' dir='ltr'>dicum</span> <span class='ocrx_word' id='word_1_415' title='bbox 1971 4006 1986 4034; x_wconf 90' lang='lat'>,</span> <span class='ocrx_word' id='word_1_416' title='bbox 2074 3961 2344 4034; x_wconf 67' lang='lat' dir='ltr'>potuisse</span> <span class='ocrx_word' id='word_1_417' title='bbox 2388 3976 2484 4013; x_wconf 73' lang='lat' dir='ltr'>eos</span> 
     </span>
     <span class='ocr_line' id='line_1_71' title="bbox 1391 4042 2481 4119; baseline -0.002 -19"><span class='ocrx_word' id='word_1_418' title='bbox 1391 4043 1612 4119; x_wconf 68' lang='lat' dir='ltr'>galeae</span> <span class='ocrx_word' id='word_1_419' title='bbox 1636 4042 1849 4101; x_wconf 79' lang='lat' dir='ltr'>habere</span> <span class='ocrx_word' id='word_1_420' title='bbox 1876 4052 2212 4103; x_wconf 70' lang='lat' dir='ltr'>coronulae.</span> <span class='ocrx_word' id='word_1_421' title='bbox 2306 4043 2481 4099; x_wconf 86' lang='lat' dir='ltr'>Bae-</span> 
     </span>
     <span class='ocr_line' id='line_1_72' title="bbox 1398 4126 2486 4207; baseline 0 -22"><span class='ocrx_word' id='word_1_422' title='bbox 1398 4127 1530 4186; x_wconf 75' lang='lat' dir='ltr'>bius</span> <span class='ocrx_word' id='word_1_423' title='bbox 1560 4141 1763 4188; x_wconf 76' lang='lat' dir='ltr'>tamen</span> <span class='ocrx_word' id='word_1_424' title='bbox 1787 4132 2011 4188; x_wconf 83' lang='lat' dir='ltr'>Macer</span> <span class='ocrx_word' id='word_1_425' title='bbox 2041 4126 2193 4207; x_wconf 77' lang='lat' dir='ltr'>(eius</span> <span class='ocrx_word' id='word_1_426' title='bbox 2222 4126 2486 4185; x_wconf 84' lang='lat' dir='ltr'>mentio-</span> 
     </span>
    </p>
   </div>
   <div class='ocr_carea' id='block_1_25' title="bbox 237 4209 2488 4382">
    <p class='ocr_par' dir='ltr' id='par_1_26' title="bbox 237 4209 2488 4382">
     <span class='ocr_line' id='line_1_73' title="bbox 237 4209 2485 4297; baseline 0.001 -31"><span class='ocrx_word' id='word_1_427' title='bbox 237 4209 314 4267; x_wconf 69' lang='lat' dir='ltr'>sic</span> <span class='ocrx_word' id='word_1_428' title='bbox 339 4234 379 4270; x_wconf 88' lang='lat' dir='ltr'><strong><em>a</em></strong></span> <span class='ocrx_word' id='word_1_429' title='bbox 411 4234 627 4272; x_wconf 80' lang='lat' dir='ltr'>corona</span> <span class='ocrx_word' id='word_1_430' title='bbox 655 4212 803 4295; x_wconf 88' lang='lat' dir='ltr'>(non</span> <span class='ocrx_word' id='word_1_431' title='bbox 831 4237 862 4274; x_wconf 81' lang='lat' dir='ltr'>a</span> <span class='ocrx_word' id='word_1_432' title='bbox 886 4212 1076 4297; x_wconf 76' lang='lat' dir='ltr'>galea)</span> <span class='ocrx_word' id='word_1_433' title='bbox 1098 4232 1314 4292; x_wconf 63' lang='lat' dir='ltr'>prema</span> <span class='ocrx_word' id='word_1_434' title='bbox 1398 4233 1535 4273; x_wconf 84' lang='lat' dir='ltr'>nem</span> <span class='ocrx_word' id='word_1_435' title='bbox 1587 4215 1731 4273; x_wconf 80' lang='lat' dir='ltr'>facit</span> <span class='ocrx_word' id='word_1_436' title='bbox 1776 4218 1941 4278; x_wconf 79' lang='lat' dir='ltr'>Serv.</span> <span class='ocrx_word' id='word_1_437' title='bbox 2009 4213 2189 4272; x_wconf 74' lang='lat' dir='ltr'>etium</span> <span class='ocrx_word' id='word_1_438' title='bbox 2240 4212 2316 4271; x_wconf 79' lang='lat' dir='ltr'>nd</span> <span class='ocrx_word' id='word_1_439' title='bbox 2365 4210 2485 4270; x_wconf 81' lang='lat' dir='ltr'>Ecl.</span> 
     </span>
     <span class='ocr_line' id='line_1_74' title="bbox 237 4292 2488 4382; baseline 0.002 -31"><span class='ocrx_word' id='word_1_440' title='bbox 237 4292 345 4354; x_wconf 85' lang='lat' dir='ltr'>dici</span> <span class='ocrx_word' id='word_1_441' title='bbox 383 4300 614 4377; x_wconf 87' lang='lat' dir='ltr'>potuit,</span> <span class='ocrx_word' id='word_1_442' title='bbox 667 4310 964 4380; x_wconf 76' lang='lat' dir='ltr'>quatenus</span> <span class='ocrx_word' id='word_1_443' title='bbox 1008 4298 1158 4359; x_wconf 85' lang='lat' dir='ltr'>haec</span> <span class='ocrx_word' id='word_1_444' title='bbox 1210 4318 1315 4357; x_wconf 82' lang='lat' dir='ltr'>ca·</span> <span class='ocrx_word' id='word_1_445' title='bbox 1400 4300 1508 4374; x_wconf 77' lang='lat' dir='ltr'>lx,</span> <span class='ocrx_word' id='word_1_446' title='bbox 1540 4298 1649 4382; x_wconf 85' lang='lat'>47)</span> <span class='ocrx_word' id='word_1_447' title='bbox 1699 4302 1852 4359; x_wconf 75' lang='lat' dir='ltr'>dixit</span> <span class='ocrx_word' id='word_1_448' title='bbox 1865 4322 1889 4361; x_wconf 90' lang='grc'><strong>.·</strong></span> <span class='ocrx_word' id='word_1_449' title='bbox 1942 4322 1982 4358; x_wconf 86' lang='grc' dir='ltr'><em>α</em></span> <span class='ocrx_word' id='word_1_450' title='bbox 2047 4299 2304 4356; x_wconf 70' lang='lat' dir='ltr'>Caesare</span> <span class='ocrx_word' id='word_1_451' title='bbox 2351 4299 2488 4356; x_wconf 82' lang='lat' dir='ltr'>Au-</span> 
     </span>
    </p>
   </div>
   <div class='ocr_carea' id='block_1_26' title="bbox 236 4381 1315 4459">
    <p class='ocr_par' dir='ltr' id='par_1_27' title="bbox 236 4381 1315 4459">
     <span class='ocr_line' id='line_1_75' title="bbox 236 4381 1315 4459; baseline 0.002 -19"><span class='ocrx_word' id='word_1_452' title='bbox 236 4381 341 4458; x_wconf 80' lang='lat' dir='ltr'>put</span> <span class='ocrx_word' id='word_1_453' title='bbox 367 4384 680 4445; x_wconf 79' lang='lat' dir='ltr'>ambiebat.</span> <span class='ocrx_word' id='word_1_454' title='bbox 768 4400 942 4447; x_wconf 75' lang='lat' dir='ltr'>loma</span> <span class='ocrx_word' id='word_1_455' title='bbox 968 4407 1210 4459; x_wconf 80' lang='lat' dir='ltr'>corona,</span> <span class='ocrx_word' id='word_1_456' title='bbox 1253 4382 1315 4443; x_wconf 90' lang='lat' dir='ltr'>h.</span> 
     </span>
    </p>
   </div>
   <div class='ocr_carea' id='block_1_27' title="bbox 1396 4385 2491 4464">
    <p class='ocr_par' dir='ltr' id='par_1_28' title="bbox 1396 4385 2491 4464">
     <span class='ocr_line' id='line_1_76' title="bbox 1396 4385 2491 4464; baseline 0 -21"><span class='ocrx_word' id='word_1_457' title='bbox 1396 4399 1579 4463; x_wconf 67' lang='lat' dir='ltr'>gusto</span> <span class='ocrx_word' id='word_1_458' title='bbox 1658 4390 1865 4464; x_wconf 71' lang='lat' dir='ltr'>pueri-s·</span> <span class='ocrx_word' id='word_1_459' title='bbox 1899 4431 1915 4459; x_wconf 93' lang='lat'>,</span> <span class='ocrx_word' id='word_1_460' title='bbox 2038 4388 2146 4463; x_wconf 77' lang='lat' dir='ltr'>qui</span> <span class='ocrx_word' id='word_1_461' title='bbox 2231 4385 2491 4443; x_wconf 66' lang='lat' dir='ltr'>luserunt</span> 
     </span>
    </p>
   </div>
   <div class='ocr_carea' id='block_1_28' title="bbox 235 4469 2492 4549">
    <p class='ocr_par' dir='ltr' id='par_1_29' title="bbox 235 4469 2492 4549">
     <span class='ocr_line' id='line_1_77' title="bbox 235 4469 2492 4549; baseline 0.004 -27"><span class='ocrx_word' id='word_1_462' title='bbox 235 4482 281 4524; x_wconf 87' lang='lat' dir='ltr'>e.</span> <span class='ocrx_word' id='word_1_463' title='bbox 313 4487 384 4526; x_wconf 85' lang='lat' dir='ltr'>ex</span> <span class='ocrx_word' id='word_1_464' title='bbox 423 4471 636 4531; x_wconf 75' lang='lat' dir='ltr'>arbore</span> <span class='ocrx_word' id='word_1_465' title='bbox 680 4483 849 4533; x_wconf 73' lang='lat' dir='ltr'>tonse</span> <span class='ocrx_word' id='word_1_466' title='bbox 868 4520 882 4549; x_wconf 92' lang='lat'>,</span> <span class='ocrx_word' id='word_1_467' title='bbox 929 4474 1024 4533; x_wconf 90' lang='lat' dir='ltr'>cui</span> <span class='ocrx_word' id='word_1_468' title='bbox 1072 4469 1317 4533; x_wconf 74' lang='lat' dir='ltr'>froude·</span> <span class='ocrx_word' id='word_1_469' title='bbox 1410 4474 1651 4530; x_wconf 68' lang='grc' dir='ltr'><em>Τνοίαηι</em></span> <span class='ocrx_word' id='word_1_470' title='bbox 1677 4518 1691 4546; x_wconf 86' lang='grc'><strong><em>,</em></strong></span> <span class='ocrx_word' id='word_1_471' title='bbox 1741 4473 1999 4530; x_wconf 64' lang='lat' dir='ltr'>cinnama</span> <span class='ocrx_word' id='word_1_472' title='bbox 2039 4490 2163 4527; x_wconf 64' lang='lat' dir='ltr'>esse</span> <span class='ocrx_word' id='word_1_473' title='bbox 2190 4472 2411 4549; x_wconf 64' lang='lat' dir='ltr'>galeas</span> <span class='ocrx_word' id='word_1_474' title='bbox 2439 4484 2492 4530; x_wconf 79' lang='lat' dir='ltr'>et</span> 
     </span>
    </p>
   </div>
  </div>
 </body>
</html>
