2882 5028
549 329 1424 470 AENmneos'LlB.
1479 346 1606 438 v1‚
1658 316 2127 427 767-773‘
2320 350 2481 431 975

211 533 316 609 Hi
347 532 491 607 tibi
520 537 1040 629 Nomentum,
1097 543 1178 608 et
1215 530 1529 627 Gabios,
1575 530 2029 632 urbemque
2060 529 2473 632 Fidenam,

212 759 303 793 sus
339 758 457 792 cum
488 757 639 810 seqq.
713 744 791 793 Ac
826 742 921 811 qui
950 753 1236 810 gerum—
1254 723 1490 808 quercu,
1544 739 1620 790 Hi
1651 737 1766 792 tibi.
1835 739 2136 792 Praeferam
2180 738 2236 791 id
2287 739 2477 793 saltem

210 811 462 878 vulgatae
510 808 723 861 rationi.
777 828 826 861 v.
868 811 1027 861 Nota.
1111 815 1301 869 Omnes
1349 818 1521 859 tumen
1557 809 1723 861 Codd.
1772 809 1904 860 Pier.
1957 818 2012 860 et
2060 809 2240 861 Heius.
2276 818 2476 892 Atque,

210 880 360 948 quod
396 879 512 949 pari
545 879 705 931 modo
739 877 913 930 ieiune
949 880 1176 948 positum
1210 873 1511 930 offendebat
1545 879 1643 929 nos
1678 895 1835 948 supra
1868 880 1962 943 IV,
1996 880 2118 932 261.
2170 879 2288 946 (sed
2335 879 2477 944 vide,

211 967 352 1019 quae
387 948 685 1017 scripsimus
720 948 789 1000 ad
822 947 971 1001 illum
1005 950 1194 1002 locum.
1269 950 1451 1018 Atqui,
1486 948 1628 1015 quod
1663 964 1725 998 ex
1763 964 1864 998 uno
1904 949 2035 1014 Reg.
2071 947 2317 1012 affertur,
2378 966 2477 1001 ex-

211 1031 361 1071 stare
396 1018 554 1070 etiam
588 1017 642 1068 in
677 1017 840 1069 Paris.
874 1020 925 1072 7.
962 1020 1029 1075 8.
1048 1020 1213 1070 refert
1246 1016 1543 1079 Potterius3
1594 1033 1898 1097 quamquam
1951 1034 2084 1085 quae
2130 1035 2245 1069 esse
2297 1027 2478 1086 potest

212 1089 330 1139 eius
363 1087 526 1151 fides,
575 1086 664 1157 qni
701 1088 859 1157 aequi
889 1086 1049 1140 etiam
1082 1087 1138 1139 in
1172 1086 1364 1138 Medic.
1400 1096 1456 1137 et
1487 1087 1638 1138 Rom.
1673 1085 1783 1153 legi
1823 1086 2081 1137 affirmare
2113 1103 2221 1138 non
2256 1087 2475 1140 dubita-

209 1156 377 1209 verit!
448 1163 527 1209 At
561 1159 658 1227 qui
687 1166 860 1208 tamen
892 1157 1155 1226 antiquam
1189 1156 1470 1208 lectionem
1502 1155 1697 1218 fuisse,
1744 1154 1903 1207 liceat
1934 1155 2162 1207 fortasse
2210 1156 2474 1208 coniicere

211 1244 353 1347 {13⁵5
355 1228 508 1347 ’ἷίἒο
517 1243 740 1346 Ὓῖῑηξ
742 1235 792 1359 ἶἰ
811 1225 1256 1378 qfiiiss‘ffssi‘ffii
1290 1224 1525 1346 ὲῗὲξῗοὲι,
1550 1224 2475 1366 {gaii-sm³33÷³351²¹qsffl1303232¹2³3

209 1382 337 1417 nam
371 1364 513 1433 quod
547 1384 576 1416 a
653 1363 1012 1433 explicandam
1044 1366 1195 1416 huius
1231 1363 1517 1432 particulae
1550 1363 1653 1414 vim
1687 1381 1747 1414 sc
1780 1373 2100 1432 potestatem
2131 1381 2161 1415 e
2189 1382 2317 1432 prae
2383 1383 2475 1416 es-

211 1433 310 1500 sis,
346 1436 454 1501 Qui
478 1462 537 1471 -
576 1437 826 1498 Quantas
850 1463 915 1472 —
947 1434 1156 1486 Iahnius
1193 1431 1406 1484 assumit
1441 1451 1631 1513 Quam,
1681 1432 1717 1483 i.
1755 1450 1801 1485 e.
1848 1436 2172 1502 Quamque
2221 1453 2309 1485 um
2344 1446 2473 1486 rata

208 1516 455 1576 gerunt,
488 1502 544 1554 id
579 1503 672 1553 ille
708 1501 946 1555 codicum
981 1501 1309 1555 auctoritatis
1344 1501 1728 1554 confirmandae
1764 1520 1919 1553 causa
1952 1502 2110 1566 fecit,
2156 1502 2320 1554 invita
2356 1503 2474 1573 ipsa

211 1573 508 1632 sententia3
540 1588 711 1642 neque
746 1571 882 1623 enim
916 1572 973 1623 id
1006 1572 1094 1624 hic
1127 1571 1421 1641 quaeritur,
1471 1589 1623 1640 quam
1660 1571 1741 1621 vel
1775 1571 1968 1655 magis,
2014 1572 2098 1623 vel
2149 1572 2315 1624 minus
2351 1590 2474 1624 um-
2544 1623 2549 1628 ,

210 1644 371 1694 brata
402 1640 615 1694 fuerint.
684 1645 771 1704 At,
805 1651 864 1691 ut
897 1651 1096 1693 taceam
1129 1655 1308 1711 atque,
1344 1639 1486 1693 haud
1519 1650 1797 1710 perspecta
1834 1658 1942 1692 eius
1976 1641 2265 1708 particulae
2300 1641 2474 1710 signi-

209 1711 464 1765 ficatione
483 1717 514 1775 ‚'
531 1710 833 1779 saepissime
866 1711 920 1761 in
956 1712 1114 1781 atqui
1145 1721 1397 1762 mutatum
1435 1727 1550 1761 esse
1587 1728 1619 1762 a
1652 1709 1911 1774 librariis,
1960 1709 2113 1776 vide,
2162 1729 2315 1781 quam
2353 1724 2473 1764 tur-

211 1782 371 1834 betur
412 1779 577 1831 totius
608 1780 868 1851 orationis
904 1797 1064 1831 nexus
1101 1789 1155 1831 et
1191 1790 1380 1844 tenor,
1427 1778 1472 1830 si
1508 1797 1623 1831 cum
1660 1779 1864 1848 Heynio
1901 1779 2178 1848 scripseris
2213 1785 2320 1843 Ac,
2356 1783 2470 1851 qui.

210 1853 301 1903 Ita
336 1849 473 1901 enim
508 1849 595 1913 fit,
633 1860 691 1899 ut
723 1848 895 1900 missis
929 1850 1031 1901 iam
1065 1849 1203 1914 illis,
1238 1849 1327 1920 qui
1361 1848 1519 1900 modo
1556 1849 1809 1901 nominati
1845 1861 1996 1914 sunt,
2043 1850 2239 1914 Proca,
2276 1851 2473 1919 Capye,

209 1921 521 1982 Numitore,
556 1918 719 1970 silvio
752 1924 930 1971 Aenea
947 1938 991 1985 ,ο
1011 1920 1079 1970 ad
1114 1918 1246 1970 alios
1292 1917 1468 1970 nescio
1506 1935 1638 1986 quos
1686 1928 2020 1970 convertatur
2056 1919 2243 1971 oratio.
2315 1920 2473 1984 Quod

212 1988 350 2041 mihi
384 1987 530 2040 nullo
564 1987 721 2040 modo
756 1987 886 2039 ferri
918 2005 1078 2055 posse
1112 1988 1318 2039 videtur
1352 1987 1422 2038 ob
1463 2005 1536 2041 vs.
1572 1989 1720 2042 778.:
1770 1987 1947 2053 „Quin
1998 1998 2054 2038 et
2088 2004 2185 2039 avo
2225 1988 2473 2041 comitem

210 2076 336 2112 sese
369 2057 661 2109 Mavortius
698 2057 862 2109 addet
900 2058 1203 2110 Romulus.“
1235 2093 1238 2096 Δ
1273 2057 1500 2109 Primum
1538 2058 1673 2108 euim
1713 2057 1847 2108 male
1882 2057 1959 2110 ita
1993 2057 2309 2110 divellentur
2337 2058 2471 2112 haec

211 2146 253 2181 ι
285 2127 676 2197 superioribus,
723 2127 792 2178 ad
826 2144 959 2195 quae
996 2144 1059 2179 ea
1092 2127 1418 2189 referuntu13
1466 2135 1577 2177 tum
1611 2125 1744 2178 illud
1781 2129 1922 2192 Quin
1958 2139 2014 2178 ee
2055 2144 2165 2178 non
2207 2126 2469 2195 intelligi-

209 2209 302 2250 tur
335 2215 490 2266 quam
523 2195 624 2247 vim
658 2196 883 2257 habeat5
919 2197 1060 2265 qnod
1093 2196 1229 2248 solet
1262 2197 1338 2248 ita
1373 2195 1609 2263 proxime
1643 2195 1966 2265 praegressis
2002 2195 2222 2262 subiici,
2272 2207 2329 2249 ut
2364 2197 2471 2249 ali-

211 2267 346 2336 quid
380 2265 579 2330 simile,
614 2265 709 2316 sed
743 2266 882 2317 idem
915 2266 1112 2330 maius,
1157 2266 1397 2318 addatur.
1483 2267 1588 2316 lam
1640 2266 1781 2348 quod
1818 2275 1980 2335 poeta
2015 2266 2146 2316 dicit
2194 2285 2338 2330 „avo
2372 2286 2470 2318 co·-

211 2337 399 2388 nu‘tem
434 2353 554 2388 sese
586 2335 806 2399 addet‚“
840 2335 929 2400 id,
966 2334 1267 2404 praemissis
1308 2335 1390 2387 his
1426 2334 1715 2404 particulis,
1753 2333 1889 2388 hanc
1923 2334 2120 2386 habere
2155 2335 2316 2387 debet
2337 2334 2470 2387 vimi

213 2405 322 2458 erit
355 2403 411 2455 in
446 2404 663 2468 eodem,
699 2421 802 2473 quo
837 2422 979 2466 avus,
1014 2422 1229 2456 numero
1266 2403 1515 2456 Romulus
1535 2441 1549 2466 ,
1580 2404 1656 2455 ita
1691 2416 1894 2470 tamen,
1930 2415 1989 2456 ut
2021 2422 2190 2486 nepos
2220 2405 2473 2457 maiorem

212 2477 407 2541 etiam,
441 2491 595 2545 quam
630 2491 790 2538 avus,
835 2472 1154 2542 adipiscatur
1188 2473 1434 2542 gloriam:
1494 2489 1684 2543 nempe
1731 2490 1894 2526 novas
1942 2474 2173 2527 colonias
2209 2474 2474 2527 deducent

208 2547 444 2608 Procas,
478 2544 680 2612 Capys,
714 2543 989 2607 Numitor,
1025 2544 1251 2595 deducet
1287 2544 1460 2606 etiam,
1495 2553 1551 2595 at
1586 2543 1766 2612 quam!
1802 2543 2068 2596 Romulus.
2141 2546 2286 2607 Quae
2315 2562 2473 2613 quum

210 2631 343 2667 vere
379 2614 675 2683 disputasse
709 2612 839 2663 mihi
874 2613 1081 2676 videar,
1141 2613 1416 2664 videndum
1464 2613 1567 2664 iam
1603 2610 1737 2676 erit,
1785 2623 1970 2681 spreto
2017 2612 2113 2664 illo
2162 2622 2218 2664 et
2263 2623 2471 2665 remoto

207 2690 296 2739 At
333 2685 458 2750 qui,
493 2683 618 2751 quid
650 2682 899 2733 faciamus
933 2681 1165 2734 lectione
1210 2693 1409 2734 tautum
1459 2699 1563 2733 non
1609 2681 1837 2733 omnium
1883 2680 2038 2734 codd.
2084 2681 2190 2733 fide
2237 2682 2472 2735 stabilita

207 2759 416 2823 Aeque.
485 2754 690 2821 Nempe
708 2752 840 2803 haec
866 2753 1118 2819 particula
1145 2752 1280 2803 hanc
1307 2752 1473 2803 habet
1496 2751 1765 2820 propriam
1784 2751 1989 2814 vim‚—
2009 2750 2079 2802 de
2114 2768 2216 2819 qua
2245 2752 2474 2803 omnium

210 2824 416 2892 optime
457 2821 701 2890 exposuit
733 2821 971 2873 Handius
1005 2820 1060 2872 in
1101 2837 1166 2872 eo
1201 2820 1372 2885 libro,
1419 2837 1524 2888 quo
1571 2819 1714 2871 haud
1765 2821 1875 2872 scio
1928 2836 1997 2871 an
2030 2821 2297 2887 omuibus,
2347 2821 2471 2890 qui-

209 2908 438 2959 cumque
472 2892 540 2942 de
575 2900 721 2942 recta
756 2900 811 2942 et
846 2890 1028 2941 subtili
1064 2892 1125 2940 L.
1161 2891 1222 2942 L.
1258 2889 1563 2958 cognitione
1615 2890 1827 2959 egregie
1861 2900 2192 2954 meruerunt,
2241 2888 2470 2959 palmam

210 2960 505 3028 eripuerit,
556 2959 610 3011 in
658 2977 818 3011 aureo
866 2959 962 3011 illo
999 2960 1318 3021 Tursellino,
1363 2990 1418 3000 —
1456 2969 1516 3009 ut
1551 2959 1910 3029 comparandis
1961 2957 2219 3010 similibus
2256 2959 2473 3012 serviat.

211 3036 338 3096 Qua
374 3030 441 3081 ad
477 3028 613 3081 hunc
646 3029 818 3081 locum
853 3031 1109 3082 translatu
1144 3039 1364 3099 apparet
1396 3029 1535 3080 hanc
1570 3046 1685 3080 esse
1720 3027 1907 3080 horum
1941 3029 2215 3079 verborum
2252 3038 2476 3080 senten-

209 3103 371 3154 tiam:
423 3099 681 3167 Adspice,
733 3102 822 3167 qui
872 3099 1117 3151 iuvenes!
1170 3110 1389 3169 quantas
1438 3107 1707 3150 ostentant
1755 3098 1918 3153 vires!
1954 3126 2024 3137 —
2079 3098 2222 3168 quod
2267 3108 2475 3166 spectat

210 3171 285 3224 ad
322 3168 717 3229 fortitudinem3
753 3198 819 3207 —
855 3173 1024 3238 Atque
1061 3168 1275 3220 iidem
1309 3167 1487 3220 civiles
1523 3176 1712 3235 gerunt
1744 3184 1967 3219 coronas
2013 3167 2082 3219 ob
2119 3167 2290 3231 cives,
2338 3185 2475 3238 pro-

209 3238 345 3293 latis
378 3238 585 3308 imperii
621 3237 841 3301 finibus,
877 3237 932 3288 in
969 3237 1202 3290 colonias
1236 3237 1520 3297 deductos3
1569 3236 1710 3287 sive:
1761 3247 1815 3287 et
1866 3246 1923 3287 ut
1956 3236 2036 3288 illi
2071 3236 2214 3289 bello
2251 3238 2476 3290 evadent

211 3306 530 3372 clarissimi,
563 3307 637 3359 ita
663 3307 811 3375 pacis
841 3306 1041 3359 artibus
1078 3307 1278 3374 optime
1313 3307 1381 3357 de
1417 3306 1616 3358 civibus
1653 3304 1759 3357 suis
1794 3307 2157 3366 merebuntur3
2192 3325 2337 3359 nam
2370 3307 2477 3360 de-

211 3381 414 3432 ducent
462 3377 603 3429 cives
653 3377 709 3427 in
757 3376 1010 3429 colonias.
1080 3377 1237 3440 Quod
1282 3375 1467 3427 addidi
1517 3393 1672 3438 nam,
1724 3374 1781 3425 id
1829 3376 1958 3427 satis
2005 3385 2209 3428 constat
2249 3375 2306 3428 in
2346 3395 2478 3445 gra-

210 3450 369 3501 viore
404 3447 647 3498 oratione
680 3463 840 3527 saepe
876 3445 1050 3497 omitti
1085 3465 1114 3497 a
1149 3445 1354 3515 poetis;
1406 3445 1565 3496 modo
1600 3443 1652 3494 in
1690 3444 1793 3495 fine
1827 3462 1903 3496 vs.
1939 3447 2059 3501 772.
2095 3447 2251 3497 colon
2285 3463 2474 3513 ponas.

210 3524 391 3586 Atque
416 3516 493 3568 sic
521 3533 669 3566 suum
698 3515 821 3567 huic
845 3514 968 3566 loco
991 3515 1217 3567 nitorem
1243 3513 1536 3565 restituisse
1560 3512 1693 3565 mihi
1718 3512 1918 3566 videor.
1987 3516 2227 3567 Ceterum
2253 3533 2359 3568 non
2393 3526 2477 3569 est

211 3604 469 3651 necesse,
503 3585 732 3637 omnium
774 3584 957 3636 harum
997 3584 1362 3636 deductionem
1405 3582 1726 3635 coloniarum
1774 3582 1879 3634 illis
1921 3584 2085 3636 tribui
2129 3586 2291 3649 solis;
2344 3586 2474 3639 satis

213 3666 368 3720 erat,
405 3673 468 3706 ex
497 3654 693 3717 multis,
728 3653 817 3724 qui
844 3653 1079 3705 colonias
1108 3652 1384 3705 deducturi
1424 3664 1635 3717 essent,
1683 3663 1911 3722 quatuor
1934 3654 2262 3718 nominasse5
2305 3672 2475 3724 neque

211 3723 1083 3864 ⁸2⁹3555h3⁶05232¹ij¹13²52330⁸2
1119 3740 1251 3847 ‘¹553
1269 3721 2475 3864 mimzss'·l1.55.'1?”;.”⁰23‘·v³5.⁰·

213 3817 246 3850 e
1767 3830 1782 3845 .
2140 3830 2156 3846 .
2441 3823 2473 3836 ο

215 3951 422 4012 adhuc
488 3952 732 4011 fuerant
761 3995 780 4026 ‚
883 3959 1060 4011 erant
1124 3951 1306 4010 rebus
1388 3950 1646 4030 insignes
1668 3951 1989 4030 prodeunt.
2060 3953 2354 4011 Coronam
2385 3953 2476 4011 ci-

211 4038 373 4097 bello
400 4035 579 4115 gestis
607 4036 783 4096 clari:
816 4039 918 4115 qui
948 4046 1303 4114 sequuntur,
1388 4037 1617 4113 vinam,
1660 4036 1778 4095 hoc
1811 4047 1932 4109 est,
1975 4056 2322 4114 querceam,
2369 4059 2475 4117 ge-

213 4124 448 4183 artibus
489 4124 675 4202 pacis:
720 4142 874 4199 quae
919 4123 1306 4183 declarantur
1389 4132 1583 4199 stant,
1627 4123 1752 4182 scil.
1783 4123 1860 4181 ob
1886 4123 2044 4182 cives
2069 4133 2371 4199 servatos,
2396 4134 2479 4187 ‚et

213 4230 326 4290 per
369 4208 633 4268 colonias
674 4208 964 4268 deductas
1008 4219 1070 4268 et
1117 4229 1306 4269 novas
1391 4209 1467 4268 de
1492 4229 1619 4289 rep.
1664 4209 1815 4267 bene
1856 4208 2070 4268 meriti.
2158 4208 2436 4268 umbrata
2447 4233 2473 4282 ,-

215 4295 398 4355 urbes
439 4294 731 4354 conditas.
784 4293 914 4375 (sed
960 4294 1084 4355 vid.
1123 4295 1194 4354 V.
1239 4296 1305 4355 L.
1390 4296 1727 4375 praeiverat
1762 4295 1994 4352 Lucret.
2041 4293 2113 4369 11,
2159 4298 2283 4359 628
2332 4298 2476 4354 nin-

222 4383 328 4443 W
322 4377 398 4463 r.)
485 4381 692 4458 Itaque
720 4380 956 4440 coronis
987 4380 1189 4442 civicis
1219 4379 1308 4440 illi
1386 4394 1657 4462 ἔπαρμα
1679 4399 1951 4439 rosatum
1975 4379 2289 4458 Floribus,
2334 4401 2476 4442 um-

1034 4546 1064 4575 D
