2882 5028
473 324 620 394 112
966 318 1049 390 P.
1092 314 1610 389 VIRGILII
1661 315 2217 391 MARONIS

465 505 671 580 Hinc
723 500 902 577 fore
982 499 1391 599 ductorem,
1486 514 1857 577 revocato
1930 528 1972 576 a
2052 503 2434 600 sanguine
2525 507 2785 577 Teu-

1636 606 1770 701 cri,
2593 611 2777 687 235

468 709 622 804 Qui
652 732 899 805 mare,
954 708 1090 807 qui
1124 719 1372 782 terras
1409 709 1633 783 omni
1671 708 1987 785 dieione
2016 721 2410 799 tenerent,

465 810 910 903 Pollicitus,
965 835 1168 912 quae
1196 823 1315 908 te,
1373 813 1744 906 Genitor,
1799 815 2188 889 sententia
2215 813 2510 889 vertit?

465 919 639 991 Hoc
676 912 1055 1016 equidem
1088 939 1454 991 occasum
1487 917 1775 992 Troiae
1804 917 2200 1018 tristisque
2230 916 2503 991 ruinas

569 1063 744 1133 236.
795 1075 1125 1129 m'rloNE
1310 1063 1484 1132 237.
1538 1055 2057 1130 Eunomus*
2108 1058 2336 1150 Qun:

605 1245 708 1300 235
744 1265 781 1295 α
807 1243 1055 1297 omissum
1080 1242 1136 1293 in
1162 1240 1295 1295 Gud.
1321 1244 1515 1295 Mox-et.
1544 1262 1625 1314 pr.
1654 1253 1709 1295 et
1732 1245 1908 1296 multis
1938 1242 2052 1296 aliis
2069 1283 2085 1309 ,
2121 1244 2278 1296 etiam
2304 1242 2443 1311 apud
2467 1240 2763 1302 Pierium;

468 1325 520 1364 et
543 1313 598 1364 in
641 1316 831 1382 fragm.
860 1313 1033 1368 vatic.
1079 1332 1110 1365 a
1150 1332 1232 1383 pr.
1269 1331 1338 1364 m.
1380 1323 1439 1363 ut
1479 1314 1593 1364 fere
1638 1323 1693 1365 et
1726 1315 1856 1365 alibi
1899 1317 1965 1366 cf.
1997 1317 2169 1365 Burm.
2253 1312 2515 1381 Equidem
2543 1312 2762 1362 abesse

466 1384 657 1435 malim.
698 1382 1170 1454 (Praepositionem
1201 1401 1237 1434 a
1273 1394 1485 1451 praeter
1523 1384 1656 1435 alios
1688 1393 1899 1436 tuentur
1920 1382 2112 1437 Medic.
2147 1393 2202 1434 et
2241 1384 2392 1434 Rom.
2464 1383 2541 1432 Et
2569 1380 2759 1432 multo

465 1454 661 1504 fortior
682 1464 762 1504 est
789 1454 922 1505 haec
950 1451 1147 1504 oratio:
1184 1455 1330 1504 Hinc
1354 1482 1420 1492 —-
1449 1454 1627 1517 Hinc,
1659 1472 1697 1504 a
1734 1473 1910 1506 revoc.
1954 1471 1998 1506 s.
2041 1457 2121 1518 T„
2156 1471 2309 1521 quam
2347 1450 2392 1502 si
2434 1450 2758 1502 adsciveris

465 1522 759 1574 Ablativum
792 1523 1111 1584 absolutum3
1168 1533 1220 1573 et
1259 1522 1337 1572 sic
1371 1521 1502 1574 alias
1528 1522 1913 1592 appositionem
1951 1533 2127 1574 amant
2151 1521 2276 1574 talia
2308 1520 2588 1585 adverbia,
2631 1519 2754 1571 vid.

465 1595 532 1644 V.
557 1593 618 1644 L.
649 1592 716 1643 ad
740 1592 849 1644 Eel.
875 1596 916 1657 1,
952 1590 1038 1646 54.
1108 1595 1278 1661 Saepe
1304 1602 1475 1643 antem
1499 1592 1921 1662 praepositiones
1947 1610 2044 1664 per
2071 1591 2341 1643 elisionem
2368 1589 2753 1660 intercipiun-

464 1673 577 1724 tur3
612 1661 717 1713 vid.
741 1680 900 1731 snpra
921 1664 961 1725 1,
1000 1663 1082 1715 19.
1119 1663 1209 1727 IV,
1243 1663 1365 1715 230.
1402 1662 1524 1715 656.
1559 1665 1627 1725 V,
1661 1660 1748 1715 45.
1782 1664 1873 1726 Vl,
1909 1663 2028 1716 500.
2070 1663 2215 1727 Wr.)
2354 1661 2459 1714 236
2513 1661 2753 1711 dicione

465 1749 644 1783 omues
672 1732 984 1784 vetustiores
1013 1731 1192 1782 Heius.
1266 1730 1380 1797 (sic,
1412 1731 1643 1796 dicione,
1678 1732 1869 1783 Medic.
1913 1741 2242 1794 constanter,
2291 1729 2749 1811 quotiescumque

464 1802 603 1870 apud
628 1801 908 1869 Virgilium
933 1801 1038 1852 hoc
1066 1818 1179 1851 voc.
1204 1799 1425 1867 legitur-3
1463 1801 1621 1869 idque
1650 1801 1968 1852 recentiores
1987 1840 2001 1866 ‚
2048 1800 2138 1869 qui
2175 1797 2384 1870 quidem
2425 1812 2739 1851 accuratum

464 1872 728 1936 scribunt,
763 1871 1025 1941 philologi
1047 1881 1356 1938 sequuntur:
1390 1870 1520 1921 item
1551 1871 1797 1923 condicio
1832 1872 1957 1934 XII,
1991 1872 2129 1934 880„
2164 1878 2224 1920 ut
2251 1869 2305 1919 in
2331 1867 2612 1936 plerisque
2647 1867 2743 1918 la-

464 1939 677 2009 pidibus
707 1952 762 1991 et
788 1940 939 1991 libris
965 1939 1216 2008 antiquis3
1275 1940 1380 1992 vid.
1414 1940 1604 1992 Cellar.
1635 1940 1991 2008 orthograpb.
2022 1941 2142 1991 Lat.
2170 1939 2253 1990 ed.
2276 1938 2485 1989 Hal-les.
2514 1958 2574 2007 p.
2606 1937 2740 1991 213-

470 2010 615 2077 Wr.)
686 2023 870 2061 terras
898 2011 1071 2061 omnis
1091 2009 1278 2078 fragm.
1315 2009 1485 2061 Vatic.
1515 2029 1544 2061 n
1587 2010 1875 2078 Campiglia
1917 2026 2244 2078 expressum,
2294 2007 2438 2059 cuius
2474 2006 2739 2058 lectionis

465 2078 622 2131 etiam
647 2079 856 2130 Servius
893 2077 1145 2130 meminit.
1225 2081 1341 2130 Nee
1380 2079 1613 2130 diffiteor
1649 2079 1785 2131 hanc
1821 2079 2103 2131 lectionem
2131 2077 2294 2129 multo
2335 2076 2507 2144 magis
2545 2077 2738 2146 epieue

466 2147 713 2216 dignitati
736 2147 1014 2200 convenire
1042 2146 1237 2209 videri,
1271 2166 1424 2216 quam
1450 2149 1694 2200 subtilem
1722 2148 1948 2200 omnium
1975 2165 2224 2217 generum
2257 2146 2545 2215 potestatis
2573 2164 2737 2198 com-

461 2218 883 2287 prehensionem.
922 2218 1117 2285 (omnis
1143 2217 1360 2270 Wakef.
1382 2219 1619 2288 recepit;
1656 2218 1752 2269 sed
1778 2217 1906 2270 satis
1936 2227 2052 2269 erat
2078 2230 2262 2268 terras
2293 2229 2484 2267 tenere
2506 2215 2734 2278 dixisse,

461 2306 560 2340 nec
595 2288 664 2339 ad
698 2283 882 2339 ter'ras
917 2287 1213 2338 necessario
1254 2286 1540 2355 requiritur
1587 2288 1889 2357 epitheton;
1951 2298 2007 2339 et
2047 2286 2256 2340 videtur
2281 2295 2443 2353 poeta
2474 2303 2575 2352 per
2622 2286 2735 2336 hoc

464 2359 652 2411 omni
683 2357 786 2407 dic.
823 2369 932 2409 ten.
982 2357 1271 2426 exprimere
1315 2357 1543 2409 voluisse
1586 2357 1920 2409 Homericum
1960 2356 2094 2407 illud
2123 2351 2213 2423 ἶφι
2238 2349 2522 2407 ἀνάσσειν.
2597 2354 2732 2408 vid.

463 2426 623 2478 etiam
659 2427 831 2494 Heyn.
873 2427 1002 2477 Not.
1046 2436 1102 2476 et
1133 2425 1279 2476 Iahn.
1331 2427 1476 2494 Wr.)
1628 2428 1733 2483 237
1767 2427 1888 2479 vide
1929 2445 1996 2478 an
2038 2425 2211 2477 lenior
2252 2424 2381 2475 fluat
2414 2423 2626 2488 oratio,
2682 2421 2731 2473 si

461 2494 791 2548 distinxeris:
830 2500 986 2547 Certe
1008 2495 1138 2548 hinc
1152 2525 1218 2533 —-
1224 2496 1539 2567 pollicitus,
1601 2516 1741 2568 quae
1767 2509 1852 2562 te,
1893 2497 2146 2568 genitor,
2195 2495 2474 2547 sementia
2511 2492 2733 2546 vertit?

462 2567 519 2619 h.
547 2584 662 2618 cum
689 2564 762 2616 sis
787 2565 1073 2634 pollicitus.
1125 2566 1318 2617 Durum
1358 2567 1495 2617 enim
1532 2565 1663 2618 illud
1682 2568 1969 2638 pollicitus
1996 2565 2108 2617 sine
2140 2584 2200 2617 es
2225 2563 2309 2615 vel
2338 2581 2491 2627 eras,
2528 2563 2590 2615 in
2621 2565 2731 2615 fine

462 2634 757 2688 sententiae
789 2634 1079 2687 absolutae.
1115 2636 1334 2705 (Probat
1360 2636 1498 2687 hanc
1520 2636 1775 2688 rationem
1805 2635 2042 2698 Iahnius3
2095 2645 2150 2685 et
2179 2644 2349 2694 recte;
2384 2632 2567 2701 itaque
2602 2652 2729 2684 mu-

459 2705 571 2758 tavi
614 2704 1106 2773 interpunctionem.
1175 2707 1242 2755 Et
1283 2715 1365 2757 est
1398 2706 1504 2757 hoc
1543 2723 1705 2774 genus
1741 2706 2003 2774 quoddam
2046 2701 2362 2756 anacoluthi.
2432 2702 2730 2770 Aptissima

460 2786 636 2827 autem
671 2775 803 2827 baec
845 2775 915 2826 ad
952 2774 1280 2842 prodendum
1319 2774 1544 2841 animum
1574 2786 1885 2827 commotum
1913 2775 2097 2826 oratiO.
2168 2776 2316 2837 Quae
2342 2771 2630 2824 Wunderl.
2662 2791 2728 2824 ex

458 2845 689 2914 Virgilio
712 2844 896 2897 laudat
925 2843 1148 2896 omissae
1179 2862 1283 2896 sec.
1306 2863 1449 2914 pers.
1479 2863 1539 2896 ea
1568 2845 1808 2913 exempla
1825 2884 1840 2905 ‚
1874 2844 2045 2895 aliena
2074 2853 2196 2895 sunt
2220 2842 2287 2894 ab
2314 2841 2368 2892 h.
2389 2841 2455 2892 l.:
2507 2842 2626 2893 Bel.
2657 2844 2727 2906 V,

457 2914 542 2968 4.:
585 2919 668 2967 Tu
693 2916 884 2969 maior.
955 2912 1080 2968 34.τ,
1107 2918 1190 2966 Tu
1224 2915 1391 2965 decus
1422 2932 1576 2965 omne
1616 2916 1745 2965 culs.
1815 2915 1955 2979 VIII,
1989 2913 2074 2968 48.
2112 2922 2168 2963 et
2209 2913 2323 2966 50.:
2371 2911 2625 2963 crudelis
2661 2924 2725 2963 eu

459 3003 672 3054 quoque
695 2998 887 3036 mater.
958 2983 1045 3035 Sic
1071 2984 1206 3035 enim
1235 2982 1290 3033 in
1320 2982 1567 3035 brevibus
1596 2982 1882 3034 enunciatis
1913 2998 2241 3050 nervoseque
2269 2979 2425 3032 dictis
2456 3000 2516 3032 es
2542 2980 2729 3032 omitti

458 3052 616 3118 solet,
648 3053 893 3105 adiuncto
920 3053 1234 3105 Pronomine
1272 3071 1377 3105 sec.
1402 3070 1542 3122 pers.
1581 3056 1665 3107 W
1660 3052 1727 3119 r.)
1832 3053 2140 3107 &Sca-tum
2170 3059 2395 3122 quatuor
2417 3050 2726 3102 Burmanni.

459 3140 625 3174 casus
652 3121 828 3190 Bigot.
868 3123 944 3190 (et
962 3122 1082 3174 Alb.
1123 3121 1269 3190 Wr.)

457 3272 731 3323 staurata
770 3281 879 3342 per
923 3283 1142 3323 novam
1178 3263 1540 3344 progeniem,

459 3346 560 3429 (cs.
593 3369 724 3429 sup.
750 3347 797 3424 I,
847 3352 926 3413 19
954 3347 1105 3430 sqq.)
1113 3350 1289 3429 sore,
1338 3350 1540 3409 oritu-

456 3456 558 3495 ros
584 3454 736 3509 esse,
794 3436 1107 3493 Romanos
1137 3467 1221 3481 —
1245 3435 1535 3509 dtu-tores,

455 3520 748 3601 populum
772 3529 1167 3598 regnatorem,
1212 3523 1321 3599 qui
1345 3541 1536 3595 mare,

456 3609 566 3686 qui
603 3618 786 3665 tenus
826 3618 1099 3664 tenerent.
1190 3606 1255 3663 Si
1297 3605 1541 3684 quidem

453 3711 585 3772 sup.
625 3711 686 3752 v.
730 3697 809 3758 21
839 3693 1144 3769 populum
1177 3693 1300 3750 lace
1340 3713 1544 3771 regem

453 3775 631 3837 simili
661 3777 844 3836 modo
884 3776 1057 3838 dixit.
1143 3775 1385 3855 Alioqui
1420 3779 1543 3836 du-

452 3876 639 3922 ctor-es
682 3864 994 3922 Romanos
1044 3862 1339 3943 intelliges
1389 3865 1543 3922 Cae-

452 3968 648 4007 sarem
680 3958 743 4008 et
770 3948 1188 4009 Octavianum.
1271 3951 1342 4010 V
1328 3951 1540 4009 olven-

451 4033 611 4093 tibus
636 4037 820 4094 armis
853 4054 934 4095 sc.
970 4053 1060 4111 se,
1118 4043 1264 4095 nota
1304 4037 1540 4117 poetica

447 4120 606 4180 ratio
623 4164 639 4195 ,
683 4119 969 4199 quoniam
1006 4140 1201 4180 annus
1238 4121 1302 4180 in
1333 4122 1540 4181 orbem

447 4206 640 4267 redit:
710 4205 1165 4287 περιπλομένων
1219 4206 1539 4270 ἐνιαυτῶν.

450 4294 620 4351 omni
660 4291 888 4351 dicione
905 4336 924 4369 ‚
973 4294 1141 4352 Serv.
1167 4293 1330 4353 omni
1359 4302 1538 4373 pote-

447 4387 623 4458 state,
645 4396 813 4460 pace,
840 4377 1084 4459 legibus,
1115 4376 1293 4442 bello.
1348 4380 1537 4441 Prae-

1625 3271 1745 3322 stat
1773 3261 2000 3322 dicere:
2045 3263 2233 3338 omni,
2260 3257 2382 3321 hoc
2412 3270 2524 3338 est,
2542 3282 2721 3322 sum—.

1623 3368 1723 3407 ma
1747 3358 2063 3428 potestate.
2096 3349 2203 3407 Est
2224 3347 2380 3406 enim
2392 3348 2587 3427 poetis
2613 3369 2720 3407 so·-

1624 3434 1819 3494 lennis
1844 3436 1942 3494 ille
1958 3455 2103 3494 usus
2112 3456 2130 3512 3
2156 3433 2463 3493 interdum
2494 3444 2557 3493 et
2586 3434 2717 3493 aliis

1627 3521 2049 3600 scriptoribus:
2093 3522 2260 3579 omni
2287 3541 2398 3597 ope
2427 3522 2715 3592 acutia-us,

1627 3628 1875 3669 summa.
1921 3606 2072 3666 Aen.
2105 3607 2184 3682 X,
2230 3606 2312 3671 53
2346 3626 2582 3684 magna
2608 3607 2716 3663 da·-

1626 3696 1785 3752 tc'one
1800 3726 1884 3739 —
1908 3691 2216 3769 Carthago
2235 3703 2480 3769 premat
2503 3693 2714 3751 Λιιεο-

1623 3781 1818 3837 niam.
1911 3779 2029 3838 Sed
2060 3798 2119 3837 v.
2155 3778 2290 3837 var.
2322 3777 2482 3835 Lect.

1710 3868 1857 3930 237.
1927 3865 2100 3942 Quae
2135 3875 2189 3922 te
2219 3865 2511 3921 sententia
2540 3865 2714 3920 vertit

1625 3949 1917 4028 exquisite
1933 3993 1951 4025 ,
2029 3948 2194 4027 quod
2235 3968 2462 4008 novum
2509 3947 2712 4006 eonsi-

1622 4034 1773 4094 lium
1802 4035 1989 4096 vertit
2023 4044 2108 4109 te,
2152 4033 2415 4094 mutavit
2440 4033 2707 4092 animum

1624 4122 1849 4181 tuum?
1938 4121 2182 4200 Vulgari
2228 4120 2462 4180 ratione
2522 4122 2708 4178 verti·

1624 4218 1724 4265 tur
1744 4207 2057 4283 sententia,
2085 4206 2337 4280 animus,
2365 4204 2699 4266 consilium.

1624 4291 1771 4351 Mox
1799 4295 1927 4357 238
1961 4314 2241 4352 occasum
2289 4294 2506 4351 Troiae
2538 4291 2704 4349 sola-

1622 4377 1737 4438 bar
1749 4378 1930 4438 etiam
1957 4378 2266 4459 exquisite,
2293 4386 2368 4438 ut
2391 4379 2518 4439 sere
2543 4396 2700 4437 sem-
