2882 5028
459 352 610 425 326

958 347 1038 418 P.
1092 343 1615 420 VIRGILII
1666 345 2226 423 MARONIS

464 529 1056 629 Consequimur
1084 531 1379 626 cuncti,
1437 530 1818 607 θιὼ-,11515
1851 532 2330 609 incurrimus
2353 537 2602 615 annia

460 636 607 711 Hic
632 634 989 736 primum
1020 660 1111 709 ex
1143 634 1300 710 alto
1336 635 1651 710 delubri
1685 635 2035 712 culmine
2077 637 2252 714 telis

2559 648 2690 719 410

460 744 939 816 Nostrorum
971 738 1433 835 obruimur,
1472 741 1903 841 ⁴oriturque
1935 741 2388 817 miserrima
2434 742 2691 822 caedes

465 847 899 919 Armorum
930 839 1128 919 facie
1159 855 1240 919 et
1266 842 1681 920 Graiarum
1714 867 1988 920 errore
2019 845 2408 925 iubarum.

464 951 678 1023 Tum
711 947 957 1023 Danai
986 947 1292 1044 gemitu
1332 960 1573 1048 atque
1603 961 1924 1049 'ereptae
1950 950 2269 1047 virginis
2297 949 2413 1025 ira

465 1049 841 1150 Undique
869 1050 1206 1126 conlecti
1239 1051 1665 1150 invadunt,
1721 1053 2149 1128 acerrimus
2179 1053 2389 1149 Aiax,

463 1158 563 1229 Et
577 1153 878 1252 gemini
895 1154 1824 1257 Atridae,Dolopumque
1847 1157 2229 1232 exercitus
2252 1157 2544 1236 omnis:
2563 1162 2692 1237 41⁵

465 1256 791 1333 Adversi
820 1270 1061 1358 rupto
1097 1282 1244 1334 ceu
1280 1259 1694 1359 quondam
1722 1259 2046 1336 turbine
2073 1259 2289 1336 venti

469 1358 961 1459 Confligunt‚
1002 1361 1613 1464 Zephyrusque,
1652 1368 2112 1465 Notusque,
2141 1376 2222 1440 et
2255 1363 2506 1440 laetus
2533 1361 2691 1440 Eois

569 1504 741 1579 415.
799 1521 1063 1575 omns,

597 1688 703 1745 409
752 1690 1129 1742 concurrimus
1185 1689 1323 1741 alter
1377 1689 1567 1741 Hamb.

1704 1689 1806 1745 411
1862 1688 2155 1743 Obruimur
2207 1703 2524 1744 nostrorum
2559 1688 2690 1740 idem.

465 1759 570 1815 412
602 1761 836 1814 horrore
862 1759 1057 1823 wita,
1112 1768 1173 1811 ut
1220 1777 1335 1827 sup.
1374 1756 1510 1820 3013
1558 1756 1700 1811 idem
1742 1758 1999 1812 tubae-um
2046 1779 2077 1812 a
2115 1778 2182 1812 m.
2223 1778 2340 1829 pn,
2385 1769 2444 1814 ut
2483 1768 2538 1811 et
2570 1756 2689 1810 alibi.

464 1830 570 1884 414
602 1830 820 1882 vadunt
850 1829 935 1880 ed.
960 1829 1127 1890 ven„
1175 1828 1295 1881 vide
1324 1846 1439 1897 sup.
1478 1827 1600 1883 359.

465 1898 633 1951 multi.
666 1899 790 1968 (vid.
819 1902 884 1962 Q.
913 1897 979 1950 V.
1008 1898 1273 1961 XXXVI,
1305 1900 1389 1952 13.
1431 1900 1514 1950 W
1510 1897 1578 1964 r.)

1739 1830 1845 1886 415
1896 1831 2236 1901 Dolopumve
2282 1828 2467 1899 scripti
2508 1837 2558 1879 et
2592 1827 2689 1879 edd.

1733 1900 1839 1954 416
1873 1900 2079 1951 diversi
2115 1918 2319 1971 mag-no
2365 1899 2592 1950 Mam-ob.
2617 1897 2689 1958 vl,

464 1969 519 2032 2,
546 1968 642 2019 sed
676 1967 942 2036 vulgatam
964 1964 1104 2018 idem
1140 1966 1269 2018 alibi
1298 1977 1350 2020 et
1377 1968 1554 2019 Lutat-
1580 1968 1650 2019 ad
1673 1970 1899 2020 Statium
1929 1979 2240 2036 agnoscunt.
2290 1987 2341 2020 v.
2377 1970 2542 2020 Burm.
2605 1966 2690 2018 ad-

467 2056 630 2089 verso
660 2041 815 2109 rupti
835 2038 996 2090 Witt.
1020 2037 1297 2107 quondam
1325 2049 1492 2106 rupto
1517 2055 1617 2089 eeu
1647 2037 1793 2089 alter
1827 2040 2113 2106 Hamburg.

2254 2036 2362 2093 417
2398 2038 2690 2107 confugiunt

465 2107 631 2158 Goth.
655 2117 782 2158 tert.
807 2126 839 2158 a
863 2123 934 2158 m.
959 2123 1095 2158 sec-t
1131 2105 1270 2156 forte
1299 2123 1416 2157 cum
1444 2105 1632 2159 fuisset
1671 2106 2004 2179 confugam.
2078 2107 2432 2179 Zephyrique
2473 2104 2689 2159 Rottend.

466 2194 571 2228 sec.
642 2187 809 2229 notua
833 2177 968 2228 Eois
994 2193 1078 2245 pr.
1103 2176 1388 2245 Hamburg.

463 2335 661 2394 iverat
685 2334 888 2413 Eurip.
907 2333 1198 2394 Androm.
1226 2333 1369 2399 573.
1394 2331 1455 2397 4.
1488 2335 1551 2400 5.

466 2419 619 2567 ἐἐὶ
634 2414 712 2567 :34
726 2414 862 2567 εἱς
884 2419 1073 2589 ³555:ss
1100 2417 1554 2570 “2552ssssss

465 2596 675 2670 amis,
719 2593 815 2652 vel
843 2593 957 2672 ipsi
985 2591 1187 2652 densis
1216 2591 1553 2669 ordinibus,

468 2678 653 2738 denso
694 2678 959 2759 agmine,
1015 2678 1115 2739 vel
1155 2678 1446 2738 irruimus
1484 2678 1553 2736 in

465 2763 733 2824 hostium
783 2764 1036 2825 densum
1091 2783 1321 2844 agmen.
1377 2765 1452 2823 cf.
1491 2783 1551 2823 v.

354 2928 359 2935 Β
467 2854 613 2915 383.
666 2905 678 2928 ,
700 2848 895 2933 (prior
956 2851 1278 2931 explicatio
1329 2850 1553 2910 verior.

474 2938 570 2997 W
569 2960 617 2997 r.
633 2969 713 2981 —
735 2936 833 2996 Ad
850 2938 1361 2998 constructionem
1383 2957 1554 2996 com-

467 3030 615 3100 para
666 3020 813 3082 Aen.
871 3023 982 3099 111,
1033 3027 1212 3090 222:
1273 3025 1556 3082 ὺπιίνηιιε

463 3107 639 3181 ferr-o.
694 3110 799 3169 W
788 3110 863 3181 r.)

553 3190 700 3255 410.
742 3190 1081 3250 velabrum
1103 3190 1215 3249 int.
1229 3188 1554 3268 Minervae,

468 3295 548 3335 ex
576 3296 698 3354 quo
739 3276 1072 3337 Cassandra
1108 3285 1240 3335 erat
1273 3276 1555 3338 abducta.

470 3362 545 3420 cf.
582 3382 642 3422 v.
669 3360 814 3429 425.
901 3362 1050 3421 Erat
1083 3370 1286 3420 autem
1307 3362 1464 3422 illud
1490 3364 1555 3422 in

471 3449 766 3527 acrop01i3
854 3448 931 3507 ad
987 3444 1385 3527 hanc1igitur
1433 3448 1557 3508 iam

468 3543 828 3613 pervenerat
851 3534 1112 3609 Aeneas,
1156 3532 1417 3592 mediam
1448 3553 1556 3614 per

471 3620 684 3679 urbem
710 3641 771 3680 v.
800 3622 942 3685 359.
985 3619 1130 3685 412.
1160 3618 1346 3694 Quod
1372 3638 1558 3697 arma,

472 3725 624 3783 quae
665 3704 1022 3781 induerant,
1082 3706 1310 3766 Graeca
1363 3716 1557 3783 erant,

473 3801 536 3850 et
588 3793 801 3851 cristae
858 3792 1138 3852 Graecae.
1224 3793 1369 3858 413.
1431 3792 1559 3853 Ge-

473 3880 659 3952 mitu,
719 3876 780 3938 h.
821 3896 872 3937 e.
939 3877 1180 3953 dolore,
1236 3891 1417 3958 atque
1462 3883 1558 3938 ira

473 3975 706 4041 ereptae
746 3967 1001 4041 virginis
1015 4008 1032 4037 ,
1107 3973 1358 4044 propter
1406 3968 1557 4026 Cas-

473 4049 756 4107 sandram
784 4049 896 4108 sibi
924 4070 960 4107 a
995 4049 1264 4109 Coroebo
1306 4053 1557 4113 ceteris-

468 4154 590 4213 que
618 4145 914 4215 ereptam‚
948 4136 1244 4193 invadunt
1269 4135 1554 4219 undique,

472 4222 724 4281 collecti.
801 4220 957 4281 Aiax
985 4229 1076 4279 est
1100 4220 1260 4279 idem
1289 4220 1389 4279 ille
1409 4269 1426 4300 ,
1456 4225 1562 4303 qui

474 4307 868 4367 Cassandram
905 4305 1277 4384 abduxerat,
1325 4307 1479 4369 Oilei
1520 4312 1563 4370 s.

472 4393 620 4453 Mox
686 4396 923 4473 gemini
984 4393 1240 4452 Atridae
1269 4439 1287 4469 ‚
1363 4396 1565 4462 δισσοὶ
1648 4419 1830 4476 quam
1874 4399 2042 4478 equis
2082 4398 2438 4472 insidentes,
2478 4386 2690 4469 conspi-
2817 4418 2818 4431 κ

1633 2329 1930 2415 Ἀτρεῶι
1985 2355 2082 2416 ap.
2139 2334 2353 2416 Eut-ip.
2454 2334 2692 2411 Dolopes

1639 2442 1697 2481 v.
1727 2441 1857 2500 sup.
1884 2420 1958 2497 11,
1983 2426 2042 2485 7.
2195 2471 2202 2476 ,

1725 2507 1852 2571 417
1877 2542 1955 2554 -
1988 2505 2133 2571 419.
2175 2504 2277 2565 Ad
2316 2503 2558 2566 Homeri
2595 2501 2690 2561 du-

1639 2602 1807 2652 ctum
1835 2590 2002 2652 Iliad.
2041 2616 2082 2668 ι,
2111 2590 2316 2657 4—7
2357 2603 2420 2651 et
2450 2589 2610 2651 Ennii
2631 2606 2691 2646 ex

1637 2678 1852 2738 Annal.
1882 2677 2054 2738 XVII
2080 2697 2176 2757 ap.
2215 2677 2481 2738 Macrob.
2522 2675 2609 2750 vl,
2641 2677 2691 2747 2,

1638 2766 1762 2824 sed'
1796 2765 1989 2825 multo
2031 2764 2308 2824 ornatius
2351 2775 2414 2824 et
2462 2762 2692 2834 variam

1639 2871 1825 2932 porro
1879 2846 2201 2909 Homerica
2255 2870 2397 2910 cum
2447 2858 2594 2922 arte,
2639 2843 2692 2902 in

1640 2935 2187 3016 comparationibus
2223 2936 2277 2995 ei
2307 2934 2577 3009 sollenni,
2615 2929 2692 2988 es-

1635 3024 1869 3084 ‘fectuin
1892 3022 1980 3082 rei
2011 3021 2275 3081 attexuit
2289 3048 2306 3083 ;
2346 3021 2584 3081 stridwu
2599 3016 2691 3074 sil-

1639 3130 1756 3168 vae
1781 3119 1895 3168 etc.
1922 3110 2124 3167 Exn-us
2147 3109 2346 3168 laetus
2371 3110 2513 3167 Eois
2526 3104 2687 3184 equi&

1640 3195 1721 3254 ad
1771 3202 2054 3254 ornatum
2117 3203 2370 3273 spectat.
2422 3192 2573 3272 equi,
2630 3192 2690 3246 ut

1637 3280 1838 3355 ἵπποι,
1867 3278 2185 3339 Homerico
2219 3300 2359 3356 usu,
2383 3280 2488 3359 'pro
2511 3290 2684 3333 curru.

1639 3366 1795 3447 Bigis
1821 3367 1981 3426 vecti
2002 3364 2172 3425 venti
2214 3365 2383 3445 apud
2424 3368 2602 3444 poetas
2635 3362 2688 3412 et

1641 3452 1990 3531 sculptores.
2089 3450 2213 3510 Nec
2279 3450 2549 3529 Ζέφυρον
2599 3440 2688 3504 ἰπ-

1641 3533 1952 3600 πεύσαντα
1996 3536 2202 3616 Enrip.
2255 3535 2542 3595 phoeniss.
2583 3528 2690 3593 220

1641 3633 1704 3682 et
1775 3626 2012 3682 Eurum
2075 3625 2439 3703 equitantem
2485 3615 2689 3677 Siculas

1637 3730 1750 3788 per
1775 3710 1971 3768 undas
1997 3708 2212 3767 Horat.
2232 3709 2255 3767 1
2262 3709 2313 3768 V
2333 3708 2521 3766 Carm.
2542 3702 2596 3777 4,
2621 3693 2688 3762 44

1644 3795 1817 3853 aliter
1883 3795 2150 3873 accipere
2205 3792 2498 3853 debebant
2541 3801 2689 3867 quam

1643 3880 1721 3940 de
1776 3900 1964 3940 curru
2021 3880 2292 3940 invectis.
2400 3880 2689 3938 Commune

1641 3966 1799 4025 enim
1827 3965 1947 4026 hoc
1973 3966 2247 4027 omnibus
2274 3965 2412 4041 diis,
2443 3958 2690 4042 quoniam

1640 4052 1838 4134 prisco
1865 4053 1968 4113 illo
1996 4063 2297 4133 tempore,
2341 4070 2460 4129 quo
2484 4042 2690 4121 religio·
2817 4068 2818 4105 ζ

1642 4157 1740 4198 sae
1767 4138 1880 4198 hae
1915 4140 2191 4199 notiones
2217 4138 2477 4219 primum
2503 4135 2559 4193 in
2592 4128 2688 4188 ho-
2817 4182 2818 4221 3

1643 4226 1877 4286 minum
1928 4225 2156 4286 animos
2199 4230 2522 4296 venerunt,
2567 4212 2689 4294 bigis

1644 4313 1807 4373 vecti
1848 4331 2011 4392 reges
2047 4313 2146 4373 vel
2185 4308 2511 4391 quadrigis,
2553 4320 2689 4363 nun·-
