2882 5028
491 376 1106 454 AENEmos
1162 378 1371 454 LIB.
1426 378 1556 468 vl,
1610 371 2053 456 7340—‘743
2262 386 2413 458 967

76 567 352 659 Ergo
395 576 868 640 exercentur
895 563 1212 665 poeniS,
1263 575 1794 664 veterumque
1820 562 2223 646 malorum

85 664 554 766 Supplicia
588 667 1074 767 expendunt.
1177 665 1391 742 Aliae
1423 666 1884 766 panduntur
1911 667 2164 743 inanis
2253 675 2407 749 740

91 772 601 869 Suspensae
631 770 730 845 ad
759 783 1081 864 ventos;
1128 769 1293 845 aliis
1329 769 1476 844 sub
1506 772 1815 869 gurgite
1847 783 2063 848 vasto

83 870 551 948 Infectum
581 873 872 949 eluitur
905 873 1196 971 sceluS‚
1252 885 1384 949 aut
1418 875 1766 949 exuritur
1794 875 1990 974 igni3

97 976 511 1077 Quisque
550 1001 736 1053 suos
783 979 1132 1078 patimur
1170 977 1461 1074 Manis3
1519 976 1807 1055 exinde
1850 1003 2003 1079 per
2047 977 2404 1078 amplum

229 1105 427 1177 743.
480 1118 704 1195 SUOS,
758 1118 1138 1197 Plu-mun,

278 1267 395 1323 740
444 1270 768 1341 penduntur
816 1271 1040 1325 Dorvill.
1123 1270 1342 1341 (inanes
1403 1271 1597 1325 Medic.
1661 1280 1716 1325 et
1774 1271 1962 1341 fragm.
2016 1269 2186 1324 Vatic.
2253 1269 2402 1338 Wr.)

105 1335 238 1394 742
275 1337 561 1410 Infusum
584 1344 727 1392 Serv.
749 1341 819 1391 sd
842 1342 890 1392 11
924 1341 1119 1411 Georg.
1146 1343 1268 1396 389.
1406 1343 1512 1397 743
1557 1345 1774 1411 patitur
1806 1352 1863 1393 et
1898 1342 2135 1393 mittitur
2170 1349 2280 1398 tres
2316 1359 2401 1411 sp.

108 1410 315 1460 Burm.
387 1411 609 1478 patitur
636 1410 930 1463 etiam-Eri:
1003 1413 1227 1478 (Manes
1266 1411 1489 1478 Medic„
1536 1413 1728 1464 Manis
1764 1411 1952 1479 fragm.
1991 1411 2115 1462 Vnt.
2165 1410 2419 1468 Wschs-x

108 1478 284 1529 mnth
315 1476 374 1527 in
408 1478 681 1544 Athenaeo
709 1478 832 1531 Vol.
859 1483 900 1534 1.
925 1500 978 1550 p.
1002 1483 1127 1536 269.
1169 1499 1386 1553 poenas
1428 1481 1514 1533 vel
1551 1499 1763 1533 menses
1795 1497 1892 1549 pro
1939 1481 2139 1532 Manis
2161 1479 2404 1531 seriben-

112 1547 260 1598 dum
293 1556 474 1615 putat3
517 1548 869 1601 memorabilis
896 1559 976 1602 est
999 1550 1160 1603 lectio
1193 1550 1314 1603 cod.
1342 1551 1480 1603 Gud.
1503 1551 1643 1621 apud
1680 1550 1983 1602 Arusianum
2016 1567 2070 1618 p.
2108 1550 2230 1604 257.
2271 1549 2400 1601 edit.

111 1617 487 1669 Lindemann.
523 1636 719 1670 mores.
762 1621 904 1687 We.)
976 1624 1054 1673 Ut
1078 1637 1213 1672 nune
1252 1637 1431 1673 versus
1465 1638 1524 1671 se
1560 1619 1747 1674 ordine
1789 1619 2081 1688 excipiunt,
2125 1627 2218 1671 aut
2265 1635 2402 1672 nova

122 1757 279 1818 dem
338 1762 683 1817 animorum
747 1759 1037 1820 dicuntur
1107 1779 1232 1820 esse
1315 1761 1419 1838 tii,
1467 1761 1612 1836 diu,
1663 1781 1772 1841 per
1799 1770 1921 1821 tam
1956 1760 2203 1840 longum
2239 1759 2402 1821 vitae

124 1842 336 1902 moehi
354 1887 375 1919 ‚
425 1863 533 1903 seu
559 1844 724 1903 labes
742 1889 761 1921 ,
808 1847 1007 1905 sordes
1023 1890 1042 1922 ,
1064 1840 1230 1905 'ma-

124 1930 315 1987 cuzae
335 1972 356 2004 ,
421 1932 693 2009 κηλῖδες,
758 1933 958 1990 alceta
978 1975 995 2006 ‚
1056 1934 1227 1990 eica-

126 2019 348 2090 tn‘ces,
417 2009 705 2094 μώλωπες
729 2061 748 2092 ,
826 2009 1039 2092 οὐλαὶ,
1101 2018 1227 2078 στί-

126 2124 369 2183 γματας
411 2099 557 2160 hinc
584 2100 786 2160 suavis
831 2102 932 2161 ille
979 2100 1229 2181 mythus

130 2205 249 2244 seu
287 2186 632 2246 involutum
676 2187 947 2247 fabulosa
1008 2208 1226 2248 narra-

128 2273 306 2330 tione
365 2271 818 2351 philosophema
878 2274 1041 2354 apud
1086 2274 1228 2333 Pla-

132 2367 272 2417 ton.
302 2357 479 2437 Gorg.
508 2369 666 2418 extr.
706 2379 765 2438 p.
791 2362 936 2424 356.
981 2360 1109 2424 357
1152 2360 1227 2418 de

134 2443 452 2503 animabus
507 2464 711 2504 coram
756 2443 1225 2505 Rhadamantho

133 2528 470 2608 nudandis3
516 2551 637 2610 quo
659 2531 976 2591 Plutarch.
1003 2532 1080 2591 de
1111 2531 1226 2610 his,

138 2616 253 2694 qui
294 2635 425 2676 sero
468 2624 706 2676 anum.
749 2619 893 2697 pim-
936 2618 1004 2677 T.
1049 2617 1124 2692 11,
1163 2638 1224 2697 p.

136 2705 288 2768 564.
319 2702 443 2767 565
474 2711 536 2762 et
578 2703 874 2762 Lucianus
911 2703 1225 2781 aliquoties

136 2787 463 2848 felicissime
503 2809 648 2847 usus
678 2798 784 2849 est.
870 2789 1086 2848 Noster
1109 2808 1224 2848 au-

136 2881 266 2932 tem
292 2883 465 2953 poeta
491 2895 628 2934 cum
657 2873 837 2933 semel
874 2895 982 2955 per
1022 2875 1222 2932 sordes

138 2969 207 3018 et
256 2961 528 3018 maculas
572 2962 910 3019 animorum
969 2960 1116 3020 vitia
1160 2967 1221 3017 et

140 3043 494 3123 cupiditates
534 3046 815 3105 animales
845 3045 1219 3125 designasset,

141 3129 611 3190 emendationem
663 3150 872 3190 earum
917 3151 1027 3211 per
1065 3153 1221 3209 pun-

137 3219 402 3296 gationis
468 3236 653 3295 genus
709 3218 859 3276 bene
924 3216 1220 3291 exhibuit,

144 3302 246 3361 cui
263 3302 374 3360 iam
396 3302 460 3361 in
484 3304 666 3361 saeris
691 3312 749 3361 et
771 3303 958 3371 initiis
986 3302 1219 3362 adsueti

143 3395 316 3447 erant
349 3397 621 3448 veterum
660 3387 977 3448 hominum
1017 3388 1217 3447 animi.

145 3472 358 3535 Eadem
404 3474 674 3554 purgatio
735 3495 880 3534 mox
938 3473 1218 3553 designa-

145 3570 252 3620 tur
288 3577 389 3638 per
419 3581 648 3638 poenas
668 3604 686 3635 ‚
729 3561 1037 3639 supplicia
1054 3604 1072 3635 ,
1119 3559 1217 3620 vel

146 3645 397 3707 Platonis
423 3647 780 3705 auctoritate
814 3646 879 3705 in
920 3645 1137 3724 Gorgia
1173 3645 1215 3704 l.

148 3751 203 3791 c.
233 3730 386 3809 quod
416 3751 540 3791 non
582 3732 964 3792 observatum
1001 3730 1216 3790 misere

149 3817 384 3878 vexavit
427 3817 625 3896 lntpp.
711 3816 792 3876 At
840 3836 901 3876 v.
945 3819 1072 3881 788
1115 3816 1213 3875 in-

152 3921 313 3965 versa
338 3912 423 3961 est
443 3903 658 3963 oratio.
721 3901 986 3963 Debebat
1011 3902 1210 3979 sequi:

151 4009 254 4048 nee
302 3989 576 4048 excedunt
602 4033 621 4064 ‚
673 4022 762 4037 —-
810 3989 921 4047 sed
968 3990 1212 4066 penitus

152 4076 487 4134 inoleverunt
506 4119 524 4150 ,
560 4085 969 4135 concreverunt
981 4095 1010 4145 ,-
1046 4073 1211 4132 unde

152 4160 270 4225 746
307 4172 563 4219 concreta
608 4159 806 4235 labes,
857 4178 1009 4238 quae
1054 4159 1208 4218 elui-

155 4255 249 4305 tur
292 4253 347 4304 et
384 4247 657 4305 exuritur
715 4243 860 4309 742.
946 4244 1080 4304 Hoc
1123 4244 1208 4303 ita

151 4330 377 4391 extulit:
444 4350 555 4390 nec
609 4332 832 4390 mirum
892 4339 1020 4407 est,
1082 4348 1207 4407 seu,

150 4438 358 4476 neeesse
389 4430 508 4492 est,
551 4419 784 4493 multa,
821 4416 1084 4479 multum
1107 4415 1205 4477 vi-

1313 1857 1551 1926 tempus
1563 1890 1581 1922 ,
1625 1860 1892 1906 concreta
1929 1848 2244 1905 inolescere
2275 1847 2398 1925 pe-

1309 1937 1472 1991 nitus
1498 1934 1692 1991 modis·
1718 1935 1906 1991 miris.

1395 2018 1621 2083 740-
1634 2017 1780 2082 748.
1798 2017 1850 2077 Α
1867 2015 2231 2076 sollennibus
2245 2035 2400 2096 pur-

1310 2103 1619 2181 gationum
1662 2112 1725 2161 et
1780 2103 2203 2164 lustrationum
2254 2102 2398 2162 riti-
2448 2145 2449 2148 η

1309 2188 1443 2248 bus.
1529 2188 1738 2249 Fiebat
1770 2190 1926 2248 enim
1971 2188 2252 2247 lustratio
2293 2207 2398 2246 ae-

1309 2292 1411 2348 re,
1457 2294 1639 2352 aqua,
1681 2275 1821 2354 igni.
1907 2275 2028 2334 Nec
2065 2275 2238 2333 aliter
2266 2292 2399 2334 ser-

1308 2379 1488 2418 mone
1524 2358 1791 2420 humano
1829 2360 2026 2421 efferri
2064 2361 2397 2419 animarum

1307 2446 1587 2526 purgatio
1613 2457 1887 2526 poterat,
1932 2466 2008 2505 ne
2051 2467 2084 2503 a
2126 2444 2396 2525 philoso-

1309 2531 1445 2611 phis
1504 2531 1746 2609 quidem
1814 2532 2227 2593 subtilioribus
2258 2576 2276 2608 ,
2343 2532 2397 2591 si

1307 2619 1556 2676 suerunt
1585 2617 1761 2692 sorte,
1788 2622 1889 2695 qui
1919 2618 2115 2676 animo
2142 2636 2396 2697 corpus-

1310 2703 1513 2762 culum
1538 2722 1712 2761 suum
1758 2703 2095 2762 detractum
2132 2721 2256 2762 esse
2289 2710 2396 2761 aut

1306 2807 1444 2847 eum
1503 2788 1632 2848 sine
1704 2808 1955 2867 corpore
2011 2788 2393 2867 superstitem

1305 2874 1665 2952 cogitatione
1692 2873 1924 2952 assequi
1947 2874 2201 2949 vellent5
2225 2873 2392 2952 quod

1306 2960 1539 3020 dubito.
1610 2960 2030 3039 Purgationem
2056 2959 2391 3018 animarum

1303 3046 1366 3103 in
1410 3044 1533 3104 sole
1577 3055 1641 3105 et
1690 3045 1984 3105 sideribus
2024 3044 2157 3103 fieri
2182 3088 2202 3121 ,
2261 3052 2390 3102 sta-
2427 3048 2431 3052 ’

1303 3131 1490 3190 tuisse
1523 3131 1873 3212 Aegyptios,
1909 3130 2028 3192 viri
2056 3130 2222 3190 docti
2247 3150 2389 3210 pas-
2500 3206 2505 3215 ί

1303 3218 1417 3276 sim
1465 3216 1679 3293 aiunt3
1760 3215 1902 3277 vide
1958 3215 2245 3275 Moshem.
2308 3216 2388 3276 ad

1304 3301 1661 3362 Cudworth.
1715 3322 1848 3383 pag.
1904 3306 2049 3368 366.
2151 3301 2271 3361 Sed
2310 3321 2389 3361 ex

1301 3389 1436 3448 loco
1462 3386 1781 3467 Porphyrii
1806 3388 1884 3446 de
1924 3388 2137 3448 abstin.
2162 3388 2260 3464 lv,
2288 3393 2386 3463 10,

1301 3473 1471 3532 testis
1501 3492 1608 3553 per
1634 3493 1695 3531 se
1733 3494 1947 3553 parum
1988 3473 2223 3550 idonei,
2271 3473 2386 3532 nisi

1300 3560 1479 3618 talem
1506 3559 1846 3639 opinionem
1882 3560 2003 3619 iam
2048 3560 2247 3620 animo
2286 3568 2386 3619 at-

1300 3646 1512 3706 tuleris
1541 3689 1557 3720 ,
1617 3645 1683 3703 id
1749 3665 1870 3705 non
1936 3647 2109 3705 facile
2170 3645 2382 3705 elicias.

1300 3730 1473 3812 (742.
1519 3729 1821 3810 Infectam
1850 3733 2042 3791 scelus
2061 3776 2079 3807 ‚
2118 3732 2159 3791 i.
2184 3751 2232 3789 e.
2260 3751 2381 3809 quo

1297 3834 1360 3875 se
1388 3816 1743 3876 infecerunt.
1828 3817 2025 3876 Minus
2070 3816 2382 3876 commode

1292 3902 1376 3961 ita
1423 3903 1821 3982 explicueris:
1861 3904 2116 3980 eluitur,
2161 3912 2233 3963 ut
2266 3921 2380 3980 pro

1290 3988 1514 4049 infecto
1564 3989 1677 4067 sit,
1732 3988 1777 4047 i.
1829 4007 1880 4049 e.
1936 4009 2082 4048 non
2142 3988 2378 4048 sacto.

1300 4077 1398 4136 W
1396 4072 1482 4155 r.)

1378 4160 1525 4225 743.
1557 4158 1700 4223 744.
1766 4161 2031 4237 Quisque
2072 4179 2211 4216 suos
2246 4179 2376 4235 pa-

1291 4248 1474 4304 timur
1529 4249 1776 4306 Μαιιεε.
1865 4244 2132 4303 vexatus
2193 4243 2375 4309 loeus.

1291 4331 1732 4411 Simplicissima
1789 4337 1988 4388 tamen
2054 4338 2147 4388 est
2187 4329 2374 4389 ratio:

1289 4416 1556 4497 patimur
1612 4415 1901 4496 supplicia
1950 4414 2098 4476 haec
2150 4435 2373 4494 omnes,
