2882 5028
455 343 608 418 244
966 336 1868 413 Exco-RSUS
1971 338 2198 413 XIII

455 552 576 589 non
602 530 724 588 nisi
760 526 868 587 sub
905 528 1259 604 discessum,
1303 527 1487 588 modo
1534 527 1615 587 ad
1650 538 1949 589 terrorem
1993 528 2365 604 faciendum,
2411 527 2598 589 modo
2630 529 2713 587 ad

453 634 675 676 numen
705 613 1078 689 testandum,
1123 614 1363 674 mortali
1388 614 1586 674 forma
1613 625 1823 690 exuta,
1868 614 2073 674 divina
2100 616 2290 695 specie
2317 633 2546 676 numen
2570 635 2717 695 spe-

454 701 748 760 ctantium
785 702 990 760 oculos
1029 699 1445 780 praestringat.
1530 701 1740 779 Itaque
1791 699 1855 758 h.
1891 701 1935 760 1.
1983 701 2248 760 divinam
2292 701 2545 782 speciem
2586 721 2714 760 nu-

450 806 707 864 menque
739 792 938 865 arguit
976 786 1187 866 pulcra
1249 786 1491 859 cervix,
1552 808 1721 847 coma
1757 787 2023 846 suaviter
2058 787 2322 867 spirans,
2365 787 2526 866 palla
2561 786 2717 845 deae

453 872 750 949 defluens,
800 892 938 932 cum
984 881 1160 931 antea
1202 871 1525 931 venatricis
1562 893 1730 934 more
1769 880 1925 932 esset
1964 875 2300 950 succincta,
2342 872 2719 951 tandemque

449 957 730 1018 incessus.
816 957 1139 1018 Videamus
1164 955 1241 1015 de
1268 957 1535 1036 singulis.

622 1043 861 1103 Scilicet
895 1044 960 1105 si
978 1044 1262 1102 abeuntes
1294 1062 1522 1103 numen
1558 1041 1940 1103 manifestum
1983 1014 2055 1101 ac
2092 1044 2428 1103 consessum
2457 1043 2715 1118 faciunt,

450 1129 628 1209 signis
667 1131 789 1188 sere
837 1141 1018 1209 atque
1063 1129 1223 1189 notis
1263 1128 1329 1188 id
1367 1129 1600 1188 faciunt
1643 1129 2062 1206 sequentibus.
2116 1129 2376 1188 Peractis
2411 1128 2717 1189 mandatis

449 1215 632 1276 modo
659 1215 978 1276 discedunt
1005 1216 1090 1274 sic
1130 1224 1204 1275 ut
1236 1214 1317 1273 ad
1343 1215 1671 1295 Olympum
1691 1213 1981 1290 redeant,
2037 1224 2110 1276 ut
2149 1214 2224 1275 de
2264 1214 2563 1273 Mercurio
2608 1215 2716 1275 iu·-

447 1302 618 1361 venis
648 1301 858 1361 faciem
885 1301 1141 1361 mentito
1172 1299 1389 1381 Odyss.
1415 1324 1473 1374 κ,
1519 1304 1663 1366 307.
1701 1304 1826 1365 808
1861 1304 2080 1380 Νῆσον
2111 1293 2218 1362 ἄν’
2259 1295 2562 1382 ’ὑλήεσσαν
2609 1300 2716 1360 ille

450 1386 530 1446 ad
551 1387 878 1467 Olympum
916 1387 1105 1448 redit.
1149 1387 1332 1446 modo
1357 1386 1558 1445 subito
1591 1405 1668 1445 ex
1703 1395 2029 1465 conspectu
2061 1404 2302 1462 eorum,
2346 1386 2714 1464 quibuscum

447 1473 879 1551 loquebantur,
937 1474 1328 1547 auferuntur,
1384 1481 1750 1532 evanescunt
1791 1472 1889 1533 vel
1927 1471 2194 1534 avolant.
2282 1471 2443 1532 Alias
2473 1472 2713 1531 abeun-

446 1567 571 1635 tes,
623 1560 813 1619 forma
843 1559 1143 1619 adscititia
1169 1559 1427 1633 abiecta,
1477 1558 1743 1618 divinam
1787 1558 2038 1638 speciem
2084 1578 2119 1615 a
2145 1567 2312 1637 tergo
2352 1557 2709 1619 ostendunt.

447 1645 548 1704 Sic
579 1645 795 1725 Apollo
824 1645 888 1703 in
923 1646 1116 1705 Butae
1141 1646 1393 1705 sormam
1427 1664 1783 1704 conversus:
1839 1644 2127 1704 Mortales
2156 1645 2352 1702 medio
2386 1644 2711 1722 adspectus

445 1752 707 1789 sermone
747 1732 986 1810 reliquit
1007 1774 1024 1805 ,
1073 1733 1156 1789 Ει
1186 1731 1407 1809 procul
1440 1734 1506 1789 in
1550 1743 1781 1789 tenuem
1823 1751 1897 1788 ex
1943 1730 2131 1791 oculi-s
2171 1733 2419 1789 evanuit
2452 1751 2702 1789 auram.

445 1816 803 1895 Adgnovere
826 1816 1008 1874 deum
1034 1837 1304 1895 proceres
1333 1816 1663 1896 divc‘naque
1696 1817 1816 1874 tela
1840 1814 2269 1890 Dardanidae,
2313 1815 2709 1894 phar-eoum-

444 1923 560 1980 que
579 1903 757 1980 suga
788 1922 1012 1960 sensere
1040 1913 1374 1976 sonantem,
1426 1899 1577 1963 Aen.
1607 1901 1714 1976 lx,
1762 1903 1887 1966 657
1918 1922 2005 1979 sq.
2091 1901 2430 1981 Apollinem
2460 1900 2564 1960 hic
2605 1903 2708 1961 vi-

445 1986 552 2045 des
578 1987 642 2046 in
675 2006 871 2046 aerem
900 1986 1236 2065 sublatum3
1280 2007 1415 2045 cum
1448 1986 1587 2046 alibi
1613 1985 1772 2046 nube
1803 1986 1901 2046 vel
1931 1987 2188 2047 obscura
2219 1988 2465 2067 caligine
2494 1987 2707 2046 invol-

443 2080 596 2132 vant
625 2092 687 2131 se
715 2072 833 2149 dii,
878 2073 1100 2154 quippe
1140 2073 1248 2152 qui
1281 2073 1559 2149 omnino,
1601 2082 1676 2132 ut
1704 2071 1882 2131 invisi
1908 2073 2060 2147 sint,
2104 2073 2266 2132 nube
2308 2093 2368 2132 se
2408 2074 2705 2152 operiant,

445 2167 627 2237 atque
653 2177 754 2218 eos
783 2178 1053 2238 quoque,
1094 2179 1245 2237 quos
1274 2158 1609 2219 subducere
1632 2158 1729 2218 vel
1768 2159 2072 2218 occultare
2095 2159 2316 2219 volunt
2332 2204 2349 2235 ,
2397 2159 2559 2218 nube
2590 2160 2707 2219 ob-

443 2244 703 2319 ducant,
749 2253 822 2304 ut
856 2244 1030 2303 toties
1056 2244 1222 2324 apud
1252 2245 1583 2305 Homerum
1614 2244 1703 2304 fit.
1763 2244 1884 2303 Sed
1916 2244 2044 2304 aliis
2069 2244 2217 2303 locis
2245 2246 2530 2304 abeuntes
2555 2244 2709 2305 deos

444 2329 751 2390 declarat'
733 2350 996 2390 incessus
1033 2330 1182 2392 levis
1211 2350 1283 2389 ac
1322 2331 1508 2406 celer,
1553 2339 1616 2389 et
1649 2330 1885 2390 volanti
1923 2330 2163 2407 similis,
2208 2340 2281 2390 ut
2305 2331 2414 2391 vix
2442 2328 2708 2411 pedibus

442 2425 667 2475 terram
723 2416 1048 2520 attingant3
1130 2416 1324 2495 qualis
1383 2417 1628 2476 omnino
1687 2416 1939 2476 deorum
1997 2417 2263 2475 incessus
2308 2436 2431 2476 esse
2485 2417 2703 2493 fertur,

443 2499 582 2566 οὔτε
626 2495 829 2583 χθόνα
871 2496 1105 2584 μάρπτε
1152 2497 1480 2579 πόδεσσιν,
1522 2502 1690 2563 Iliad.
1731 2504 1783 2578 ξ,
1828 2505 1975 2567 228.
2021 2503 2096 2562 cf.
2137 2501 2282 2567 284.
2320 2503 2470 2580 285,
2513 2503 2702 2565 modo

440 2589 646 2649 stellae
676 2589 879 2647 fatuae
912 2588 1172 2664 cadenti,
1199 2588 1368 2648 Iliad.
1409 2591 1465 2664 δ,
1510 2591 1615 2664 76,
1658 2588 1841 2648 modo
1872 2589 2200 2663 columbae,
2243 2590 2426 2649 modo
2472 2589 2701 2692 accipi-

439 2674 552 2735 tris
582 2675 815 2735 volatui
853 2684 1253 2754 comparatus.
1340 2675 1534 2734 Notus
1584 2675 1753 2734 locus
1793 2674 1962 2734 Iliad.
2010 2698 2057 2749 ε,
2104 2678 2228 2739 778
2262 2675 2350 2737 Αἱ
2392 2672 2461 2738 δὲ
2497 2670 2701 2756 βάτην

441 2754 704 2844 τρήρωσι
738 2757 1046 2825 πελειάσιν
1087 2754 1324 2842 ἴθμαθ’
1368 2759 1596 2843 ὁμοῖαι.
1680 2760 1922 2840 Harpae
1972 2760 2185 2836 etiam,
2232 2780 2383 2839 quae
2418 2780 2497 2820 ex
2521 2762 2704 2841 aqui-

436 2847 634 2906 larum
675 2866 889 2926 genere
930 2856 1055 2921 est,
1098 2846 1369 2907 Minerva
1413 2847 1579 2907 coelo
1615 2846 1981 2906 descendens
2027 2805 2411 2906 assimulatur
2438 2846 2611 2907 Iliad.
2648 2872 2701 2923 τ,

438 2936 583 2997 350.
615 2933 759 3008 351,
804 2941 867 2991 et
895 2932 1210 3012 Neptunus
1250 2931 1592 2998 Calchantis
1631 2931 1846 2992 habitu
1876 2930 2137 2993 Achivos
2186 2932 2265 2990 ad
2294 2953 2555 3013 pugnam
2583 2932 2700 2992 ad-

436 3015 722 3076 hortatus
760 3016 929 3083 Iliad.
977 3041 1034 3094 ν,
1078 3021 1161 3084 62
1199 3039 1327 3097 sqq.
1368 3012 1566 3093 Αυτὸς
1606 3012 1688 3096 δ’,
1750 3012 1893 3092 ωςτ’
1936 3018 2074 3097 ἴρηξ
2125 3010 2479 3098 ὠκύπτερος
2536 3011 2700 3100 ὦρτο

437 3100 729 3165 πέτεσθαι
779 3112 894 3162 etc.
938 3111 997 3161 et
1043 3103 1287 3163 subiicit
1331 3101 1515 3163 Aiax:
1572 3124 1694 3163 non
1734 3102 1837 3164 hic
1871 3102 1988 3163 1“ιιίι
2032 3103 2317 3163 Calchas:
2341 3102 2535 3185 Ἴχνια
2579 3128 2699 3188 γαρ

437 3179 786 3268 μετόπισθε
809 3189 1023 3251 wodan:
1061 3181 1177 3294 qd&
1204 3183 1501 3269 κνημάων
1530 3187 1650 3253 Ῥεῖ
1678 3188 1870 3273 ἔγνων
1897 3182 2183 3289 ἀπιόντος
2210 3188 2353 3267 (levi
2382 3190 2608 3249 scilicet
2633 3199 2699 3249 et

436 3292 725 3354 suspenso
762 3271 1013 3354 gressu).
1060 3275 1384 3354 αρίγνωτοι
1424 3272 1494 3337 δὲ
1534 3277 1677 3339 θεοί
1725 3297 1854 3357 περ.
1959 3273 2102 3334 At
2083 3296 2146 3335 ιιι
2198 3275 2413 3356 Odyss.
2459 3301 2518 3351 α,
2562 3279 2696 3340 820

434 3357 729 3434 Minerva,
778 3379 918 3419 cum
960 3359 1072 3419 sub
1109 3360 1372 3420 Mentae
1388 3379 1648 3442 persona
1683 3359 2020 3421 Telemachi
2074 3361 2341 3421 animum
2387 3361 2696 3437 erexisset,

438 3438 669 3526 απέβη,
717 3439 932 3526 Ὄρνις
962 3439 1025 3507 δ’
1054 3442 1139 3521 ὥς
1179 3438 1446 3510 ἀνόπαια
1484 3446 1783 3522 διέπτατο,
1828 3455 1891 3506 et
1928 3446 2143 3526 Odyss.
2175 3473 2230 3529 y,
2271 3451 2412 3511 371.
2432 3450 2558 3512 872
2587 3466 2697 3505 0⁸-

437 3530 573 3591 dem
600 3530 764 3610 apud
789 3530 1100 3591 Nestorem
1134 3524 1333 3613 ἆιτέβη
1365 3527 1546 3619 Φήνῃ
1574 3531 1890 3614 εἰδομένη·
1935 3529 2183 3613 θάμβος
2218 3526 2282 3595 δ’
2318 3531 2411 3595 ἕλε
2451 3527 2697 3609 πάντας

435 3610 700 3692 ἰδόντας.
785 3617 944 3678 Hinc
975 3626 1038 3677 et
1064 3616 1348 3678 Mercurii
1384 3618 1623 3679 volatus
1669 3637 1851 3698 super
1875 3637 2043 3678 mare
2076 3617 2151 3677 fit
2185 3618 2457 3678 radendo
2504 3621 2696 3680 mari.

434 3701 554 3762 Od.
589 3724 635 3776 ε,
678 3702 782 3767 61.
866 3704 1170 3784 Serpentis
1193 3704 1427 3784 lapsum
1464 3725 1533 3763 ac
1560 3714 1828 3765 tractum
1871 3725 2167 3782 nusquam
2199 3725 2234 3762 a
2263 3705 2454 3784 poetis
2494 3705 2694 3765 Grae·

423 3787 520 3846 'eis
556 3786 683 3847 vidi
727 3787 982 3850 deorum
1023 3791 1279 3851 incessui
1320 3790 1687 3851 assimulari:
1744 3790 1885 3850 vide
1931 3799 2134 3849 tamen
2177 3792 2389 3869 Spenc.
2423 3791 2500 3851 ad
2540 3790 2696 3855 h.1.

434 3867 743 3952 singulare
775 3884 865 3934 est
892 3876 1647 3956 inf.1x,15.19‚quod
1686 3876 1799 3936 Iris
1842 3895 1989 3936 arcu
2027 3884 2087 3934 et
2125 3895 2334 3935 sereno
2365 3876 2536 3937 coelo
2567 3876 2695 3937 dis-

434 3978 663 4019 cessum
695 3980 872 4020 suum
897 3962 1229 4021 mirabilem
1267 3962 1429 4022 facit.

604 4046 757 4105 Cum
818 4046 915 4107 dei
957 4048 1220 4107 discessu
1267 4048 1660 4107 coniunctum
1703 4046 2014 4108 interdum
2054 4047 2204 4107 illud
2225 4091 2244 4123 ,
2318 4057 2392 4106 ut
2446 4059 2694 4128 praeter

432 4140 717 4191 naturam
758 4133 911 4192 mira
960 4132 1156 4211 aliqua
1194 4133 1254 4191 vi
1300 4133 1455 4192 affici
1492 4133 1712 4193 sentiat
1741 4133 1923 4194 modo
1961 4133 2228 4193 animum
2256 4133 2442 4193 modo
2471 4155 2692 4214 corpus

430 4216 512 4292 is,
558 4218 661 4295 qui
689 4236 827 4277 cum
862 4218 975 4279 deo
1005 4217 1411 4279 in-mortalem
1437 4228 1672 4279 mutato
1699 4229 1917 4298 egerat.
2004 4221 2103 4279 Sic
2139 4238 2321 4298 supra
2359 4229 2691 4281 memorato

430 4302 565 4364 loco
601 4302 768 4364 Iliad.
797 4326 852 4379 ν,
898 4308 982 4370 62
1025 4324 1112 4383 sq.
1155 4303 1536 4385 Neptunum,
1580 4305 1682 4384 qui
1733 4305 2074 4366 Calchantis
2111 4324 2434 4385 personam
2472 4307 2692 4368 indue-

430 4398 557 4466 rat,
617 4390 883 4469 agnoscit
935 4388 1091 4450 Aiax
1128 4411 1418 4453 manuum
1447 4391 1790 4473 pedumque
1837 4391 2080 4453 insolito
2105 4391 2310 4470 vigore
2349 4392 2695 4474 viriumque
