2882 5028
607 331 1229 410 AENEIDOS
1284 331 1506 409 LIB.
1562 332 1661 428 11,
1718 335 2161 411 650—664

235 524 491 596 Mene
533 517 833 596 efferre
863 519 1205 621 pedem,
1256 518 1611 618 genitor,
1651 531 1732 594 te
1760 541 1997 619 posse
2026 517 2310 594 relicto

241 624 661 723 sperasti?
712 635 1188 725 tantumque
1218 620 1444 699 nefas
1476 624 1731 723 patrio
1774 621 2061 697 excidit
2091 631 2284 700 ore?

241 728 336 801 Si
373 724 577 800 nihil
616 750 711 802 ex
740 738 952 802 tanta
984 728 1311 827 Superis
1336 725 1596 827 placet
1620 726 1824 802 urbe
1855 725 2061 802 relin
2179 725 2227 822 i,

236 834 354 907 Et
407 827 646 906 sedet
708 828 867 906 hoc
934 832 1239 927 animo,
1323 830 1893 933 perituraeque
1949 751 2247 907 adffssre
2309 832 2516 905 Tro-

1429 932 1550 1010 iae
2360 941 2516 1013 660

244 1040 542 1137 Teque
576 1048 924 1137 tuosque
956 1037 1202 1115 iuvat:
1255 1048 1476 1137 patet
1510 1035 1632 1111 isti
1662 1035 1890 1111 ianua
1917 1034 2123 1131 let03

239 1142 592 1240 Iamque
640 1138 895 1215 aderit
935 1140 1196 1216 multo
1232 1140 1526 1216 Priami
1580 1139 1684 1216 de
1726 1140 2108 1238 sanguine
2143 1135 2514 1236 Pyrrhus,

243 1246 608 1321 Gnatum
644 1256 828 1320 ante
875 1268 1015 1322 ora
1061 1243 1342 1346 patriS,
1398 1257 1713 1346 patrem
1764 1245 1904 1345 qui
1948 1243 2370 1320 obtruncat
2412 1241 2514 1319 ad

241 1452 427 1525 Hoc
457 1461 653 1547 erat,
703 1447 907 1525 alma
932 1473 1245 1551 parem,
1300 1371 1689 1552 qugflaine
1718 1474 1871 1552 per
1897 1448 2082 1548 tela,
2131 1472 2283 1550 per
2309 1446 2512 1545 ignis

349 1595 531 1669 663.
582 1591 885 1664 Nmm

312 1777 425 1832 657
464 1777 633 1828 Mene
648 1773 810 1847 ferte
832 1773 1035 1828 zulich.
1065 1784 1123 1826 et
1161 1794 1245 1848 ΡΥ.
1287 1776 1540 1831 Rottend.
1612 1788 1668 1829 et
1690 1773 1857 1846 serre
1889 1772 2085 1826 Medic.
2099 1813 2116 1841 ,
2148 1775 2294 1844 quod
2327 1783 2382 1826 et
2411 1775 2512 1827 ad-

240 1843 467 1916 sta-ipsit
497 1845 818 1915 Pomponius
842 1846 965 1897 Sab.
1104 1847 1209 1900 659
1258 1865 1326 1898 ex
1355 1859 1478 1899 tota
1509 1846 1730 1899 Ondart.
1768 1863 1800 1897 a
1825 1862 1897 1896 m.
1926 1862 2030 1897 sec.
2100 1844 2207 1901 660
2230 1846 2515 1916 periturae

236 1928 304 1968 se
337 1915 556 1967 addere
586 1932 668 1983 ΡΥ.
695 1916 893 1967 Moret.
944 1943 947 1946 >
1035 1914 1136 1969 661
1173 1918 1252 1966 Te
1310 1934 1505 1998 unque,
1556 1934 1770 1986 nosque
1804 1916 1966 1966 iuvat
1999 1914 2190 1966 Donat.
2212 1914 2406 1982 legisse
2428 1914 2513 1966 vi-

239 1985 424 2037 detur.
496 1985 656 2036 iuvet
679 2003 762 2054 pr.
791 1984 1041 2036 Rottend.
1101 1986 1229 2037 istie
1254 1935 1470 2053 pqunmi
1493 1985 1652 2040 codd.
1682 2003 1712 2036 a
1753 1984 1821 2036 nd
1848 1984 1985 2036 Pier.
2015 1994 2072 2036 et
2094 1986 2371 2036 Burmann.
2397 2001 2513 2036 cum

243 2055 388 2106 binis
419 2053 592 2105 Goth.
626 2063 684 2105 et
711 2053 795 2106 ed.
826 2053 1048 2105 Mediol.
1117 2054 1234 2106 illic
1267 2055 1353 2107 ed.
1391 2057 1529 2108 Ven.
1810 2054 2060 2135 Namque
2077 2053 2338 2106 Montalb.
2403 2055 2513 2106 ad-

242 2138 372 2177 ema
411 2122 619 2176 anich.
688 2125 904 2176 Priami
943 2123 1117 2176 multo
1165 2123 1322 2175 Leid.
1357 2135 1411 2176 et
1453 2122 1616 2179 Witt.
1651 2133 1707 2177 et
1745 2123 1974 2175 Pieriam
2012 2123 2267 2176 nonnulli.
2337 2123 2513 2175 multo

246 2193 563 2245 maculatus
610 2195 890 2263 sanguine
926 2193 1062 2245 Ven.
1212 2194 1319 2249 663
1363 2206 1598 2265 gnatum
1651 2194 1818 2264 (qnod
1856 2193 2128 2257 revocavi5
2185 2193 2292 2246 vid.
2331 2196 2396 2257 Q.
2442 2195 2512 2247 V.

245 2263 561 2326 XXXVIII,
597 2265 649 2319 1.
690 2262 835 2328 Wt.)
870 2262 1107 2314 scribunt
1125 2261 1338 2331 plurimi
1367 2281 1453 2332 ap.
1480 2263 1619 2317 Pier.
1643 2273 1700 2315 et
1729 2263 1912 2315 Heius.
1940 2271 1996 2314 et
2024 2281 2148 2315 mox
2167 2275 2511 2336 patremque.

251 2332 417 2400 (quod
438 2332 604 2384 nolim
632 2349 664 2382 a
687 2330 872 2383 Iahnio
899 2332 1174 2402 praeferri.
1235 2332 1324 2385 Sic
1349 2332 1613 2384 interdum
1641 2334 1738 2404 qui
1767 2333 1825 2384 in
1845 2351 1951 2414 que
1980 2341 2255 2397 mutatum,
2290 2332 2380 2383 nbi
2404 2332 2511 2384 dno

251 2401 488 2468 nomina,
526 2411 587 2452 ut
609 2400 666 2452 h.
695 2400 734 2452 l.
761 2414 996 2471 gnatum
1027 2411 1084 2452 et
1100 2414 1348 2474 patrem,
1381 2402 1529 2471 iungi
1553 2402 1785 2455 librariis
1820 2402 2160 2464 videbant-m
2195 2412 2256 2453 ut
2282 2419 2440 2470 supra
2471 2402 2510 2467 1,

247 2472 402 2527 loa:
435 2476 610 2537 „Saxa
641 2481 834 2523 vocant
858 2470 1012 2536 Itali,
1046 2488 1132 2523 me
1157 2471 1258 2523 diis
1285 2488 1419 2542 quae
1460 2472 1515 2525 in
1545 2471 1817 2538 fluctibns,
1863 2475 2072 2536 Aras;“
2123 2472 2216 2525 nbi
2246 2470 2302 2524 in
2333 2470 2510 2524 multis

242 2541 406 2595 codd.
435 2552 519 2593 est
554 2542 880 2611 mediisque,
930 2542 1000 2593 ob
1031 2559 1173 2593 saxa
1193 2578 1268 2595 ...
1304 2547 1474 2595 Arae.
1515 2543 1658 2612 Wr.)
1717 2544 1814 2613 qui
1841 2539 2129 2595 obtruncet
2148 2542 2512 2594 Maronianum

236 2628 384 2675 esse,
414 2620 566 2663 notat
587 2610 771 2662 Heius.
804 2619 860 2661 et
887 2610 990 2663 hoe
1017 2610 1237 2662 exhibet
1263 2613 1481 2667 Mentel.
1505 2631 1588 2682 pr.
1617 2632 1652 2665 a
1682 2630 1753 2664 m.
1780 2629 1864 2682 pr.
1919 2610 2078 2663 facile
2115 2621 2292 2664 tamen
2318 2628 2383 2663 eo
2414 2629 2510 2664 ca-

234 2699 364 2733 rere
387 2697 694 2749 possumus:
730 2697 847 2732 cum
868 2680 998 2732 alibi
1023 2690 1263 2732 notatum
1288 2681 1390 2732 iam
1422 2682 1524 2745 sit,
1570 2692 1784 2764 poetam
1809 2680 1950 2733 hanc
1979 2689 2086 2732 tem
2126 2698 2275 2732 orum
2307 2690 2362 2731 et
2389 2697 2510 2731 mo-

234 2751 432 2803 dorum
457 2749 807 2801 subtilitatem
835 2749 1078 2802 Ciceroni
1102 2749 1235 2801 relin
1276 2768 1418 2803 nere.
1483 2752 1662 2816 Quid?
1697 2750 1842 2820 quod
1869 2759 1925 2802 et
1949 2750 2053 2803 vim
2124 2750 2249 2801 abet
2275 2748 2510 2801 obtrun-

234 2833 349 2883 cat,
387 2819 480 2888 qui
508 2818 649 2870 solet
673 2819 1004 2871 obtruncare.
1077 2820 1196 2901 (qui
1221 2769 1510 2873 effictum-et
1537 2831 1594 2872 et
1638 2823 1734 2891 qui
1773 2818 2067 2871 obtruncat
2094 2819 2313 2870 multum
2342 2817 2510 2870 diffe-

237 2900 394 2952 runt,
425 2905 598 2958 neque
638 2887 856 2939 alterum
896 2889 1262 2940 Maromanum
1297 2900 1409 2957 est,
1471 2891 1695 2943 alterum
1734 2887 2156 2950 Ciceronianum3
2200 2904 2373 2957 neque
2410 2885 2510 2939 ob—

238 2970 479 3010 truncat
519 2957 688 3010 valet:
759 2958 1184 3010 obtruncare
1236 2959 1465 3024 solet3
1528 2960 1634 3013 vid.
1684 2960 1817 3012 Not.
1851 2958 1921 3010 ad
1958 2962 2089 3009 Aen.
2132 2959 2185 3022 1,
2229 2959 2319 3012 99.
2361 2956 2507 3025 Wr.)

239 3027 351 3084 664
390 3030 574 3080 Haece
602 3028 794 3079 Mox-et.
821 3045 900 3096 pr.
931 3037 987 3078 et
1010 3036 1135 3079 tert.
1165 3044 1196 3078 a
1219 3046 1285 3080 m.
1314 3046 1421 3082 sec.
1490 3032 1562 3081 At
1586 3029 1712 3081 olim
1736 3027 1932 3079 lectum
1956 3027 2119 3079 fnisse
2145 3027 2279 3080 hoec
2303 3035 2510 3079 testan-

239 3106 330 3148 tur
361 3096 732 3161 Grammatici,
780 3095 1073 3148 Priscianus
1104 3095 1300 3167 aliique
1341 3118 1426 3169 ap.
1457 3100 1596 3152 Pier.
1629 3108 1685 3150 et
1725 3096 1926 3162 Heius„
1977 3096 2122 3166 quod
2158 3105 2218 3148 et
2256 3095 2510 3148 exhibent

240 3166 506 3220 Montalb.
531 3166 695 3221 Witt.
725 3177 777 3218 et
807 3167 895 3225 eda
916 3166 1134 3219 Mediol.
1184 3167 1412 3234 (videtur
1451 3169 1556 3221 hoc
1595 3186 1711 3221 esse
1745 3167 2013 3219 inventum
2041 3164 2509 3219 Grammaticorum

245 3235 314 3288 de
338 3247 510 3289 metro
539 3234 915 3297 sollicitorum3
950 3235 1058 3288 vid.
1085 3252 1221 3289 nunc
1257 3237 1413 3289 etiam
1455 3243 1669 3293 smten.
1710 3237 1781 3290 ad
1821 3238 2040 3291 Terent.
2079 3237 2247 3289 Maur.
2289 3254 2343 3305 Ρ.
2381 3236 2506 3292 253.

244 3323 363 3376 sqq.
398 3306 539 3357 adde
574 3306 640 3358 V.
670 3306 732 3357 L.
765 3305 833 3356 ad
859 3304 969 3358 Ecl.
992 3306 1082 3371 111,
1120 3306 1173 3360 5.
1209 3309 1341 3358 Aen.
1369 3309 1464 3376 IV,
1495 3309 1583 3363 22.
1616 3309 1714 3372 xl,
1748 3308 1834 3362 16.
1905 3309 2029 3359 Hoc
2059 3305 2222 3358 breve
2253 3322 2370 3357 esse
2396 3305 2509 3359 vult

247 3375 411 3427 etiam
438 3377 664 3445 Interpr.
692 3380 754 3427 A.
780 3375 908 3428 Maii
936 3374 1006 3428 ad
1033 3375 1088 3428 h.
1114 3375 1152 3429 1.
1193 3378 1278 3430 W
1274 3377 1344 3444 r.)
1409 3396 1518 3450 per
1551 3378 1740 3430 hostes
1768 3378 1902 3430 ναι.
1930 3385 1988 3427 et
2008 3375 2250 3429 Parthas.

250 3515 392 3575 lutis
428 3515 532 3577 via
581 3525 645 3575 et
681 3515 843 3576 ratio
887 3524 1227 3596 supererat,
1284 3517 1337 3575 si
1422 3518 1551 3578 neri
1580 3517 1821 3596 poterit.
1906 3514 2132 3577 Similia
2160 3516 2293 3576 loca
2321 3535 2386 3579 v.
2409 3536 2504 3597 ap.

248 3610 418 3682 pater
458 3603 631 3682 fugae
672 3621 870 3661 comes
916 3621 1041 3662 esse
1075 3603 1336 3663 nolebat.
1420 3603 1693 3665 Cerdam.
1779 3601 1945 3663 Idem
1994 3601 2162 3681 quod
2200 3601 2326 3668 645
2376 3604 2506 3680 ipse

331 3689 455 3755 667
488 3707 617 3767 sqq.
665 3687 767 3748 Ad
824 3697 1058 3767 patrem
1099 3686 1335 3748 Anchi·
1415 3711 1609 3749 manu
1661 3701 1908 3747 mortem
1956 3690 2285 3748 baveniam.
2355 3681 2506 3770 (sed

240 3792 348 3833 sen
400 3792 732 3835 conversus
777 3771 929 3834 haec
966 3774 1134 3834 dicit.
1220 3773 1333 3834 Δί’-
1419 3775 1547 3837 vid.
1601 3774 1675 3838 V.
1729 3775 1796 3834 L.
1851 3774 1932 3834 ad
1979 3793 2070 3834 vs.
2121 3771 2267 3839 646.
2331 3769 2500 3854 Wr.)

239 3860 435 3920 fectus
503 3867 655 3920 nota
711 3859 1006 3940 impetum
1024 3904 1043 3936 ,
1123 3860 1334 3940 pulcre
1418 3865 1567 3926 662.
1615 3863 1760 3924 668.
1816 3859 2061 3919 Refellit
2094 3859 2208 3918 ista
2259 3878 2316 3920 v.
2356 3859 2503 3924 645.

2367 338 2518 414 359
2599 345 2604 350 ’

240 3965 592 4027 expressum
643 3945 919 4026 abruptis
968 3946 1151 4005 etiam
1189 3966 1333 4006 sen-

236 4032 458 4092 tentiis.
547 4044 787 4091 tantum
825 4033 1002 4109 nefas
1021 4076 1040 4108 ,
1083 4043 1158 4092 ut
1191 4052 1334 4092 sua-

235 4118 411 4178 deret
454 4138 589 4178 rem
631 4125 762 4176 tam
787 4118 1096 4181 nefariam.
1184 4120 1330 4182 661.

221 4218 397 4284 patet
433 4208 545 4264 ἰειι·
581 4206 781 4263 ianua
816 4205 965 4279 leto,
1029 4204 1109 4263 ad
1151 4203 1333 4263 talem

232 4300 490 4351 mortem
555 4289 635 4349 ab
697 4287 872 4348 hoste
926 4288 1329 4369 accipiendam

231 4377 328 4440 via
367 4385 581 4460 patet5
624 4393 712 4435 ea
760 4396 925 4437 mors
966 4376 1139 4437 facile
1166 4374 1331 4438 obti-

1418 3945 1546 4012 646
1573 3945 1940 4005 miserebitur
1974 3945 2161 4004 hostis
2194 3953 2308 4004 etc.
2336 3944 2503 4002 mul-

1416 4046 1479 4091 to
1507 4032 1580 4090 de
1606 4034 1926 4111 sanguine,
1964 4051 2102 4091 cum
2130 4030 2356 4090 dilectu
2384 4049 2504 4110 po-

1416 4118 1601 4177 situm
1644 4116 1958 4197 epitheton
1975 4162 1994 4194 ,
2064 4116 2242 4195 quem
2290 4115 2504 4176 effudit

1415 4204 1544 4263 sine
1579 4204 1744 4263 omni
1783 4204 1939 4264 senis
1978 4201 2390 4277 miseratione,
2438 4209 2502 4261 et

1416 4293 1545 4357 663
1595 4289 1842 4370 respicit
1899 4310 2031 4370 sup.
2080 4309 2144 4350 v.
2191 4289 2318 4353 629
2369 4305 2498 4365 sqq.

1416 4373 1514 4459 (ln
1550 4395 1667 4438 vss.
1697 4374 1826 4445 664
1845 4411 1917 4423 —
1943 4380 2045 4442 67.
2085 4373 2347 4456 primum
2380 4391 2498 4433 no·-
