2882 5028
660 394 1277 472 AENEIDos
1330 395 1546 473 Lm.
1596 395 1729 492 1v,
1777 403 2206 477 soa—319
2295 505 2306 515 -

2413 402 2566 478 645

310 579 738 658 Crudelis?
844 580 1106 676 Quid?
1170 582 1428 656 sinon
1465 604 1642 656 arva
1673 580 1924 672 aliena
1949 580 2399 685 domosque

303 687 629 782 Ignotas
652 696 1004 784 peteme,
1060 697 1138 760 et
1170 685 1408 759 Troia
1447 683 1763 784 antiqua
1801 699 2185 780 maneret,

309 787 557 863 Troia
598 810 749 965 fer
774 786 1179 864 undosum
1210 799 1621 887 peteretur
1651 786 2021 864 classibus
2061 799 2406 891 aequor?

304 897 554 969 Mene

637 891 860 989 ugis?
960 895 1120 967 Per
1172 913 1323 989 ego
1379 890 1521 966 has
1573 889 1927 966 lacrimas
1953 951 1973 989 ,
2045 890 2558 995 dextramque

1478 1005 1695 1068 tuam
1733 1006 1839 1091 te,

308 1095 693 1194 (Quando
752 1094 967 1174 aliud
1034 1095 1233 1171 mihi
1287 1095 1446 1173 iam
1498 1097 1836 1174 miserae
1901 1095 2100 1172 nihil
2152 1097 2318 1199 ipsa
2373 1097 2558 1175 reli-

1480 1201 1652 1300 qui)
2403 1207 2557 1284 315

303 1305 466 1381 Per
497 1300 893 1377 connubia
919 1314 1228 1399 nostra,
1279 1325 1429 1402 per
1456 1302 1815 1404 inceptos
1844 1300 2354 1402 hymenanS,

306 1407 390 1481 Si
426 1404 640 1481 bene
669 1403 864 1506 quid
898 1404 1002 1480 de
1032 1418 1112 1481 te
1141 1405 1444 1497 merui,
1495 1402 1648 1481 suit
1678 1418 1811 1481 aut
1841 1405 1983 1481 tibi
2016 1405 2451 1508 quidquam

297 1507 559 1586 Dulce
589 1532 902 1585 meum:
953 1508 1337 1584 miserere
1364 1507 1654 1584 domus
1689 1507 2063 1606 labentis,
2118 1523 2199 1588 et
2219 1510 2471 1608 istam,

302 1614 517 1709 Oro,
568 1613 633 1687 si
666 1612 841 1713 quis
870 1610 1130 1687 adhuc
1159 1610 1528 1713 precibus
1555 1610 1813 1708 locuS‚
1867 1637 2063 1692 exue
2094 1626 2475 1693 mentem.

407 1760 582 1832 313.
621 1757 986 1840 Amnon!

442 1974 541 2028 311
580 1990 740 2024 arma
773 1972 937 2025 Goth.
963 1990 1068 2026 aec.
1095 1990 1130 2025 a
1158 1991 1226 2024 m.

1296 1991 1337 2025 ι·.
1382 1975 1451 2027 cf.
1480 1974 1551 2027 ad
1578 1976 1621 2038 1,
1656 1974 1777 2029 550.
1847 1975 2076 2044 domuaq

291 2045 407 2098 312
440 2045 492 2094 ci
529 2045 697 2094 Troia
728 2042 890 2094 Goth.
913 2052 1057 2106 tert„
1104 2041 1232 2094 satis
1300 2061 1414 2096 ene.
1463 2046 1570 2113 (eet
1598 2047 1647 2098 1.
1688 2044 1834 2104 Wr.)

1193 1757 1365 1830 316.
1416 1752 1910 1826 Hmnuos

2079 1993 2147 2025 ue
2180 1971 2381 2042 aliquot
2415 1974 2549 2025 Pier.

1973 2043 2079 2098 314
2114 2055 2370 2113 tuamque
2401 2042 2552 2095 multi

291 2113 443 2190 apud
464 2113 637 2164 Burm-
674 2112 771 2163 sed
795 2110 937 2163 haud
962 2111 1121 2163 dubie
1147 2111 1356 2164 vitiose·
1427 2126 1484 2166 te
1509 2113 1796 2181 Aproniani
1820 2112 2101 2165 lectionem
2130 2130 2264 2177 etse,
2297 2115 2548 2182 Pompon.

287 2182 422 2235 Sub.
440 2181 662 2233 monuit.
800 2182 908 2237 315
944 2181 1184 2251 relinqui
1203 2183 1388 2235 Frauc.

291 2250 347 2303 ei
379 2251 665 2321 praeponit
690 2248 940 2304 alterum:
974 2253 1087 2302 Per
1114 2251 1387 2304 connubia
1413 2270 1472 2304 n.

285 2440 464 2523 quod
517 2461 627 2524 per
669 2435 970 2501 adiectum
1019 2440 1377 2502 declaratur.

284 2529 489 2589 Tacit.
523 2529 680 2588 Ann.
709 2529 754 2605 1,
780 2533 911 2592 7o.:
949 2527 1137 2586 sidere
1167 2530 1380 2608 aequi-

283 2617 499 2675 noctii.
533 2617 636 2676 W
628 2613 725 2673 ch.
767 2612 891 2673 vid.
918 2612 1106 2675 eiusd.
1134 2613 1274 2676 Not.
1300 2613 1379 2673 ad

284 2700 401 2760 Ge.
445 2699 553 2774 lv,
598 2697 743 2765 284.
823 2699 987 2759 Infra
1027 2698 1148 2774 xl,
1205 2697 1379 2763 259.:

282 2786 511 2863 „triete
537 2784 844 2844 Minervae
874 2783 1099 2858 sidu⁸‚“
1142 2791 1379 2862 tempe-

283 2880 417 2931 stae
446 2891 482 2930 a
508 2869 782 2930 Minerva
812 2870 1020 2948 iniquo
1051 2866 1192 2927 an'ni
1221 2878 1378 2928 tem·-

277 2976 439 3039 pore
468 2958 748 3017 excitata.
799 2957 976 3033 Wr.)

371 3045 763 3108 311—318.
818 3040 1005 3119 Atqui
1031 3037 1181 3113 hoc,
1225 3040 1377 3099 mari

279 3127 569 3208 procellis
613 3127 864 3187 turbato
914 3125 1231 3204 navigare,
1300 3143 1377 3184 ne

275 3223 425 3273 tum
467 3212 707 3291 quidem
746 3213 1000 3287 faceres,
1060 3210 1110 3269 si
1144 3208 1381 3271 reditus

274 3298 348 3359 in
372 3299 635 3380 patriam
666 3306 913 3378 pateret.

369 3385 522 3450 315.
577 3384 757 3443 aliud
790 3383 980 3458 nihil,
1041 3380 1166 3441 scil.
1209 3380 1374 3460 quod

278 3487 532 3550 sperare
593 3469 668 3529 de
717 3489 813 3528 me
872 3468 1080 3547 possis.
1183 3464 1376 3547 (Haec

278 3554 613 3634 explicatio
661 3562 789 3614 tum
834 3554 1076 3612 demum
1132 3551 1372 3612 admitti

273 3660 456 3722 ponae
485 3639 634 3700 mihi
661 3639 990 3714 videretur,
1031 3637 1083 3697 si
1109 3635 1211 3697 hic
1229 3656 1374 3698 ver-

274 3746 384 3786 sun
434 3726 714 3806 proximo
765 3723 1150 3806 postpositus
1198 3732 1369 3783 esset.

273 3811 385 3871 Sic
414 3822 617 3871 autem
643 3811 970 3872 collocatus
994 3807 1161 3868 hunc
1187 3827 1368 3887 prae-

270 3898 386 3956 bet
436 3916 704 3957 sensum:
792 3893 1056 3980 Quapdo
1111 3894 1233 3953 iam
1293 3913 1365 3953 eo

276 3983 531 4044 redacta
575 4003 740 4058 eum,
793 3991 898 4056 ut,
954 3977 1102 4058 quid
1147 3978 1363 4038 faciam

278 4069 470 4147 aliud,
521 4088 704 4147 quam
732 4076 806 4127 ut
830 4066 1088 4127 lacrimis
1117 4072 1181 4123 et
1221 4083 1366 4144 pre-

271 4154 446 4214 cibun
483 4162 548 4213 te
589 4154 883 4227 obtester,
941 4171 1064 4210 non
1095 4147 1364 4210 habeam.

277 4237 460 4321 Wr.)
534 4239 904 4319 Compei-ant
929 4234 1139 4315 Eurip.
1164 4234 1364 4294 locum

268 4324 363 4405 (in
386 4324 580 4407 Iphig.
623 4325 694 4383 in
725 4322 858 4383 Aul.
893 4326 1017 4388 909
1059 4320 1174 4401 eq.)
1214 4318 1361 4380 Hec.

266 4414 396 4479 818
435 4430 527 4491 oq.
572 4418 636 4471 et
678 4429 743 4473 v,
785 4412 912 4476 316
958 4426 1047 4487 sq.
1090 4403 1260 4467 Iliad.
1303 4428 1358 4483 o,

1459 2184 1657 2234 Versus
1703 2183 1884 2235 deerat
1927 2182 2187 2244 Parthae„
2236 2191 2293 2233 at
2318 2184 2549 2234 Venetus

1608 2253 1715 2308 316
1746 2254 2097 2325 incepto-sque
2131 2250 2335 2321 aliquot
2375 2253 2548 2305 Burm-

1464 2447 1566 2508 39.
1651 2444 1875 2522 incepti
1921 2444 2268 2522 Hymenaei
2308 2463 2367 2502 v.
2421 2446 2546 2508 316

1465 2537 1612 2588 eunt
1633 2538 1923 2604 recentes,
1965 2527 2113 2588 nihil
2143 2528 2326 2604 aliud,
2357 2528 2542 2589 adeo-

1467 2634 1583 2694 que
1631 2615 1762 2695 ipaa
1824 2613 2095 2673 novitate
2151 2613 2384 2689 dulces,
2477 2622 2546 2673 ut

1467 2702 1636 2760 Serv.
1698 2697 1857 2780 (Non
1894 2699 1985 2758 bis
2023 2699 2184 2758 idem
2230 2698 2405 2775 dicit,
2473 2707 2547 2759 ut

1463 2785 1773 2845 contendit
1826 2784 2087 2844 Servius.
2186 2783 2317 2842 Non
2385 2783 2544 2843 enim

1461 2871 1587 2930 eine
1610 2871 1987 2949 virepetitur
2004 2891 2138 2948 per.
2193 2868 2398 2943 Quum
2428 2889 2541 2928 au-

1460 2965 1583 3015 tem
1609 2956 1820 3015 similia
1847 2954 1909 3015 h.
1933 2956 1974 3016 l.
2003 2955 2412 3035 proferantur,
2449 2954 2542 3013 al-

1459 3030 1671 3101 terum*
1700 3040 1881 3100 debet
1908 3059 2030 3099 esse
2051 3040 2291 3120 gratius
2323 3041 2539 3120 priore.

1463 3128 1540 3187 Et
1572 3125 1967 3190 connubia
2000 3124 2540 3185 h.l.surtivumin-

1465 3212 1669 3272 dicant
1713 3230 1977 3271 amorem
2010 3220 2072 3271 et
2099 3212 2265 3289 quasi
2295 3212 2538 3292 praelu-

1462 3297 1688 3358 sionem
1719 3296 2223 3377 hymenaeorum‚
2266 3297 2305 3357 i.
2345 3317 2395 3357 e.
2437 3297 2537 3357 iu-

1459 3384 1537 3443 sti
1580 3383 1836 3463 coniugii
1876 3403 2019 3441 mox
2058 3381 2326 3459 ineundi,
2367 3383 2537 3442 ince—

1456 3470 1547 3549 pti
1581 3469 1795 3548 igitur,
1837 3468 2112 3528 nondum
2153 3468 2304 3527 initi.
2356 3466 2534 3551 Wr.)

1457 3558 1602 3620 317.
1641 3566 1752 3613 aut
1791 3556 1848 3612 εἰ
1885 3553 1997 3612 tibi
2013 3554 2153 3632 fuit
2197 3557 2521 3634 quicquam

1456 3640 1629 3698 diclce
1671 3659 1706 3698 a
1749 3658 1844 3697 me
1890 3639 2261 3719 profectum,
2310 3659 2387 3698 ex
2418 3660 2533 3716 me,

1456 3727 1781 3804 quicquam
1817 3744 2037 3783 meum.
2108 3723 2326 3782 Similis
2366 3723 2535 3785 locus

1451 3809 1639 3870 Pinda
1679 3809 1692 3823 ⁸
1781 3810 1818 3869 l.
1851 3808 1897 3884 1,
1926 3813 2066 3874 121.
2097 3808 2157 3871 εἴ
2178 3831 2235 3871 τι
2267 3808 2328 3884 ἐς
2354 3804 2533 3894 χάριν

1450 3894 1683 3959 τέλλεται
1713 3937 1728 3954 .
1773 3895 1950 3971 (iufra
1980 3893 2113 3969 ΧΠ,
2161 3896 2339 3959 882:
2382 3904 2532 3971 „aut

1449 3980 1774 4060 quidquam
1818 3978 1967 4040 mihi
2026 3977 2201 4038 dulce
2254 3999 2528 4041 meorum

1452 4067 1536 4126 Te
1559 4067 1702 4141 sine,
1736 4067 1943 4141 stater,
1986 4065 2198 4125 erit⁰2“
2246 4065 2298 4124 Τ
2299 4084 2527 4125 ecmes-

1449 4171 1515 4210 οι
1544 4151 1624 4211 ad
1643 4150 1882 4211 Aiacem
1905 4150 2070 4231 apud
2084 4147 2361 4230 Sophocl.
2378 4152 2525 4215 516.

1448 4257 1535 4317 eq.
1562 4236 1656 4297 ed.
1680 4237 1912 4297 Herm:
1953 4229 2172 4317 „oivdpl
2201 4258 2296 4297 τοι
2330 4230 2525 4315 χρεών

1446 4315 1700 4404 μνήμην
1755 4326 2095 4405 προςεῖναι,
2182 4314 2522 4401 τερπνὸν

1447 4406 1523 4471 εἴ
1586 4409 1657 4472 τί
1723 4430 1873 4471 που
1935 4401 2262 4469 adeam
2339 4400 2520 4487 Wr.)
