2882 5028
516 397 674 472 236.
1095 391 2197 467 EXCURSUSJX

992 657 2030 748 EXCURSUS
2136 660 2292 745 IX

1271 794 1545 860 «Belli
1638 807 1972 883 portae.

686 916 741 989 l,
787 920 907 981 291
929 920 1175 981 -296.
1262 919 1504 995 Aspera
1555 929 1685 975 uun
1735 919 1951 993 positis
1995 919 2293 973 nacescem
2335 916 2607 979 saecu-la
2670 915 2799 972 bec-

515 1002 612 1059 lis.
709 1002 882 1060 Cana
926 1003 1110 1062 Fides
1132 1048 1149 1076 ,
1201 1016 1252 1061 et
1305 1004 1496 1063 Vesta
1509 1047 1526 1078 ,
1575 1005 1768 1061 Remo
1810 1023 1950 1060 cum
1973 1002 2176 1080 fram
2227 1002 2527 1077 Quirinus
2551 1045 2575 1075 ,
2648 1003 2799 1059 lum

514 1083 743 1145 dabunt
763 1110 783 1145 .·
839 1082 1010 1147 dirae
1031 1087 1206 1166 serm
1266 1100 1321 1146 et
1362 1088 1741 1166 conpagibus
1787 1091 1937 1145 anie
1985 1086 2354 1146 claudentur
2408 1086 2606 1143 Belli
2643 1108 2797 1164 por*

514 1183 632 1230 tae.
725 1174 921 1231 Furor
958 1175 1159 1251 inpius
1220 1177 1379 1232 inme
1437 1174 1639 1232 Saeva
1691 1173 1897 1232 sedens
1938 1194 2117 1250 super
2171 1193 2346 1230 arma
2364 1216 2381 1247 ,
2432 1183 2494 1228 et
2542 1184 2796 1229 centum

513 1259 746 1316 vinctus
805 1261 974 1317 aenis
1016 1261 1162 1317 Post
1217 1271 1453 1337 tergum
1500 1259 1675 1317 nodis
1689 1303 1707 1334 ,
1753 1258 1982 1335 fremet
2029 1257 2305 1316 hon-idus
2347 1278 2458 1315 *ore
2503 1270 2789 1315 cruento.

512 1341 1036 1420 Splendidissimus
1094 1344 1264 1404 locus
1313 1354 1376 1403 et
1433 1343 1576 1404 Iove
1633 1344 2002 1404 vaticinante
2063 1343 2292 1423 dignus.
2389 1341 2624 1400 Fidem
2692 1344 2793 1415 ait,

511 1428 822 1507 religiones
862 1430 1088 1509 patrias
1132 1440 1195 1489 et
1236 1430 1620 1489 concordiam
1663 1429 1901 1488 abolitis
1945 1429 2116 1487 bellis
2171 1448 2242 1486 ac
2283 1428 2623 1487 discordiis
2670 1448 2793 1486 esse

510 1524 884 1593 regnaturas.
991 1516 1227 1575 Mutata
1273 1512 1431 1574 *haec
1486 1516 1547 1574 in
1591 1536 1902 1594 personas,
1960 1524 2021 1574 et
2073 1513 2314 1592 quidem
2386 1514 2545 1573 deos
2610 1513 2792 1573 deas-

510 1619 659 1677 que:
713 1602 964 1677 Fidem,
1035 1604 1317 1676 Vestam,
1376 1613 1634 1679 patrem'
1693 1604 2030 1679 Quie'inum.
2137 1600 2320 1658 Fides
2371 1621 2548 1665 caua
2572 1646 2593 1675 ,
2647 1600 2792 1679 quia

512 1686 655 1745 alias
693 1689 924 1765 pn'sca,
972 1684 1250 1767 antiqua,
1297 1687 1479 1750 dicta.
1576 1688 1784 1761 Vesta,
1833 1686 2053 1766 quippe
2095 1685 2374 1744 Romanis
2416 1684 2644 1765 patria
2686 1706 2791 1743 ea-

509 1792 625 1849 que
674 1772 1089 1851 antiquissima
1142 1773 1451 1852 religione=
1474 1774 1639 1832 culta
1685 1793 1822 1831 cum
1876 1773 2019 1852 ipsis
2069 1771 2421 1846 Penatibus,
2490 1773 2580 1831 cf.
2640 1772 2789 1832 Aen.

508 1858 596 1932 11,
637 1863 799 1934 296,
859 1866 920 1917 et
957 1858 1192 1938 imperii
1234 1877 1502 1938 praeses,
1559 1859 1625 1918 in
1668 1858 1837 1918 cuius
1891 1857 2036 1917 aede
2079 1856 2227 1936 ignis
2270 1875 2435 1915 sacer
2480 1859 2789 1917 servaba-

510 1950 634 2005 tur.
722 1941 830 2023 (Ut
865 1944 1171 2025 pudicitia
1214 1964 1321 2024 per
1364 1965 1495 2004 eam
1540 1945 1915 2024 designetur,
1962 1945 2233 2002 Romano
2277 1941 2566 2020 equidem
2614 1964 2787 2004 more

508 2027 638 2087 fieri
694 2049 867 2108 posse
908 2051 1036 2088 non
1090 2028 1402 2114 arbitror.)
1492 2030 1678 2105 Quod
1737 2039 1938 2090 autem
2002 2030 2325 2106 Quirimsm
2379 2049 2532 2086 eum
2569 2030 2786 2108 fram

511 2116 702 2173 Remo
763 2134 928 2175 nunc-
981 2118 1119 2174 ium
1160 2117 1341 2193 dare,
1403 2115 1465 2177 h.
1511 2137 1560 2176 e.
1615 2135 1899 2195 regnare,
1958 2114 2208 2194 imperio
2254 2115 2537 2172 Romano
2593 2137 2779 2195 prae-

510 2218 667 2275 esse,
721 2219 849 2259 rem
893 2202 1246 2261 Romanam'
1268 2202 1459 2277 tueri,
1518 2204 1636 2278 ait,
1695 2202 1762 2261 iu
1814 2201 1911 2261 his
1954 2199 2338 2260 concordiam
2382 2200 2648 2278 quidem
2694 2203 2783 2261 ci-

509 2286 677 2345 vium
733 2287 905 2345 innui
964 2307 1165 2368 posse,
1209 2289 1557 2348 Burmanno
1601 2308 1725 2347 non
1769 2287 2146 2366 refragabor,
2190 2294 2260 2344 ut
2300 2287 2455 2344 forte
2515 2307 2643 2366 pro
2695 2309 2781 2361 eo,

509 2371 674 2449 quod
724 2371 979 2449 diceres,
1038 2375 1167 2434 sore
1210 2385 1284 2434 ut
1332 2374 1655 2434 concordia
1711 2383 1772 2432 et
1826 2394 1950 2454 pax
1990 2371 2159 2432 bellis
2213 2370 2487 2430 civilibus
2532 2382 2602 2430 et
2653 2374 2780 2433 dis-

509 2456 731 2518 cordiis
760 2459 970 2539 sopitis
1013 2461 1211 2540 vigeat
1240 2481 1312 2519 ac
1339 2460 1587 2539 floreat,
1637 2469 1814 2541 poeta
1843 2459 2166 2519 Romulum
2206 2466 2267 2516 et
2292 2459 2574 2532 Remum,
2624 2480 2783 2538 quos

508 2543 641 2603 dira
698 2544 995 2605 discordia
1040 2546 1443 2624 disiunxerat,
1489 2549 1709 2607 iterum
1752 2555 2108 2624 regnaturos
2151 2563 2273 2602 esse
2308 2543 2562 2602 dixerit.
2641 2545 2779 2604 Meo

505 2639 708 2689 tamen
776 2651 954 2693 sensu
1016 2635 1106 2692 rei
1163 2638 1538 2712 sermonique
1597 2642 1811 2713 poetae
1884 2629 2388 2691 accommodatius
2455 2639 2549 2689 est
2616 2629 2778 2690 hoc:

504 2716 811 2776 Bellorum
864 2718 1132 2778 civilium
1188 2740 1348 2779 noxa
1420 2719 1728 2778 interdum
1783 2739 1819 2775 a
1880 2718 2053 2776 Remi
2111 2715 2292 2774 caede
2351 2714 2778 2793 repetebatur,

506 2823 625 2881 qua
671 2812 801 2863 tota
847 2804 1168 2884 posteritas
1229 2806 1436 2884 culpae
1490 2815 1553 2864 et
1592 2803 1829 2884 piaculo
1894 2812 2025 2861 erat
2083 2802 2368 2880 obligata3
2427 2802 2545 2860 iam
2599 2802 2780 2861 bellis

506 2889 779 2949 civilibus
824 2891 1104 2969 expiatus
1145 2891 1315 2951 Remi
1361 2892 1618 2971 sanguis·
1643 2889 1983 2963 videbatur,
2027 2899 2096 2948 ut
2137 2909 2196 2947 v.
2226 2908 2275 2947 c.
2318 2886 2536 2948 Horat.
2569 2888 2777 2967 Epod.

508 2979 578 3050 7,
648 2981 748 3040 17.
884 2977 1092 3055 Itaque
1166 2997 1235 3036 ea
1307 2986 1531 3057 ‚poetae
1603 2994 1769 3037 mens
1807 2999 1822 3035 ε
1920 2975 2283 3054 Temporum
2370 2974 2777 3050 antiquorum

504 3059 905 3138 integritatem
985 3072 1044 3121 et
1119 3059 1448 3143 puritatem
1515 3063 1592 3122 iri
1658 3062 2042 3134 restitutum,
2124 3058 2316 3137 qualis
2380 3059 2486 3117 illa
2553 3060 2775 3143 suerit,

505 3154 823 3223 antequam
906 3147 1208 3207 fraternus
1291 3155 1545 3227 sanguis
1610 3151 1676 3204 in
1762 3161 1978 3207 tetmm
2050 3146 2306 3222 deficat-ic
2377 3144 2774 3223 primumque

502 3228 654 3289 illud
696 3231 1085 3310 parricidium
1127 3235 1243 3293 suit
1285 3235 1680 3298 commissum.
1736 3233 1966 3292 Pacatis
2009 3232 2225 3290 iterum
2271 3229 2482 3288 animis
2524 3239 2591 3288 et
2637 3231 2775 3289 sra-

504 3322 675 3374 terna
717 3318 1040 3377 concordia
1082 3318 1334 3398 pristina
1377 3339 1505 3377 rcm
1549 3319 1879 3378 Romanam
1924 3316 2223 3376 moderari
2274 3325 2337 3373 et
2391 3315 2540 3375 tueri
2590 3316 2771 3393 quasi

501 3400 873 3461 videbuntur
912 3405 1135 3462 Remus
1177 3424 1247 3463 ac
1286 3405 1596 3465 Romulus.
1685 3407 1768 3462 De
1813 3405 2073 3483 Agrippa
2117 3422 2257 3461 cum
2284 3385 2493 3461 &en-vio
2537 3411 2603 3458 et
2630 3402 2771 3460 aliis

501 3489 751 3566 cogitari
806 3509 931 3549 non
974 3509 1173 3569 posse,
1215 3499 1380 3549 recte
1421 3492 1801 3550 Burmannus
1847 3489 2101 3549 monuit.
2188 3487 2373 3561 Quod
2417 3506 2560 3546 vero
2612 3507 2770 3566 poe-

500 3581 598 3631 tae
653 3575 920 3638 animum
976 3575 1056 3634 ad
1107 3575 1216 3636 has
1272 3595 1478 3636 rerum
1534 3578 1818 3655 imagines
1876 3576 2233 3649 deduceret,
2277 3581 2346 3632 ut
2388 3573 2643 3648 Fidem,
2702 3584 2769 3631 et

509 3661 790 3736 Vestam,
847 3680 984 3721 cum
1028 3664 1222 3722 Remo
1262 3683 1332 3720 ac
1374 3664 1638 3724 Romulo
1681 3669 2205 3734 commemoraret,
2250 3658 2431 3719 fuisse
2483 3660 2766 3738 suspicor

447 3739 452 3750 ’
499 3744 677 3805 etiam
733 3744 884 3822 hoc,
941 3749 1137 3826 quod,
1206 3757 1276 3807 ut
1341 3768 1419 3808 ex
1478 3748 1887 3831 topographiis
1944 3749 2169 3806 Romae
2223 3745 2370 3805 disci
2414 3753 2645 3824 potest,
2696 3746 2764 3803 in

496 3831 769 3892 Palatino
811 3843 1049 3909 monte,
1092 3835 1359 3913 adeoque
1402 3835 1561 3894 circa
1604 3835 1934 3893 Palatinam
1977 3832 2243 3891 Caesaris
2285 3831 2550 3904 domum,
2596 3841 2763 3890 tem·

496 3916 597 3996 pla
650 3919 848 3993 Fidei,
909 3920 1122 3980 Vestae
1176 3941 1246 3980 ac
1307 3921 1548 3981 Romuli
1605 3920 1894 3999 Remique
1946 3927 2139 3978 erant.
2233 3917 2521 3977 Maiorem
2572 3917 2761 3996 igitur

496 4001 648 4063 haec
685 4003 885 4064 omnia
929 4008 1281 4066 suavitatem
1321 4007 1544 4068 habere
1593 4006 1884 4082 debuere,
1944 4005 1993 4064 si
2035 4007 2340 4063 Romanus
2390 4021 2461 4060 ea
2513 4002 2758 4082 legeret,

495 4090 596 4167 qui
640 4090 740 4149 illa
786 4093 1007 4171 templa
1049 4102 1190 4153 ante
1221 4093 1474 4172 Augusti
1513 4093 1761 4154 domum
1800 4092 1994 4172 posita
2032 4089 2417 4151 meminisset.
2506 4087 2655 4148 Mox
2693 4110 2755 4146 v.

494 4179 640 4240 293.
671 4177 799 4241 294
843 4180 1093 4238 Bellum
1130 4177 1234 4238 hic
1269 4199 1589 4260 personam
1615 4177 1999 4239 deiinduere
2039 4187 2219 4256 puto;
2260 4185 2351 4235 est
2391 4173 2429 4238 ὅ
2464 4170 2753 4256 Πὸλεμος.

492 4262 642 4321 Belli
685 4283 720 4321 a
763 4262 1007 4324 Bellona
1058 4275 1121 4324 et
1163 4265 1358 4326 Marte
1401 4284 1674 4346 persona.
1761 4264 1945 4344 Apud
1990 4262 2141 4323 Plin.
2193 4262 2453 4336 XXXV,
2505 4266 2622 4336 36,
2675 4265 2753 4325 16

492 4348 729 4429 Apelles
773 4351 949 4410 Beue·
969 4354 1305 4430 imaginem
1334 4354 1613 4411 restrictis
1656 4352 1745 4409 ad
1780 4364 1954 4429 terga
1991 4349 2273 4409 manibus
2294 4347 2515 4428 pinsit,
2557 4349 2751 4407 Ales-

491 4435 681 4495 andm
730 4439 794 4496 εἰη
852 4460 1028 4499 emm
1081 4438 1510 4519 ampliante.
1604 4438 1751 4497 Eam
1841 4457 1979 4497 cum
2031 4435 2221 4497 altera
2271 4434 2480 4496 tabula
2530 4432 2747 4515 Apellis
