2882 5028
407 335 577 421 ,192

920 329 1001 403 P.
1055 327 1594 416 vsslssean
1647 276 2199 404 MARoMs

429 516 748 618 Quippe
797 513 1138 590 domum
1190 513 1421 590 timet
1467 514 1921 613 ambiguam
1960 515 2407 617 Tyriosque
2452 513 2703 593 biliu-

1603 619 1794 715 guis.

432 723 608 800 Urit
641 734 860 797 atrox
891 723 1120 813 Iuno,
1177 732 1256 794 et
1288 720 1435 794 sub
1469 735 1795 798 noctem
1832 746 2017 797 cura
2049 733 2424 800 recursat.

428 830 642 924 Ergo
686 823 811 899 his
857 823 1241 922 aligerum
1279 822 1506 898 dictis
1541 823 1855 900 adfatur
1883 830 2300 902 Amorem:

431 935 669 1025 Nate,
723 951 956 1003 meae
993 928 1222 1022 vireS,
1273 950 1458 1003 mea
1486 951 1773 1027 magna
1806 930 2162 1030 potentia
2189 925 2433 1024 solm,

543 1075 717 1148 661.
769 1087 1208 1158 munem&

1421 1072 1594 1145 664.
1646 1087 2067 1162 POTENTIA,

543 1277 650 1330 662
684 1287 932 1327 reversat
955 1276 1141 1326 Franc.
1170 1293 1218 1326 v.
1240 1276 1326 1338 lv,
1342 1274 1394 1329 3.
1479 1276 1584 1331 663
1604 1278 1758 1346 Ergo
1782 1276 1905 1344 qais
1916 1273 2081 1325 Goth.
2111 1291 2191 1342 pr.
2228 1273 2391 1325 dicte}
2406 1270 2707 1343 compellat

441 1363 527 1396 un.
554 1343 781 1411 Guelph.
799 1344 853 1393 in
873 1348 993 1395 Sax.
1020 1343 1145 1396 coll.

1245 1344 1350 1399 664
1373 1362 1494 1395 mea
1521 1362 1698 1414 regna
1710 1362 1815 1397 aec.
1833 1344 2087 1396 Rottend.
2174 1344 2277 1397 665
2300 1342 2422 1394 vide
2450 1360 2518 1392 an
2533 1357 2698 1410 prae-

441 1424 547 1467 stet
573 1414 977 1482 interpungere:
1003 1443 1071 1452 —
1083 1416 1365 1496 potentia3
1393 1413 1627 1465 solus—
1645 1414 1743 1481 (sie
1758 1413 1814 1465 in
1826 1413 2068 1464 Mediceo
2083 1412 2486 1481 interpungitur‚
2512 1422 2565 1463 et
2590 1409 2708 1461 hoe

441 1484 590 1536 multi
619 1494 920 1551 sequuntur,
935 1482 988 1534 iu
1015 1483 1201 1551 quibus
1244 1485 1451 1535 Ruaeue
1483 1492 1539 1533 et
1564 1482 1912 1545 Wakefield.;
1955 1483 2024 1533 de
2048 1482 2233 1534 Servio
2273 1500 2382 1534 nou
2405 1479 2534 1532 satia
2562 1496 2709 1531 con·

444 1563 569 1605 stat.
639 1553 744 1604 Sed
772 1551 902 1603 mihi
931 1552 1137 1604 videtur
1165 1552 1299 1603 illud
1325 1553 1483 1604 solus
1510 1551 1579 1604 ad
1604 1552 1827 1604 subiecti
1862 1570 2041 1604 versus
2069 1551 2383 1603 sententiam
2407 1568 2511 1602 non
2538 1548 2708 1602 modo

444 1621 796 1675 necessarium
821 1639 928 1673 nou
953 1639 1088 1686 esse,
1122 1621 1217 1672 aed
1243 1621 1418 1685 etiam,
1446 1621 1668 1673 maxime
1693 1622 1763 1674 ob
1790 1623 1905 1676 tela
1946 1622 2143 1692 Typh
2160 1623 2293 1685 oia,
2329 1619 2464 1672 exile
2494 1630 2547 1670 et
2573 1619 2712 1670 lan-

445 1692 687 1761 guidum3
723 1709 821 1742 nec
882 1690 1022 1742 lacet
1045 1692 1197 1743 solus
1231 1689 1463 1760 repetito
1508 1692 1749 1743 vocativo
1777 1693 1926 1744 Nate
1960 1690 2317 1760 praepositum
2337 1728 2353 1754 ,
2398 1707 2502 1770 quo
2531 1705 2713 1769 voca-3

443 1763 556 1814 tivo
571 1800 586 1827 ‚
623 1761 669 1813 ai
698 1761 798 1811 ista

865 1760 1094 1811 'stinctio
1121 1760 1418 1811 admittitur
1434 1798 1451 1823 ‚
1486 1761 1664 1812 nescio
1692 1779 1757 1812 an
1782 1760 2027 1813 libentius
2052 1778 2334 1812 careamus.
2386 1761 2516 1810 Hinc
2543 1757 2714 1808 omia

446 1849 674 1893 comma,
728 1845 831 1899 quo
875 1829 1110 1899 Heynius
1149 1846 1264 1882 voc.
1306 1830 1461 1880 solue
1495 1848 1526 1881 a
1566 1830 1892 1900 praegressis
1943 1841 2293 1897 separaverat.
2359 1828 2445 1881 Sic
2485 1827 2714 1895 egregie

448 1900 606 1952 etiam
637 1898 899 1969 superiori
919 1898 1215 1951 sententiae
1251 1899 1541 1951 consultum
1567 1900 1801 1952 videtur:
1847 1899 2184 1963 Quantumvia
2222 1916 2409 1965 magua
2445 1896 2714 1949 habeatur

448 1971 526 2021 vis
555 1988 614 2021 ac
644 1968 882 2039 potentia
903 1987 1049 2034 mea,
1084 1979 1260 2019 tamen
1292 1978 1386 2019 tuo
1416 1969 1579 2020 solius
1604 1969 1812 2022 numine
1844 1968 2048 2031 nititur3
2084 1968 2227 2019 nulla
2257 1978 2340 2020 eat
2363 1968 2474 2018 aine
2497 1977 2569 2017 te.
2640 1968 2716 2017 Et

449 2038 606 2091 solus
642 2037 943 2089 nominandi
979 2055 1102 2090 casu
1143 2055 1208 2088 ex
1243 2037 1407 2107 ipsius
1457 2037 1668 2108 linguae
1702 2039 1823 2109 lege
1863 2038 1997 2090 dixit
2046 2048 2236 2119 poeta3
2297 2038 2344 2089 ia
2382 2035 2516 2088 enim
2551 2053 2717 2087 casua

449 2106 786 2229 praecedenti
837 2107 1071 2159 vocativo
1114 2105 1191 2158 ita
1244 2106 1550 2174 subiicitur,

1612 2118 1673 2159 ut
1727 2107 2097 2179 appellationis
2165 2125 2370 2160 causam
2417 2105 2718 2169 contiueat,

490 2195 591 2228 unc
617 2175 673 2227 in
707 2175 943 2228 modum:
996 2178 1172 2241 Nate,
1221 2178 1317 2247 qai
1343 2195 1429 2240 ee,
1478 2196 1522 2229 a.
1564 2180 1743 2242 Nate,
1779 2196 1841 2230 es
1865 2180 2022 2229 enim.
2094 2168 2335 2241 Aceedit,
2382 2175 2522 2244 quod
2547 2176 2719 2226 aolus

453 2256 539 2298 eat
563 2246 619 2297 iu
646 2245 711 2297 iis
734 2263 894 2308 voce„
929 2263 1062 2315 quae
1089 2263 1269 2297 carere
1298 2246 1538 2298 vocativo
1563 2248 1821 2301 videntur.
1892 2246 2016 2301 vid.
2053 2248 2239 2300 Bauer.
2275 2248 2343 2299 ad
2381 2250 2550 2298 Sanct.
2592 2244 2718 2296 Mi-

451 2334 599 2369 nerv.
624 2315 662 2367 l.
688 2317 755 2368 11.
781 2334 827 2368 ο.
851 2317 941 2368 vl.
970 2333 1090 2386 pag.
1118 2316 1242 2371 231.
1275 2333 1355 2384 sq.
1392 2317 1536 2385 lVr.)

392 2541 403 2554 ‚
455 2492 572 2555 que
598 2477 943 2537 movetur.“
958 2507 1045 2521 —
1062 2474 1301 2549 Quibus
1324 2474 1541 2535 incen-

456 2582 522 2624 sa
554 2560 770 2621 mulier
801 2558 954 2619 nihil
995 2562 1215 2620 mirum
1241 2570 1331 2619 est
1360 2562 1409 2621 si
1448 2562 1542 2621 sa-

458 2647 568 2706 cile
606 2646 784 2705 etiam
823 2645 902 2705 ad
941 2666 1204 2706 amorem
1251 2646 1378 2705 eius
1418 2666 1543 2705 sese

458 2733 746 2814 applicat,
792 2733 894 2811 qui
925 2752 993 2791 ea
1022 2752 1273 2792 munera
1296 2732 1542 2809 obtulit3

459 2840 570 2879 nee
594 2818 711 2895 hio,
755 2818 819 2877 in
845 2829 1137 2897 poemate,
1170 2817 1448 2878 homines
1466 2817 1542 2876 de

460 2915 591 2964 stoa
644 2904 988 2982 quaerendi.
1106 2905 1313 2983 ltaque
1365 2906 1543 2982 iunge

458 2991 632 3049 donis
659 2992 954 3049 incendat.
1015 2990 1170 3050 Illud
1199 3000 1398 3051 autem
1412 2990 1541 3069 su·-

460 3087 678 3133 mntem
706 3075 783 3134 ad
808 3086 1132 3153 utrumque
1155 3076 1542 3135 enunciatum

461 3159 581 3219 hoc
622 3160 803 3219 modo
850 3161 1230 3220 referendum
1276 3169 1395 3220 est:
1440 3165 1543 3219 in-

463 3245 678 3303 cendat
754 3249 1033 3323 reginam
1137 3259 1192 3304 ec
1280 3247 1547 3325 implicet

464 3335 704 3410 ignem,
753 3342 820 3389 ut
841 3330 1047 3409 surac-
1108 3333 1215 3392 W
1204 3329 1288 3411 r.)
1391 3335 1548 3390 ossi-

464 3415 571 3475 bus
599 3417 867 3494 implicet
901 3419 1128 3493 ignem,
1165 3417 1547 3494 exquisitiore

465 3504 678 3577 forma,
722 3522 905 3579 quam
935 3522 1072 3559 ossa
1101 3505 1369 3580 implicet
1394 3506 1548 3581 igni,

464 3587 527 3647 h.
556 3607 608 3650 e.
636 3587 776 3667 ipsis
805 3587 1032 3645 ossibus
1058 3607 1127 3644 ac
1154 3588 1427 3648 medullis
1455 3590 1552 3669 (ut

469 3673 544 3733 de
576 3692 778 3732 amore
803 3672 967 3751 loqui
999 3693 1127 3732 mos
1161 3685 1268 3749 est,
1313 3695 1376 3738 v.
1402 3675 1550 3733 Cer-

468 3760 547 3818 da
579 3767 640 3816 et
665 3757 767 3842 al.)
815 3758 1082 3818 flammas
1108 3758 1386 3834 inserere,
1431 3759 1550 3818 im-

469 3845 739 3919 mittere,
780 3844 1112 3904 insinuare:
1154 3867 1268 3926 pro
1294 3845 1549 3925 vulgari,

468 3931 819 3991 admovere:
872 3930 1133 4006 dictum,
1176 3941 1249 3991 ut
1274 3933 1549 3990 involve·-

467 4039 528 4075 η·
579 4019 785 4075 onmia
826 4017 1115 4093 flammis
1136 4061 1154 4091 ,
1225 4018 1498 4082 incendio
1520 4039 1545 4089 ,·

469 4101 750 4181 quoniam
800 4101 977 4159 etiam
1021 4101 1083 4159 in
1136 4102 1368 4182 vulgari
1405 4123 1549 4162 ora-

470 4188 633 4262 tione
662 4190 939 4266 stamma
980 4188 1232 4247 involvit
1276 4188 1544 4248 domum·

469 4272 594 4357 (Ad
620 4272 1132 4339 constructionem
1162 4271 1390 4332 οεεῶιιε
1429 4276 1548 4332 im-

466 4362 701 4440 plicare
750 4364 953 4439 ignem
992 4358 1150 4422 cons.
1191 4358 1310 4436 Cic,
1345 4358 1421 4419 de
1444 4360 1551 4420 Di-

1625 2475 1749 2538 vin.
1780 2474 1828 2551 I,
1859 2478 1990 2540 36.:
2035 2478 2155 2536 1)ίί
2194 2478 2318 2535 vim
2363 2494 2541 2535 suam
2581 2494 2719 2533 na-

1625 2565 1773 2621 turis
1810 2562 2120 2620 hominum
2152 2564 2470 2641 implicant
2484 2605 2505 2635 ,
2549 2558 2619 2622 h.
2664 2579 2719 2621 e.

1627 2647 1865 2729 penitus
1890 2648 2246 2708 immittunt.
2310 2647 2534 2708 Eodem
2563 2665 2720 2704 sen-

1629 2754 1701 2793 su
1731 2733 1879 2792 dici:
1924 2755 2061 2793 ossa
2092 2735 2406 2812 implicare
2444 2737 2584 2811 igne
2619 2751 2723 2791 me

1625 2819 1801 2897 sugit.
1837 2822 1943 2880 W
1933 2817 2053 2901 elz.)
2142 2820 2329 2894 Quod
2355 2828 2556 2880 autem
2589 2816 2720 2878 do·-

1627 2909 1722 2963 nis
1791 2924 1935 2963 mox
2011 2905 2325 2965 afferendis
2398 2913 2720 2983 tantopere

1627 2990 1879 3049 confidit
1941 2991 2173 3072 Velina,
2220 2990 2505 3070 quodque
2555 2988 2719 3049 Dido

1625 3076 1860 3155 regina,
1907 3096 2059 3155 quae
2104 3098 2244 3137 cum
2290 3075 2584 3136 thesauris
2625 3076 2719 3134 es-

1627 3162 1795 3222 fossis
1816 3162 1979 3241 Tyro
2007 3165 2239 3241 fugerat
2259 3160 2347 3243 (v.
2379 3158 2718 3246 358.368),

1631 3248 1805 3307 donis
1874 3248 1990 3307 inis
2059 3258 2375 3329 tantopere
2432 3255 2718 3308 movetur

1632 3332 1783 3413 (709
1825 3332 2001 3415 sqq.)‚
2035 3335 2374 3394 offendebat
2412 3332 2719 3393 Schrade-

1632 3439 1789 3493 rum,
1815 3428 2059 3479 acutum
2093 3430 2407 3501 poetarum
2435 3419 2719 3478 iudicem.

1633 3504 1870 3564 Scilicet
1936 3515 2127 3565 artem
2151 3552 2168 3582 ‚
2227 3526 2349 3584 qua¹
2414 3505 2722 3564 elaborata

1635 3599 1841 3667 erant,
1900 3591 2091 3671 palla,
2134 3593 2410 3652 velamen
2460 3599 2522 3649 et
2572 3591 2709 3650 reli-

1634 3696 1772 3755 qua,
1818 3685 1880 3734 et
1908 3687 2220 3737 auctorem
2257 3677 2553 3752 muneris,
2597 3676 2723 3734 Ae-

1634 3781 1845 3837 neam,
1888 3762 1951 3821 in
1998 3764 2114 3824 illis
2158 3763 2432 3844 inprimis
2472 3762 2721 3843 probari

1633 3847 1998 3928 putabimus.
2423 3857 2429 3861 ’

1723 3937 1868 3997 661.
1895 3938 2041 3998 662.
2065 3936 2339 3994 Domum
2364 3932 2723 4011 ambiguam

1635 4021 1804 4078 Serv.
1841 4020 2164 4095 incertam,
2209 4020 2278 4079 in
2317 4040 2437 4098 qua
2488 4018 2726 4080 habitat

1635 4104 1943 4164 mutabilis
2011 4107 2260 4182 semina3
2339 4104 2523 4182 dure,
2590 4124 2723 4165 meo

1639 4190 1882 4268 quidem
1932 4210 2127 4251 sensu.
2229 4190 2431 4251 Malim
2478 4191 2727 4251 domum

1635 4295 1752 4357 pro
1780 4278 1983 4356 stirpe,
2008 4286 2199 4357 gente,
2225 4277 2477 4337 Didonis
2505 4276 2720 4337 dictam

1639 4371 1703 4421 et
1731 4361 1807 4421 ad
1845 4363 2316 4427 fraudulentum.
2331 4362 2727 4443 Pygmalionis
