2882 5028
738 348 922 420 AD
1022 345 1676 421 LIBRUM
1780 346 1867 419 11
2277 355 2425 426 381

159 547 474 618 tamquam
503 544 725 617 partes
746 534 1063 598 referenda
1090 546 1267 599 erunt
1300 556 1455 615 quae
1485 537 1839 600 laudantur.
1891 536 2190 621 Φορων1ς,
2213 533 2432 620 Ἀτθ1ς,

160 619 503 701 Ἀτλαντὶς,
550 615 1013 699 Δευκαλιαῖνια,
1062 616 1327 701 Τρωικά.
1388 624 1770 703 (Fragmenta
1811 625 1937 684 eius
1981 646 2144 685 nunc
2184 626 2431 687 collecta

162 720 306 770 sunt
352 729 389 768 a
435 708 802 768 doctissimo
845 709 1019 784 viro,
1078 707 1148 768 F.
1191 710 1287 769 W.
1334 711 1539 785 Sim,
1619 710 1837 789 quibus
1879 710 2038 770 addo
2084 711 2246 770 aliud
2288 713 2433 772 satis

167 794 566 855 memorabile
612 793 691 852 de
733 794 963 855 Achille
1006 814 1041 852 a
1085 795 1456 855 Scamandro
1499 815 1783 875 oppresso
1839 795 1905 855 in
1948 794 2148 857 Schol.
2191 796 2338 858 Ven.
2381 798 2432 856 B

164 882 247 941 ad
286 881 465 942 Iliad.
514 903 588 959 φ,
616 880 811 954 ⁴242.)
898 880 967 939 In
1010 880 1240 939 Troicis
1258 881 1439 941 rebus
1482 881 1631 943 fides
1667 883 1791 942 eius
1815 882 2086 961 inprimis
2127 879 2244 943 suit
2283 903 2432 963 pro-

165 968 339 1041 bata,
398 976 473 1025 ut
532 965 718 1024 etiam
765 965 1079 1046 Dionysius
1117 966 1310 1026 Halic.
1352 966 1458 1032 lib.
1503 966 1545 1026 1.
1591 987 1641 1027 c.
1686 966 1789 1032 46.
1832 969 1934 1032 47.
1978 966 2063 1032 48
2106 969 2169 1026 in
2213 969 2432 1029 Troiae

169 1053 410 1113 excidio
472 1051 826 1130 Aeneaeque
877 1053 1016 1130 suga
1071 1052 1372 1113 narranda
1436 1072 1571 1112 eum
1629 1053 2005 1134 potissimum
2062 1054 2430 1133 sequendum

171 1140 586 1214 existimarem
667 1147 732 1198 et
806 1150 885 1196 ex‘
939 1138 1242 1198 Clemente
1292 1138 1466 1200 Alex.
1511 1139 1536 1197 1
1577 1141 1861 1198 stromat.
1904 1159 2035 1219 pag.
2101 1143 2221 1204 189
2281 1142 2429 1200 satis

172 1234 436 1299 oenstat,
484 1244 623 1282 eum
644 1224 860 1282 Troiae
900 1232 1109 1303 captae
1153 1223 1440 1304 epocham
1470 1224 1632 1284 inter
1680 1234 1909 1284 ceteros
1951 1234 2233 1284 accurate
2273 1225 2431 1286 defi-

172 1312 369 1370 niisse.
456 1307 817 1368 Laudentur
858 1309 1068 1368 eodem
1112 1311 1245 1369 loco
1287 1310 1416 1386 alii,
1471 1310 1575 1368 sed
1617 1311 1956 1371 nominibus
1997 1319 2238 1371 tantum
2279 1313 2430 1372 noti.

176 1396 491 1456 celebrius
533 1415 753 1454 nomen
798 1405 889 1454 est
928 1397 1218 1475 Dionysii
1257 1397 1537 1466 Milesii,
1581 1397 1684 1474 qui
1729 1396 2043 1457 Herodoto
2086 1397 2290 1477 paullo
2316 1418 2430 1456 an-

172 1483 405 1561 tiquior
449 1482 610 1540 circa
653 1481 890 1561 Olymp.
932 1481 1092 1541 LXV
1135 1482 1358 1541 vixisse
1401 1440 1699 1557 traditur,
1744 1474 2167 1564 κυκλογρᾶφος
2209 1483 2429 1543 Suidae

173 1579 231 1628 et
279 1569 544 1626 Tzetzae
590 1564 819 1642 dictus,
865 1587 987 1627 non
1030 1575 1335 1646 tamquam
1381 1567 1532 1647 cycli
1576 1568 1724 1646 epici
1768 1576 2011 1642 auctor,
2070 1568 2233 1646 quod
2275 1569 2429 1628 male

175 1653 481 1725 traditur,
540 1651 647 1710 sed
688 1673 762 1731 pi
768 1662 942 1732 opter
985 1672 1200 1732 opera,
1264 1672 1416 1731 quae
1460 1654 1696 1732 cyclum
1739 1652 2074 1733 mythicum
2133 1661 2195 1712 et
2231 1651 2428 1714 histo—

169 1741 369 1800 ricum
415 1737 791 1813 efficiebant,
828 1756 1012 1816 eaque
1052 1738 1121 1798 in
1162 1736 1328 1798 hunc
1368 1739 1617 1797 modum
1662 1739 2027 1813 ordinanda,
2074 1747 2146 1798 ut
2173 1740 2430 1819 scripse-

169 1827 253 1885 rit
299 1818 599 1896 Mummi,
638 1817 1087 1925 Ἀργοναυτικᾶ,
1142 1828 1425 1903 Τρωικῶν
1464 1826 1672 1904 βιβλία
1712 1819 1783 1932 γ’,
1827 1833 1960 1884 tum
1993 1817 2243 1887 Κύκλου
2275 1826 2426 1887 ἱστο-

173 1906 351 1992 pentir
400 1909 473 1972 ἐν
513 1910 781 2006 βιβλίοις
819 1903 885 1986 ζ’,
928 1909 1327 1987 sequebantur
1382 1933 1457 1971 τα
1501 1905 1771 1991 Περσικαὶ
1815 1919 1877 1970 et
1918 1909 2160 1969 tandem
2205 1906 2281 1973 τοῖ
2319 1934 2428 1993 με·

170 1993 243 2059 τὲ
282 2000 596 2076 Asterion·
670 1994 783 2053 nisi
843 1994 965 2054 duo
1007 1994 1156 2055 haec
1197 2014 1389 2055 unum
1432 1994 1707 2072 idemque
1763 2015 1912 2076 opus
1954 1997 2153 2073 fuere3
2203 1996 2266 2056 in
2305 2017 2426 2075 quo
2545 2013 2546 2016 ’

355 2080 653 2140 habemus
715 2077 1002 2140 historiae
1057 2081 1386 2142 catholicae
1439 2081 1795 2160 scriptorem
1850 2081 2248 2160 antiquiorem
2289 2082 2425 2159 illis,

171 2168 276 2247 qui
314 2166 504 2246 vulgo
550 2165 856 2225 habentur
868 2165 947 2249 *).

340 2252 473 2311 Etsi
511 2259 721 2310 autem
764 2271 902 2310 cum
942 2260 1285 2332 temporum
1345 2250 1603 2313 decursu
1670 2252 1745 2311 ab
1789 2253 2049 2332 antiquis
2088 2252 2206 2313 illis
2245 2253 2427 2313 rebus

175 2336 454 2418 mythicis
484 2336 893 2397 acl-seriorum
921 2345 1261 2417 temporum
1283 2357 1381 2396 rei
1419 2348 1482 2397 et
1512 2359 1680 2398 casus
1703 2338 1991 2399 historiae
2015 2338 2425 2420 procederent,

176 2434 368 2483 tamen
397 2433 465 2483 et
489 2423 800 2501 aequiores
826 2423 1146 2503 scriptores
1162 2423 1237 2482 ab
1261 2423 1697 2502 antiquioribus
1712 2425 2078 2485 Graecorum
2098 2425 2277 2486 rebus
2306 2425 2426 2485 orsi

169 2511 391 2572 bellum
435 2511 568 2570 sere
610 2509 935 2569 Troianum
955 2555 973 2586 ,
1017 2509 1297 2588 quoniam
1340 2509 1415 2568 ab
1460 2530 1529 2570 eo
1571 2510 1711 2571 inde
1750 2520 2021 2592 tempore
2054 2512 2328 2572 civitates
2355 2532 2428 2571 ac

165 2617 347 2678 regna
394 2595 694 2657 Graeciae
749 2595 875 2654 sive
919 2595 996 2655 ad
1040 2607 1267 2655 certam
1316 2596 1569 2656 sormam
1611 2598 1852 2657 fuerant
1907 2597 2202 2677 descripta
2223 2640 2244 2672 ,
2301 2598 2427 2657 sive

166 2686 519 2745 futurarum
568 2702 752 2761 opum
791 2680 984 2761 prima
1025 2682 1194 2741 initia
1235 2691 1546 2760 ceperant,
1590 2682 1652 2741 in
1684 2683 1976 2763 principio
2008 2702 2257 2763 operum
2280 2702 2427 2742 suo-

170 2790 305 2829 rmu
346 2768 540 2829 modo
588 2766 833 2827 brevius
875 2768 1058 2827 modo
1102 2767 1397 2847 copiosius
1438 2769 1818 2847 repeteban15
1881 2767 2045 2847 quod
2090 2789 2202 2827 nec
2255 2768 2428 2827 Thu-

182 2855 414 2932 cydides
474 2856 682 2914 faeere
739 2854 1057 2913 recusavit.
1159 2855 1232 2912 Et
1284 2853 1348 2911 in
1399 2851 1604 2928 hunc,
1663 2862 1845 2933 puto,
1888 2873 2131 2913 censum
2171 2853 2428 2912 veniunt

184 2940 453 2999 nonnulli
481 2940 841 3019 scriptores,
886 2940 989 3019 qui
1016 2940 1304 2999 Troianas
1340 2958 1435 2997 res
1477 2939 1882 3019 perscripsisse
1913 2940 2235 3014 dicuntur3
2278 2958 2428 3017 quos

177 3026 244 3085 in
290 3034 644 3085 transcursu
700 3024 883 3083 modo
929 3044 1026 3083 eas
1067 3023 1277 3084 leviter
1334 3025 1589 3103 attigisse
1637 3025 2102 3085 existimandum
2144 3032 2254 3085 est.
2332 3024 2430 3084 Ita

175 3111 335 3191 apud
390 3110 648 3189 Dionys.
704 3109 893 3172 Halic.
932 3110 993 3184 1,
1049 3109 1134 3175 48
1178 3113 1554 3170 Menecrates
1618 3111 1931 3171 Xanthia-s
1980 3109 2295 3171 historiam
2351 3110 2428 3170 ab

166 3195 421 3258 Achillis
466 3199 685 3257 sunere
728 3197 1065 3276 auspicatus
1107 3204 1425 3270 narratur,
1502 3196 1754 3255 exordio
1812 3216 2050 3275 quoque
2096 3196 2235 3256 libri
2278 3197 2428 3256 sub-

162 3285 356 3359 iecto;
426 3303 557 3360 quo
620 3292 823 3341 tamen
878 3282 1223 3341 summatim
1282 3290 1549 3358 tantum,
1598 3301 1735 3342 cum
1793 3282 1872 3341 ad
1928 3283 2141 3363 Lyciae
2175 3301 2279 3342 res
2326 3279 2427 3366 (τᾶ

164 3366 490 3451 szmd)
553 3367 942 3447 exponendas
994 3367 1095 3429 ille
1149 3376 1538 3447 properaret,
1602 3368 1887 3427 Troianas
1942 3389 2039 3428 res
2083 3370 2429 3449 perstrictas

161 3457 347 3516 suine
389 3453 645 3513 credere
686 3453 844 3513 licet.
928 3454 1121 3512 Etiam
1170 3453 1578 3527 Callisthenes,
1621 3474 1758 3513 cum
1807 3455 2076 3514 Graecae
2115 3456 2429 3513 ,Historiae

168 3541 318 3601 olim
347 3540 689 3599 celebratae
727 3541 995 3615 fuerunt,
1038 3540 1113 3597 ab
1159 3558 1318 3597 anno
1363 3538 1523 3617 pacis
1565 3536 1914 3598 Antalcidae
1958 3540 2052 3599 01.
2099 3539 2361 3615 xcvm,
2387 3546 2429 3607 2

168 3627 510 3699 deductae,
571 3625 818 3704 quando
879 3625 954 3683 de
997 3624 1178 3684 Troia
1223 3633 1395 3703 capta
1438 3624 1623 3702 egisse
1662 3635 2034 3685 memoratur
2092 3622 2178 3705 (v.
2229 3625 2428 3686 Schol.

162 3712 445 3793 Euripid.
482 3711 616 3771 Vet.
663 3710 828 3790 apud
872 3710 1064 3771 Ursin.
1108 3709 1188 3769 ad
1209 3710 1366 3788 Virg.
1399 3710 1448 3768 ll
1492 3710 1638 3769 Aen.
1684 3710 1809 3776 255
1837 3719 1896 3769 et
1921 3712 2321 3790 interpolatus
2352 3711 2429 3771 ab

160 3819 234 3860 eo
264 3800 440 3859 locus
470 3797 646 3857 Iliad.
676 3799 735 3877 β.
761 3805 903 3876 post
928 3817 1014 3858 vs.
1039 3798 1182 3862 855.
1211 3803 1579 3855 memoratus
1605 3805 1695 3855 est
1718 3815 1751 3853 a
1779 3797 1977 3857 Strab.
2006 3797 2140 3874 xli,
2169 3819 2227 3877 p.
2254 3794 2427 3881 817.)

160 3886 363 3967 primo
409 3885 633 3945 saltem
666 3884 1036 3942 Graecarum
1062 3881 1471 3942 Historiarum
1515 3881 1668 3941 libro
1696 3882 1984 3942 Troianas
2025 3901 2120 3943 res
2161 3904 2431 3944 summa-

161 3973 274 4033 tim
307 3989 595 4033 narrasse
622 3969 903 4047 videtur5
944 3969 1080 4046 etsi,
1121 3966 1240 4029 hoc
1279 3967 1367 4028 ita
1409 3968 1664 4045 sactum,
1707 3977 1777 4029 ut
1803 3978 2147 4050 separatum
2187 3968 2431 4049 aliquod

295 4214 340 4282 ‘)
373 4213 459 4266 Cf.
496 4211 570 4264 ad
608 4209 743 4263 haec
779 4208 966 4262 Nom
998 4207 1076 4259 ad
1105 4205 1428 4289 Apollodor.
1463 4224 1519 4276 p.
1561 4206 1664 4261 921
1701 4224 1780 4276 sq.
1818 4207 1926 4263 980
1958 4225 2021 4276 sq
2024 4208 2430 4260 ‚Commentat-

155 4284 201 4336 Π
233 4284 305 4337 de
381 4281 623 4339 onu'bas
654 4279 947 4332 moriar.
988 4274 1224 4329 Diodori
1264 4275 1320 4328 iu
1369 4279 1813 4328 Convneneasion.
1866 4225 2021 4329 Soc-q
2037 4281 2109 4329 R.
2155 4279 2254 4329 Sc.-
2280 4277 2430 4327 Gon.

148 4355 213 4408 Τ.
249 4356 325 4409 vl
447 4350 612 4405 Omni
661 4358 848 4401 tamen
906 4345 971 4396 ba
941 4363 1004 4396 ac
1054 4361 1219 4413 opera
1251 4361 1335 4396 ms
1367 4362 1475 4397 non
1520 4343 1623 4397 8181
1657 4344 1824 4398 lineas
1859 4345 2067 4398 duxisse
2103 4344 2198 4411 118,
2250 4344 2341 4413 qai
2373 4343 2431 4394 18

142 4423 277 4480 haec
310 4421 629 4479 acci-ratius
665 4415 944 4489 inquirere
979 4412 1208 4480 vellent,
1243 4413 1518 4467 obscurum
1554 4431 1671 4468 essa
1704 4430 1812 4469 888
1844 4414 2031 4485 potuit.
