2882 5028
678 1247 759 1319 P.
853 1239 1490 1354 vincum
1573 1238 2214 1316 MARole

314 1413 412 1521 A
586 1418 799 1525 Ε·
936 1416 1040 1525 Ν
1272 1415 1359 1522 Ε
1579 1414 1618 1515 1
1841 1415 1996 1556 D
2170 1407 2282 1518 O
2499 1416 2576 1522 s

811 1618 1228 1707 LIBER
1344 1614 2128 1705 SECUNDUS.

967 1907 1908 1970 ARGUMENTUM

312 2049 609 2152 Didonis
662 2082 966 2141 voluntati
1006 2102 1235 2142 morem
1272 2101 1481 2161 gerens
1527 2079 1770 2154 Aeneas,
1827 2077 2044 2138 excidii
2083 2079 2330 2141 Troiani
2359 2082 2580 2142 seriem

311 2176 522 2226 narrat
533 2188 551 2243 ;
595 2185 661 2225 ea
688 2176 779 2226 est
809 2166 1183 2228 huiusmodi:
1232 2167 1447 2228 Graeci
1475 2167 1704 2227 decimo
1738 2165 1878 2224 belli
1911 2165 2156 2225 Troiani
2198 2187 2354 2226 anno
2393 2169 2580 2227 attri-

312 2252 541 2312 tisiam
572 2251 832 2328 viribus,
874 2253 1208 2332 virtutique
1252 2253 1623 2329 diffidentes,
1667 2251 1747 2311 ad
1777 2251 1985 2310 dolum
2026 2253 2409 2332 confugiunt:
2455 2275 2581 2313 no-

313 2347 521 2417 cteque
557 2357 656 2413 ea,
737 2358 887 2417 quae
935 2340 1106 2398 urbis
1143 2340 1488 2399 incendium
1547 2336 1894 2413 antecessit,
1953 2337 2155 2415 fugam
2204 2339 2604 2417 simulantes,-

314 2424 473 2484 circa
499 2423 808 2483 Tenedum
838 2425 1114 2500 latitant,
1160 2426 1373 2485 relicto
1409 2424 1473 2484 in
1504 2445 1645 2504 agro
1671 2423 2120 2500 Troianocquo
2143 2424 2334 2503 ligneo
2366 2434 2576 2484 tantae

310 2507 770 2592 magnitudinis,
817 2521 891 2570 ut
931 2511 1122 2592 portis
1164 2511 1341 2572 urbis·
1366 2511 1548 2592 recipi
1581 2532 1704 2570 non
1733 2517 1960 2590 posset,
2005 2510 2131 2569 eius
2164 2520 2337 2570 utero
2366 2511 2577 2571 lectis-

310 2597 526 2658 simum
557 2615 849 2675 quemque
886 2617 1208 2676 procerum
1246 2597 1585 2657 includunt.
1674 2594 1918 2655 Troiani
1959 2596 2184 2675 partim
2225 2596 2435 2657 fraude
2470 2598 2577 2657 Si-

308 2684 485 2743 nonis
534 2682 809 2762 impulsi,
868 2684 1094 2762 partim
1134 2683 1496 2743 Laocoontis
1536 2681 1828 2762 supplicio
1866 2681 2095 2757 territi,
2151 2682 2353 2742 diruta
2406 2684 2578 2743 muri

307 2779 480 2850 parte
499 2814 516 2845 ,
564 2788 787 2847 equum
812 2768 876 2827 in
908 2789 1044 2830 arce
1076 2778 1358 2830 statuunt
1390 2766 1660 2833 1—249.
1746 2767 1938 2826 Nocte
1977 2766 2327 2848 intempesta
2355 2769 2577 2829 Graeci

309 2876 346 2913 a
384 2854 625 2915 Tenedo
656 2855 940 2934 profecti,
984 2875 1093 2936 per
1138 2877 1268 2915 eam
1299 2855 1461 2915 muri
1499 2854 1768 2926 ruinam,
1811 2873 1930 2931 qua
1980 2872 2169 2931 equus
2201 2864 2333 2914 erat
2365 2854 2576 2915 intro-

310 2942 561 3015 ductus,
638 2940 852 3000 urbem
901 2941 1222 3001 invadunt.
1319 2942 1508 3000 Sinon
1562 2947 1828 2999 reserato
1881 2938 2017 3016 equi
2072 2949 2247 3000 utero
2304 2950 2575 3001 armatos

309 3028 563 3087 emittit:
635 3027 832 3085 omnia
875 3028 1034 3086 ferro
1078 3027 1451 3106 flammisque
1487 3025 1814 3086 foedantur
1844 3028 2090 3090 —267.
2197 3025 2427 3085 Aeneas
2466 3026 2575 3086 in-

308 3113 487 3172 terim
511 3111 586 3169 ab
618 3110 875 3171 Hectore
902 3112 968 3170 in
991 3113 1213 3172 somnis
1244 3113 1620 3185 admonetur,
1662 3119 1735 3169 ut
1757 3109 1871 3168 sibi
1899 3110 2034 3188 suga
2067 3113 2356 3188 consulat,
2388 3112 2573 3171 ‹leos—

309 3216 427 3277 que
451 3196 681 3278 patrios
723 3196 999 3256 incendio
1042 3198 1259 3277 eripiat
1293 3201 1530 3262 —297.
1618 3197 1722 3255 {lle
1761 3206 1994 3270 tamen,
2054 3196 2365 3257 honestam
2393 3219 2569 3257 mor-

300 3282 429 3343 'tem
469 3282 639 3361 turpi
677 3283 849 3360 fugae
895 3284 1263 3363 praeferens,
1319 3282 1544 3342 frustra
1593 3282 1661 3340 in
1712 3302 1876 3340 arma
1916 3282 2073 3342 ruit:
2138 3285 2279 3343 satis
2316 3284 2567 3344 feliciter

307 3369 538 3449 primus
572 3368 832 3447 impetus
864 3367 1134 3427 succedit
1157 3367 1461 3444 Troianis,
1505 3367 1700 3426 donec
1727 3367 1980 3427 Coroebi
2012 3370 2326 3430 consilium
2358 3369 2568 3446 secuti,

307 3454 522 3514 sumtis
551 3454 935 3512 Graecorum
954 3454 1150 3529 armis,
1194 3473 1444 3512 suorum
1465 3453 1600 3512 telis
1631 3453 1978 3513 obruuntur
2004 3489 2082 3500 -
2102 3454 2244 3520 437.
2331 3456 2571 3517 interea

307 3540 529 3599 Priami
556 3538 717 3617 regia
764 3549 1175 3619 oppugnatur,
1233 3539 1618 3616 Priamusque
1649 3539 1775 3619 ipse
1820 3558 1855 3595 a
1879 3539 2116 3618 Pyrrho
2156 3540 2402 3601 Achillis
2439 3541 2570 3601 fflio

307 3624 670 3685 interficitur
692 3625 935 3690 —558.
1022 3626 1251 3685 Aeneas
1278 3625 1481 3702 itaque
1521 3625 1747 3684 frustra
1788 3627 2033 3693 tentatis
2074 3627 2381 3703 omnibus,
2427 3647 2571 3687 cum

305 3712 425 3770 iam
451 3710 601 3770 nihil
631 3707 756 3789 spei
782 3711 1083 3788 reliquum
1114 3720 1299 3786 esset,
1343 3731 1512 3769 sacra
1547 3709 1839 3770 Anchisae
1875 3712 2035 3790 patri
2063 3713 2410 3787 committit,
2456 3732 2571 3772 eo-

309 3816 426 3875 que
476 3797 542 3856 in
571 3794 855 3855 humeros
883 3817 1022 3856 suos
1052 3798 1305 3873 sublato,
1353 3790 1748 3874 assumtisque
1780 3795 2034 3856 Ascanio
2072 3799 2194 3858 filio
2227 3799 2571 3877 Creusaque

306 3901 532 3957 uxore,
576 3883 775 3960 fugam
803 3882 1017 3962 arripit
1047 3886 1284 3949 —728.
1373 3882 1584 3941 Graeci
1616 3902 1649 3939 a
1679 3891 1847 3961 tergo
1879 3883 2298 3961 insequuntur.
2384 3885 2453 3944 In
2495 3904 2569 3944 eo

307 3969 578 4028 tumultu
619 3968 901 4026 Creusam
948 3988 1202 4028 uxorem
1245 3967 1494 4027 amittit:
1558 3968 1725 4027 cuius
1771 3970 2148 4046 quaerendae
2199 3990 2405 4029 caussa
2455 3990 2571 4049 per

306 4062 498 4137 totam
527 4052 737 4113 urbem
773 4054 1081 4113 oberranti
1115 4054 1292 4113 obvia
1324 4053 1398 4111 fit
1437 4054 1650 4111 uxoris
1696 4054 1919 4115 Umbra
1939 4099 1957 4131 ,
2009 4056 2324 4135 virumque
2349 4057 2571 4116 mortis

307 4160 447 4199 suae
490 4140 805 4199 certiorem
842 4140 989 4199 facit
1019 4140 1278 4204 —7942
1347 4138 1475 4217 ipse
1511 4138 1585 4197 ad
1627 4140 1817 4199 socios
1859 4142 2219 4218 revertitur3
2276 4163 2398 4220 quo
2445 4142 2570 4202 iam

306 4246 555 4306 magnus
588 4224 862 4285 virorum
902 4225 1338 4302 mulierumque
1375 4242 1663 4283 numerus
1708 4227 2116 4303 confluxerat,
2174 4228 2300 4287 eius
2356 4229 2570 4309 auspi-

308 4312 495 4390 cium,
541 4329 899 4392 quocunque
931 4320 1229 4371 terrarum
1261 4309 1560 4369 abducere
1596 4310 1805 4388 vellet,
1849 4313 2014 4391 sequi
2039 4322 2306 4394 paratus.
