2882 5028
570 235 715 309 DE
778 232 1253 310 CARMINE
1311 234 1625 310 EPICO
1683 234 2055 311 VIRGIL.
2366 244 2466 314 -13

178 422 427 496 ricum
474 445 732 520 posse
786 419 1073 521 perfici
1130 432 1209 495 et
1271 422 1572 511 ornari;
1667 383 1840 495 tum
1902 422 2068 497 eius
2109 422 2232 496 vix
2289 446 2464 498 esse

184 549 409 626 posse
471 537 1063 622 argumentum
1117 523 1543 617 idoneum,
1613 524 1760 598 nisi
1808 548 1900 598 ex
1946 523 2223 602 ultima
2267 527 2466 601 anti-.

188 628 486 728 quitate
535 642 623 702 et
670 640 935 703 aetate
965 626 1313 702 heroum
1360 628 1725 728 petitum.
1827 631 1966 703 Est
2009 629 2225 703 enim
2255 654 2297 704 a
2326 653 2466 704 na-

186 745 350 806 tura
407 756 549 805 res
620 732 728 805 ita
794 742 1291 831 comparata,
1360 744 1453 805 ut
1518 730 1966 831 priscorum
2011 730 2461 824 hominum,

187 833 441 910 multo
506 836 773 931 magis
821 833 1210 929 heroum,
1264 836 1429 935 ipsa
1481 835 1848 924 nomina,
1904 859 2031 910 res
2071 848 2336 932 gestae
2384 849 2465 911 et

190 935 343 1012 fata
390 939 649 1013 etiam
684 961 836 1038 per
869 962 955 1013 se
992 961 1158 1012 non
1202 936 1407 1012 adeo
1446 936 2036 1033 memorabilia,
2106 940 2461 1014 animum

189 1041 651 1116 humanum
712 1053 1044 1116 teneant
1111 1052 1190 1116 et
1248 1039 1774 1117 admiratione
1837 1039 2203 1120 afficiant.
2326 1045 2465 1118 Est

186 1169 438 1244 porro
462 1143 597 1219 illa
629 1157 887 1219 aetate
918 1146 1240 1219 morum
1272 1169 1360 1219 ac
1386 1145 1590 1220 vitae
1623 1143 2079 1245 simplicitas
2111 1170 2224 1239 ea,
2258 1170 2461 1244 quae

186 1249 613 1347 poeticum
665 1260 1043 1322 ornatum
1092 1247 1633 1348 sublimesque
1692 1273 1967 1324 rerum
2019 1247 2322 1325 formas
2385 1262 2463 1323 et

187 1353 784 1426 sententiarum
849 1350 1313 1448 gravitatem
1363 1349 1622 1426 multo
1679 1351 1927 1449 magis
1979 1351 2461 1452 suppeditet,

189 1480 440 1555 quam
468 1454 630 1528 vita
659 1452 1592 1551 hominumelegantiom
1649 1453 1975 1556 quando
2026 1478 2461 1555 corporum

186 1558 446 1655 magis
490 1557 796 1632 viribus
862 1570 942 1631 et
990 1557 1444 1632 animorum
1511 1557 1821 1660 impetu
1867 1582 1956 1634 ac
2000 1559 2288 1634 virtute
2333 1583 2461 1633 res

184 1661 724 1760 gerebantur,
802 1686 1042 1761 quam
1091 1661 1602 1736 consiliorum
1645 1662 2092 1759 sagacitate,
2163 1674 2244 1737 et
2280 1662 2460 1737 artis

185 1764 320 1840 vel
360 1764 671 1862 ingenii
719 1763 1165 1844 subtilitate.
1271 1763 1639 1840 Tandem
1688 1764 2062 1862 gerendis
2102 1777 2275 1839 tum
2331 1790 2459 1841 re-

182 1867 341 1944 bus
406 1867 561 1967 ipsi
624 1866 730 1942 dii
788 1865 1240 1943 interfuisse
1293 1867 1843 1947 credebantur.
1944 1871 2060 1944 Ita
2117 1867 2459 1945 deorum

182 1971 660 2046 ministeriis
705 1995 836 2045 res
882 1970 1267 2072 explicare
1316 1983 1396 2047 et
1450 1995 1542 2048 ex
1597 1984 1770 2046 toto
1826 1971 2040 2068 cyclo
2084 1971 2460 2069 mythico,

185 2099 406 2176 quae
468 2073 755 2170 vellet,
844 2073 1330 2173 depromere
1391 2087 1725 2175 poterat.
1841 2075 2126 2151 Italicis
2191 2088 2460 2151 autem

183 2176 500 2275 mythis
534 2178 616 2254 in
661 2202 983 2254 carmen
1029 2178 1387 2254 admissis
1436 2202 1736 2254 novam
1782 2191 1861 2254 et
1888 2178 2205 2254 Graecis
2236 2178 2459 2253 inco-

183 2282 503 2379 gnitam
551 2283 1018 2357 suavitatem
1071 2282 1459 2379 adiecit*).
1567 2285 1779 2356 Tum
1824 2306 2016 2356 vero
2051 2281 2458 2381 praeclaro

184 2385 498 2462 iudicio
548 2397 1118 2482 argumentum
1170 2410 1260 2461 ex
1303 2397 1578 2460 vetere
1611 2383 1825 2482 cyclo
1874 2385 2103 2487 epico
2145 2384 2459 2482 delegit,

186 2487 558 2566 necdum
588 2501 1010 2564 tractatum
1053 2513 1096 2564 a
1132 2486 1343 2564 claro
1371 2487 1638 2589 aliquo
1675 2501 1952 2588 poeta,
2005 2513 2156 2565 nec
2188 2501 2458 2565 tamen

185 2593 439 2694 plane
489 2593 914 2688 intactum,
990 2604 1070 2669 et
1114 2592 1548 2668 Homerico
1609 2591 1935 2694 aliisque
1983 2592 2461 2669 carminibus

191 2696 425 2797 quasi
481 2697 948 2792 contiguum
998 2719 1086 2771 ac
1135 2694 1570 2772 finitimum
1597 2703 1726 2794 **).
1838 2698 1954 2771 Ita
2002 2696 2220 2773 enim
2266 2720 2461 2771 con-

189 2812 593 2900 sequutus
629 2813 748 2874 est
792 2797 995 2896 hoc,
1053 2812 1143 2874 ut
1183 2799 1600 2874 materiam
1642 2797 1979 2874 haberet
2030 2801 2461 2900 copiosam,

190 2928 351 2979 nec
378 2903 701 2998 rudem,
754 2901 900 2979 sed
930 2905 1237 3003 poetica
1260 2902 1732 2978 tractatione.
1755 2900 1851 2979 ab
1891 2901 2055 2977 aliis
2083 2903 2237 2977 iam
2271 2902 2460 2978 sub-

194 3021 459 3082 actam
518 3019 600 3081 et
636 3006 735 3082 ad
793 3006 1102 3107 epicam
1148 3005 1613 3104 dignitatem
1656 3030 1744 3082 ac
1789 3006 1952 3081 vim
2002 3030 2460 3096 accommo-

200 3110 494 3188 datam.
599 3114 992 3186 Personas
1053 3123 1135 3187 et
1189 3110 1716 3208 characteres,
1794 3133 2066 3185 mores
2112 3108 2458 3186 acffacta

199 3214 360 3290 iam
417 3212 744 3290 aliunde
790 3227 1022 3303 nota,
1077 3211 1674 3309 commendata,
1728 3214 2145 3299 constituta
2191 3239 2278 3290 ac
2315 3212 2461 3288 de-

200 3317 465 3413 finita,
520 3319 912 3419 optaverit
942 3273 1090 3393 sibi
1133 3330 1372 3419 poeta
1416 3317 1967 3418 unusquisque
1984 3325 2147 3415 ***).
2246 3315 2460 3393 Illud

200 3447 393 3498 vero
421 3420 522 3497 ad
559 3418 1170 3518 intelligendum
1208 3420 1558 3522 proclive
1592 3433 1748 3516 est,
1811 3445 2052 3520 quam
2098 3419 2459 3521 expedita

204 3551 292 3601 ac
321 3522 567 3600 facilis
592 3548 773 3600 esse
814 3523 1107 3601 debeat
1138 3525 1362 3625 copia
1396 3479 2058 3599 ornamentorum
2090 3537 2170 3600 et
2199 3524 2460 3625 episo-

206 3628 575 3706 diorum
554 3654 636 3705 ιη
687 3627 822 3704 tali
855 3640 1327 3725 argumento
1365 3642 1527 3702 tam
1560 3627 1714 3703 late
1760 3624 1941 3702 fuso
1984 3640 2063 3703 et
2098 3639 2458 3728 patente3

366 3839 425 3924 Ἴ
471 3841 553 3901 De
583 3840 702 3900 boc
730 3838 857 3899 vid.
891 3839 1140 3898 Excurs.
1173 3837 1270 3898 IV.
1313 3838 1382 3899 V.
1409 3837 1534 3898 V11.
1568 3837 1700 3898 VIII
1736 3837 1814 3896 ad
1851 3837 1954 3898 lib.
1987 3836 2119 3914 V11,
2157 3846 2289 3897 tum
2316 3838 2464 3920 plu·

202 3947 289 3987 m
315 3927 461 3990 alios
484 3928 562 3987 ad
585 3926 783 3988 libros
815 3944 979 4003 seqq.

353 4014 440 4099 ’Ἴ
490 4014 631 4076 vid.
664 4031 820 4074 mox
848 4010 1097 4088 Disquis.
1128 4009 1197 4083 11,
1229 4017 1290 4066 et
1314 4008 1566 4068 Excurs.
1595 4007 1731 4067 lad
1757 4008 1859 4067 lib.
1885 4007 1958 4083 11,
2007 4008 2257 4068 Excurs.
2290 4007 2457 4067 XVII

194 4101 399 4164 adal.
424 4112 489 4163 et
514 4102 594 4162 nl.
621 4100 745 4160 loc.

347 4196 405 4227 n
408 4189 464 4272 )
510 4189 607 4249 Eo
656 4190 953 4265 spectant
991 4198 1200 4239 versus
1238 4178 1604 4240 Horatiani
1585 4199 1651 4238 m
1690 4180 1799 4260 Ep.
1841 4178 1921 4239 ud
1950 4178 2145 4239 Pison.
2181 4181 2292 4242 131
2331 4198 2454 4255 sqq

186 4279 419 4338 Rectam
459 4278 752 4337 Iliacum
782 4289 845 4327 c.
