2882 5028
428 374 623 446 1038
951 363 1842 438 EXCURSUS
1952 363 2157 440 x1V

417 556 601 637 peu-is
642 555 856 616 umbra
902 554 1346 633 interpretibus.
1433 554 1738 612 Exornata
1784 561 1926 610 sunt
1967 551 2166 611 omnia
2222 570 2331 631 per
2391 571 2683 648 personas

415 641 811 720 symbolicas,-
869 660 1121 718 quarum
1165 641 1435 699 studium
1493 657 1791 696 summum
1849 643 1979 696 erat
2037 639 2286 697 saeculis
2349 637 2687 715 superiori-

416 725 548 802 bus,
591 727 861 807 inprimis
901 727 1058 783 inter
1100 726 1299 802 Italos,
1341 725 1679 783 Platonicae
1720 722 2127 803 philosophiae
2168 740 2377 782 amore
2424 733 2491 780 et
2524 722 2688 779 Dan-

418 813 491 870 tis
535 812 838 892 exemplo3
896 810 1099 890 ltaque
1145 811 1259 870 sub
1305 811 1469 870 vitae
1519 811 1760 868 futurae
1814 810 2147 887 ingressum
2206 810 2441 882 Error,
2507 807 2691 885 Igno-

416 897 647 972 rantia,
695 897 960 970 Veritas,
1001 896 1215 971 Ratio,
1261 895 1527 974 aliaeque
1568 895 1791 954 multae
1833 894 2099 954 Virtutes
2140 904 2202 953 et
2257 894 2459 966 Vitia,
2521 893 2695 951 Bona

415 992 479 1042 et
519 982 695 1058 Mala,
740 982 1057 1041 excubant.
1144 981 1239 1040 Ad
1279 1000 1375 1042 res
1418 981 1768 1061 praeteritas
1812 979 2043 1039 aditum
2084 980 2314 1039 faciunt
2358 989 2493 1038 tres
2539 997 2691 1057 por-

415 1080 541 1142 tae,
603 1088 857 1147 quarum
911 1087 1094 1126 unam
1139 1066 1348 1126 Cadmi
1407 1065 1516 1125 filii
1581 1074 1789 1125 tenent
1848 1086 1984 1124 curn
2044 1066 2213 1125 Poesi
2268 1074 2331 1124 et
2389 1063 2691 1137 Historia,

417 1154 666 1213 alteram
707 1154 758 1214 F
761 1153 969 1228 abula,
1011 1153 1251 1213 tertiam
1295 1153 1619 1230 Sculptura
1661 1162 1723 1210 et
1781 1152 2040 1211 Picmra.
2127 1151 2222 1210 Ad
2281 1168 2383 1210 res
2444 1150 2691 1208 suturas

418 1248 619 1299 autem
664 1248 872 1319 patent
913 1248 1120 1318 portae
1161 1257 1296 1314 sex,
1341 1257 1489 1315 quas
1534 1236 1885 1296 custodiunt
1925 1236 2281 1318 Prophetis,
2341 1235 2691 1304 Somnium,

418 1324 612 1384 nani·
631 1368 648 1400 ,
696 1324 1056 1402 Astrologia,
1100 1324 1518 1383 Necromantia
1560 1331 1622 1381 et
1664 1326 1886 1382 Sortes.
1973 1323 2104 1382 Alio
2130 1324 2264 1381 loco
2290 1321 2423 1402 (lib.
2446 1320 2689 1403 xxiv)

417 1411 629 1470 Narses
674 1411 819 1470 dum
861 1410 1109 1469 Nursiae
1149 1418 1456 1482 moratur,
1512 1427 1664 1486 quae
1703 1410 1768 1467 in
1810 1408 2042 1468 Sabinis
2098 1409 2253 1483 fuit,
2319 1425 2497 1465 nunc
2558 1408 2691 1465 Du-

417 1505 587 1555 catus
636 1496 941 1574 spoletani
995 1495 1139 1554 urbs
1183 1504 1324 1574 pst,
1383 1494 1671 1574 Sibyllam
1725 1493 1869 1553 adit.
1967 1495 2075 1553 Est
2129 1513 2277 1553 vero
2337 1494 2405 1551 in
2466 1492 2693 1551 vicinis

417 1581 585 1641 urbis
626 1582 771 1641 locis
812 1582 970 1641 inter
1011 1580 1233 1640 Montis
1279 1580 1533 1639 Victoris
1574 1582 1711 1658 iuga
1752 1581 1941 1640 Lacus
1982 1579 2241 1659 Sibyllae
2285 1577 2500 1637 dictus
2551 1598 2691 1636 cum

416 1686 618 1764 specu.
707 1667 907 1737 Viam,
952 1685 1104 1745 quae
1148 1666 1227 1724 ad
1266 1666 1555 1743 Sibyllam
1598 1665 1805 1740 ducit,
1844 1666 2086 1724 ornavit
2126 1673 2305 1744 poeta
2346 1664 2689 1744 symbolica

416 1753 579 1812 vitae
633 1752 930 1812 humanae
992 1751 1536 1832 repraesentatione
1588 1711 1919 1810 secundum
1978 1751 2359 1831 planetarum
2420 1749 2691 1808 circulos

416 1847 479 1897 et
520 1838 823 1916 signorum
865 1837 1199 1897 caelestium
1244 1838 1357 1896 ΧΠ
1398 1837 1710 1896 rationem.
1795 1836 2045 1896 Habitat
2097 1836 2326 1915 Sibylla
2384 1835 2504 1895 sub
2571 1837 2688 1892 Ca·

416 1925 697 2004 pricorno
740 1935 802 1982 et
844 1924 1141 2002 Aquario3
1194 1926 1256 1982 in
1298 1924 1422 1982 eius
1465 1922 1684 2002 palatio
1723 1922 1925 2002 plures
1982 1932 2125 1980 sunt
2178 1921 2307 1980 oeci
2368 1940 2480 1979 seu
2544 1940 2688 1978 coe—

417 2009 630 2068 nacula
674 2010 820 2068 satis
867 2011 1151 2089 spatiosa3
1193 2028 1453 2087 quorum
1495 2009 1746 2087 parietes
1790 2007 2056 2087 depictas
2096 2006 2399 2066 exhibent
2441 2025 2544 2065 res
2587 2008 2685 2065 t‘u-

419 2103 588 2154 turas
629 2114 737 2174 per
791 2095 1105 2174 periodum
1161 2104 1600 2173 nongentorum
1658 2103 1720 2152 et
1776 2094 2082 2173 sexaginta
2135 2112 2443 2153 annorum
2502 2093 2687 2150 certis

414 2180 749 2240 rationibus
790 2180 1153 2259 astrologicis
1196 2188 1469 2239 exactam
1485 2202 1504 2257 3
1543 2177 1996 2239 succedentibus
2037 2179 2211 2241 novis
2254 2178 2467 2259 figuris
2508 2179 2686 2258 prio-

417 2266 611 2340 ribus,
656 2283 809 2343 quae
850 2265 968 2323 iam
1012 2274 1296 2325 eventum
1334 2285 1543 2325 rerum
1581 2265 1935 2326 habuerant.

587 2350 736 2408 Cum
777 2349 1065 2409 Italorum
1107 2351 1508 2409 vetustiorum
1547 2351 1804 2410 inventis
1846 2351 2156 2430 figmenta,
2214 2368 2373 2428 quae
2430 2349 2493 2406 in
2545 2349 2679 2426 epi-

416 2435 499 2494 cis
539 2435 732 2517 poetis
772 2433 1054 2513 Hispanis
1094 2444 1158 2495 et
1196 2435 1494 2495 Lusitanis
1535 2444 1892 2512 occurrunt,
1937 2435 2269 2495 admodum
2310 2433 2673 2512 conspirare,

414 2541 494 2582 ex
541 2523 836 2581 Cer-vante
893 2518 985 2602 (in
1026 2523 1174 2580 Don
1238 2519 1516 2604 Quixote)
1572 2523 1860 2602 suspicari
1912 2522 2113 2598 licuit,
2171 2531 2235 2580 et
2290 2541 2443 2582 vero
2487 2521 2677 2579 etiam

417 2628 452 2666 a
493 2607 713 2683 Diezio,
756 2606 890 2667 viro
937 2607 1281 2667 doctissimo
1325 2617 1387 2667 et
1428 2608 1801 2684 amicissimo,
1844 2609 2059 2687 accepi.
2144 2608 2313 2667 Inter
2364 2607 2515 2666 alios
2560 2627 2679 2664 no-

414 2693 686 2753 bilissimi
730 2713 762 2752 e
801 2693 1239 2752 recentioribus
1280 2693 1581 2751 Lusitanis
1638 2696 1879 2773 poetae,
1943 2694 2189 2753 Comitis
2241 2694 2318 2750 de
2372 2695 2675 2766 Die-eim,

415 2779 480 2838 in
521 2779 964 2858 Hemiqueide,
1013 2799 1133 2856 qua
1173 2779 1360 2856 Regni
1399 2779 1670 2838 Lusitani
1709 2799 1818 2859 per
1857 2779 2184 2855 Henricum
2230 2778 2500 2857 primum
2562 2779 2679 2837 Co-

414 2865 621 2924 mitem
652 2864 991 2923 Lusitaniae
1035 2864 1283 2923 exordia
1314 2875 1723 2943 exponuntur,
1766 2851 2094 2943 episodium
2134 2883 2267 2922 meo
2310 2873 2537 2943 rogatu
2580 2866 2679 2922 in-

413 2959 779 3029 terpretatus
821 2957 941 3023 est,
998 2949 1163 3027 quod
1217 2949 1321 3009 lib.
1375 2949 1403 3009 1
1446 2960 1509 3008 et
1551 2952 1603 3009 11
1659 2952 2031 3009 continetur.
2087 2949 2388 3009 nem-icus
2442 2951 2678 3028 ingres-

415 3055 515 3094 sus
559 3045 800 3095 antrum
843 3034 1191 3110 fatidicum,
1236 3036 1405 3094 cuius
1446 3036 1675 3095 aditum
1719 3036 1996 3095 obsident
2035 3044 2307 3095 monstra
2348 3034 2433 3094 ad
2475 3036 2681 3094 visum

415 3129 476 3179 et
529 3121 804 3180 auditum
856 3119 1192 3196 horrenda,
1257 3121 1547 3200 prospicit
1600 3121 1965 3182 vestibulum
2018 3120 2222 3201 templi
2281 3139 2389 3179 seu
2444 3121 2679 3199 palatii,

415 3206 584 3265 cuius
641 3215 817 3285 porta
872 3206 1054 3265 variis
1109 3205 1517 3285 hieroglyphis
1576 3215 1635 3266 et
1687 3207 2137 3266 emblematibus
2191 3207 2507 3287 exsculpta
2568 3216 2676 3279 est,

415 3311 676 3369 quorum
720 3304 1139 3370 argumentum
1182 3293 1410 3352 faciunt
1457 3312 1554 3350 res
1596 3292 1857 3352 suturae.
1943 3293 2232 3353 Interiora
2275 3293 2441 3351 aedis
2487 3312 2677 3351 exor-

415 3385 565 3435 nant
604 3378 867 3455 primum
919 3386 1153 3436 statuae
1210 3397 1288 3435 ex
1342 3396 1477 3435 aere
1534 3378 1733 3438 XXIV
1794 3398 2032 3456 regum,
2091 3382 2191 3457 qui
2246 3376 2313 3437 in
2366 3379 2677 3438 Lusitanis

413 3463 723 3540 regnaturi
778 3471 953 3537 sunt,
1021 3482 1210 3540 usque
1279 3463 1358 3522 ad
1412 3463 1693 3523 loannem
1749 3465 2057 3541 quintum,
2126 3462 2396 3524 subiecto
2455 3466 2677 3544 cuique

414 3548 593 3606 titulo
636 3555 697 3604 et
737 3549 1031 3622 carmine,
1075 3556 1208 3607 tum
1251 3549 1500 3608 aliarum
1543 3558 1877 3608 statuarum
1923 3570 2171 3628 magnus
2214 3569 2527 3624 numerus,
2574 3560 2671 3609 ta-

412 3633 585 3692 bulae
627 3633 822 3711 pictae
865 3633 1127 3711 aliaeque
1168 3634 1390 3709 multa,
1447 3635 1663 3712 quibus
1717 3654 1922 3714 regum
1975 3636 2399 3695 Lusitanorum
2456 3637 2673 3700 futura

414 3708 683 3793 soboles,
727 3716 842 3778 viri
885 3719 1175 3795 illustres,
1241 3730 1299 3779 et
1349 3721 1508 3780 sacta
1548 3722 1852 3799 praeclara
1907 3731 2457 3801 repraesentantur.
2547 3726 2675 3785 Sub

393 3823 712 3893 egressum
745 3822 822 3863 ex
862 3804 1146 3883 spelunca
1201 3806 1268 3864 in
1322 3806 1608 3885 Sibyllam
1660 3805 1871 3865 incidit
1927 3806 2254 3884 Henricus,
2319 3828 2507 3886 quae,
2566 3813 2671 3871 ubi

413 3910 617 3969 preces
661 3909 796 3949 eum
839 3890 1034 3949 facere
1074 3891 1275 3966 iussit,
1318 3892 1544 3971 tripodi
1589 3911 1770 3950 aureo
1814 3891 2105 3968 insidens,
2160 3894 2356 3952 tribus
2402 3895 2673 3956 volumi-

414 3976 619 4051 nibus,
677 3995 829 4053 quae
886 3976 1108 4035 scilicet
1151 3995 1228 4034 ex
1288 3997 1508 4037 novem
1567 3978 1893 4065 Tarquinio
1950 3979 2091 4037 olim
2144 3979 2360 4038 oblatis
2419 4002 2673 4060 supere-

414 4071 589 4136 rant,
649 4062 969 4141 explicitis,
1038 4061 1288 4140 lyraque
1345 4056 1697 4141 triangulari
1760 4071 1953 4138 tacta,
2011 4084 2150 4122 suos
2205 4085 2376 4124 casus
2435 4079 2667 4142 narrat,

413 4156 546 4207 tum
587 4165 684 4206 res
724 4149 973 4226 exponit
1031 4148 1308 4227 deinceps
1362 4169 1398 4206 a
1455 4149 1751 4207 Lusitanis
1806 4148 2126 4226 gerendas,
2182 4151 2418 4210 Indiam
2474 4153 2673 4232 inpri-

411 4233 524 4292 mis
583 4241 896 4310 utramque
960 4233 1337 4313 navigatione
1404 4234 1893 4312 patefaciendam.
1978 4234 2105 4294 Sub
2171 4235 2497 4297 discessum
2556 4240 2669 4298 trin

411 4318 639 4377 talenta
684 4340 717 4376 a
763 4319 1089 4397 Tarquinio
1133 4318 1275 4377 olim
1324 4340 1435 4399 pro
1495 4320 1663 4379 libris
1716 4329 1956 4400 accepta
2014 4320 2275 4381 Henrieo
2335 4323 2398 4381 in
2454 4343 2669 4384 manus

412 4403 630 4479 tradit,
673 4412 743 4463 ut
789 4405 930 4464 inde
973 4405 1038 4466 B.
1085 4404 1313 4486 Virgini
1355 4424 1584 4465 sacram
1631 4405 1836 4466 aedem
1879 4412 2169 4466 exstruat.
