2882 5028
509 408 608 477 70

991 402 1072 474 P.
1139 398 1663 473 VIRGILII
1730 393 2275 469 MARONIS

510 592 676 661 Nec
715 583 909 660 dum
946 585 1182 659 etiam
1214 608 1528 659 caussae
1562 584 1856 658 irarum
1894 581 2266 682 saevique
2303 578 2645 655 dolores
2678 584 2780 658 25

512 685 984 766 Exciderant
1028 688 1333 778 animm
1384 699 1663 763 manet
1707 685 1857 761 alta
1898 698 2175 761 mente
2215 696 2645 785 repostum

656 880 727 934 25
761 848 988 930 necdum
1014 877 1121 931 iam
1143 840 1329 944 fragm.
1356 875 1550 929 Moret.
1618 876 1879 946 saevique
1918 873 2136 927 labores
2172 873 2333 926 Pierii
2368 873 2622 942 Longob.
2666 890 2781 924 cum

515 950 583 1001 al‘
624 958 717 1000 not
739 947 856 1000 aliis
885 965 949 998 ex
971 945 1175 1015 vulgari
1201 945 1604 1016 permutatione.
1653 945 1749 996 sed
1789 943 2012 996 dolores
2047 942 2263 1013 proprie
2301 943 2490 994 irarum
2534 941 2779 1011 inprimis

514 1038 563 1069 m
620 1018 856 1069 iebrium.
890 1017 958 1068 cf.
983 1018 1152 1066 Burm.
1289 1016 1362 1070 26
1396 1016 1727 1099 Excidet-ent
1750 1030 1880 1091 uuus
1902 1012 2052 1065 Leid.
2121 1015 2179 1065 in
2201 1013 2344 1065 inter
2366 1013 2491 1065 alta
2518 1021 2579 1064 et
2601 1024 2781 1064 mente

515 1089 615 1139 iam
641 1087 842 1138 Pierius
869 1085 1166 1137 sustulerat.

514 1285 621 1321 cas
642 1265 729 1321 sic
757 1262 988 1320 volt-em
1025 1260 1150 1319 sive
1177 1258 1280 1319 fila
1314 1279 1421 1318 sua
1462 1278 1602 1318 nere

517 1358 578 1407 et
610 1368 744 1407 cum
776 1347 848 1407 iis
874 1347 1028 1422 sata,
1071 1345 1433 1419 ἕπικλῶσαι,
1476 1344 1602 1403 sive

516 1435 666 1493 haec
724 1435 925 1491 moliri
940 1477 956 1506 ,
1035 1432 1408 1491 machinari.-
1484 1430 1604 1517 hoc

519 1521 774 1578 alterum
806 1518 1025 1578 verius.
1071 1518 1179 1593 (sic
1204 1517 1449 1576 omnino
1480 1517 1602 1575 fata

516 1605 738 1666 volvi
785 1604 1099 1680 dicuntur-3
1140 1604 1297 1661 infra
1318 1603 1411 1678 Ill,
1457 1602 1601 1668 375.

518 1712 640 1770 sq.:
683 1691 808 1766 „sic
837 1691 957 1749 fata
990 1688 1169 1748 deum
1193 1709 1307 1748 rex
1332 1688 1602 1748 Sortitur

517 1776 908 1854 volvitque
952 1775 1171 1835 vices.“
1227 1772 1403 1853 Wr.)

604 1866 707 1926 28.
742 1863 844 1925 24.
900 1863 970 1920 V
963 1864 1132 1919 eletas
1158 1861 1335 1933 belli,
1399 1859 1603 1940 paullo

519 1956 657 2007 ante
689 1947 867 2027 gesti,
911 1955 985 2005 ut
1017 1957 1183 2003 vetros
1219 1955 1279 2004 et
1322 1948 1606 2024 antiquus

520 2032 847 2092 interdum.
910 2051 969 2091 v.
1007 2032 1213 2090 Burm.
1289 2034 1451 2108 Argi
1491 2050 1602 2110 pro

518 2120 793 2197 sirgivis.
890 2117 1111 2177 Versus
1152 2116 1237 2181 25
1271 2147 1355 2162 ¹¹-
1392 2118 1494 2180 28.
1537 2114 1603 2175 in

519 2202 860 2285 parenthesi
893 2221 1016 2261 esse
1045 2202 1270 2282 positos
1300 2211 1468 2289 puta.
1525 2202 1608 2260 Id

521 2303 785 2349 metuens
803 2333 821 2364 ,
871 2300 929 2345 et
958 2287 1102 2346 belli
1122 2309 1379 2363 memor,
1429 2307 1603 2346 art-e-

521 2376 624 2433 bat
683 2377 890 2433 Troas.
995 2374 1146 2432 Cum
1206 2382 1406 2431 autem
1463 2372 1607 2431 alias

523 2480 757 2521 caussas
799 2459 1285 2539 interposuisset,
1328 2461 1607 2538 iniquum

522 2547 768 2606 Paridis
805 2546 1099 2604 iudicium
1117 2590 1134 2620 ,
1199 2567 1316 2625 quo
1355 2546 1607 2603 Iunonis

504 2633 723 2713 forma
757 2632 1005 2708 infir-ior
1020 2635 1418 2710 pronuntiata
1448 2631 1596 2708 sue-

521 2731 640 2794 rat,
688 2729 743 2776 et
777 2717 1148 2796 Ganymedis
1177 2729 1440 2795 raptum,
1492 2714 1601 2773 ad-

525 2804 618 2863 dit
643 2824 704 2864 v.
732 2806 817 2866 29
845 2805 970 2861 Hae
996 2823 1252 2861 accensa
1268 2822 1469 2879 super,
1497 2820 1605 2860 su-

522 2910 632 2969 per
679 2897 909 2964 cetera,
951 2889 1232 2967 insuper,
1283 2889 1464 2947 etiam
1511 2884 1607 2944 his

525 2974 635 3034 sihi
695 2973 865 3033 sactis
929 2973 1162 3032 iniuriis
1218 2973 1605 3046 inflammata,

525 3058 764 3118 arcebat
815 3062 1023 3116 Troas.
1098 3056 1229 3138 (sed
1287 3058 1408 3118 vid.
1466 3058 1606 3119 Not.

528 3145 607 3204 ad
647 3165 735 3204 vs.
781 3146 883 3208 29.
938 3141 1116 3224 Wr.)
1207 3141 1479 3203 Aliorum
1506 3144 1606 3203 in-

526 3236 860 3310 terpretum
888 3228 1047 3288 ratio
1064 3273 1081 3304 ,
1141 3238 1214 3288 ut
1240 3230 1313 3287 id
1347 3243 1611 3289 metuens

527 3337 665 3376 cum
694 3324 885 3374 antec.
912 3315 1190 3373 audierat
1218 3315 1444 3394 iungas,
1470 3319 1609 3374 ora-

525 3404 753 3462 tionem
808 3399 995 3458 efficit
1031 3400 1323 3459 elumbem
1362 3411 1424 3460 et
1473 3401 1609 3460 lan-

525 3487 785 3568 guidam.
826 3484 1276 3546 Anacoluthum
1294 3505 1612 3565 agnoscere

527 3574 713 3633 satius
744 3580 915 3647 esset,
952 3571 1057 3630 sed
1086 3590 1321 3630 necesse
1348 3592 1473 3631 non
1503 3579 1610 3646 est,

528 3658 750 3735 alioqui
796 3657 985 3736 possit
1019 3667 1198 3737 poeta
1236 3657 1430 3716 videri
1467 3678 1610 3717 mu-

530 3754 683 3804 tasse
724 3751 1091 3803 structuram
1133 3737 1336 3822 paullo
1369 3743 1610 3818 durius3

530 3851 668 3891 cum
713 3817 1096 3910 pergendum'
1133 3839 1326 3892 esset:
1371 3830 1441 3888 id
1486 3851 1617 3888 me-

528 3931 696 3976 tuens
744 3916 1000 3974 Iuno—
1022 3929 1077 3973 et
1107 3936 1333 3973 memor
1366 3913 1509 3975 belli
1532 3948 1616 3960 -—

530 4016 586 4061 ec
625 4022 980 4060 caussarum
1023 4010 1134 4059 etc.
1215 3997 1617 4081 (parenthesis

529 4089 635 4148 vix
665 4086 1040 4167 probabitur.
1128 4087 1276 4144 Nam
1324 4084 1615 4146 bellum

529 4175 721 4254 ipsum
756 4191 931 4233 causa
957 4171 1078 4231 odii
1096 4170 1353 4231 habetur
1366 4205 1451 4218 —
1466 4192 1617 4231 con-

528 4260 818 4340 templare
876 4258 1191 4318 formulam
1258 4258 1614 4318 annectendi

531 4347 810 4405 Necdum
851 4348 1034 4404 etima
1063 4377 1137 4389 —
1166 4344 1245 4402 ad
1284 4364 1463 4422 quam
1512 4364 1618 4403 ac-

529 4432 752 4491 cedunt
798 4449 1008 4491 causae
1038 4440 1405 4490 memoratae
1434 4430 1618 4495 25—

1689 1261 1791 1322 28.
1844 1259 1946 1317 W
1938 1257 2035 1315 ch.
2085 1289 2171 1301 —
2243 1257 2425 1316 Recte
2455 1255 2775 1317 Wunder-

1688 1342 1920 1403 lichius.
1994 1342 2099 1400 Est
2147 1341 2205 1401 h.
2258 1340 2296 1402 l.
2340 1340 2775 1415 anacoluthon,

1687 1429 1829 1489 inde
1857 1437 2056 1488 ortum
2073 1472 2089 1503 ,
2134 1426 2299 1506 quod
2326 1423 2775 1508 [metde‘hnimo

1687 1514 1807 1574 hoc
1858 1513 2322 1573 obversabatur=
2392 1516 2478 1574 Id
2509 1526 2776 1573 menceus

1688 1632 1773 1650 --
1797 1599 2040 1659 arcebat
2071 1594 2333 1658 Danaos
2365 1602 2578 1658 Latsb.
2662 1596 2771 1657 Sed

1688 1686 1906 1745 ardore
1943 1685 2177 1764 ‘poetico
2208 1684 2491 1766 abreptus
2537 1684 2654 1743 alia
2681 1683 2774 1741 in-

1689 1772 1840 1848 sert,
1905 1770 2127 1857 oblitus
2171 1766 2434 1850 coeptae*
2471 1768 2771 1830 orationis.

1689 1858 1768 1918 Et
1802 1876 2164 1935 quamquam
2209 1877 2298 1917 vs.
2345 1862 2448 1920 31.
2492 1857 2561 1916 in
2598 1856 2773 1925 viam,

1688 1942 1851 2003 unde
1882 1941 2235 2017 deflexerat,
2283 1943 2643 2018 revertitur,
2683 1950 2773 1999 ta-

1689 2048 1826 2087 men
1873 2048 1995 2103 non
2033 2027 2173 2086 licet
2227 2048 2365 2088 cum
2417 2027 2509 2087 his
2559 2029 2771 2108 priora,

1688 2114 1754 2174 id
1797 2114 1962 2193 quod
1986 2114 2321 2194 postularet
2353 2113 2772 2195 parentheseos

1689 2200 1845 2261 ratio
1871 2244 1888 2276 ,
1965 2199 2350 2278 grammatice
2399 2201 2769 2278 coniungere.

1688 2287 1813 2346 Nec
1841 2295 1992 2364 puto
2023 2285 2369 2364 Virgilium,
2411 2295 2485 2346 ut
2515 2287 2584 2345 in
2620 2285 2688 2344 V.
2713 2284 2769 2340 L.

1690 2371 1904 2430 statuit
1945 2370 2247 2450 Heynius,
2308 2392 2426 2433 vss.
2453 2375 2562 2435 23.
2591 2380 2653 2430 et
2677 2366 2769 2432 24.

1689 2458 1738 2518 si
1762 2466 2094 2518 retractare
2123 2456 2405 2533 licuisset,
2435 2457 2769 2518 deleturum

1687 2545 1897 2619 fuisse,
1951 2543 2145 2603 maior
2192 2544 2351 2603 enim
2378 2564 2553 2623 saepe
2590 2540 2769 2603 visin

1688 2629 1938 2690 turbata
1983 2628 2287 2705 oratione,
2319 2639 2525 2709 'quam
2568 2629 2637 2689 in
2667 2645 2768 2685 ex-

1690 2714 1913 2795 pedita.
1957 2714 2175 2774 Similis
2197 2725 2289 2774 est
2320 2716 2478 2775 ratio
2501 2716 2609 2790 lx,
2635 2713 2766 2778 359.

1692 2821 1851 2878 sqq.:
1914 2799 2252 2880 „Euryalus
2291 2801 2569 2881 phaleras
2615 2798 2769 2859 Rha-

1693 2885 1910 2945 mnetis
1953 2896 2014 2944 et
2054 2906 2235 2944 aurea
2270 2887 2451 2946 bullis
2510 2883 2767 2964 Cingula.

1694 2971 1934 3031 Tiburti
1977 2972 2233 3031 Remulo
2267 2973 2598 3032 ditissimus
2640 2968 2767 3029 olim

1695 3058 1868 3131 Quae
1886 3057 2077 3117 mittit
2095 3057 2273 3135 donn,
2299 3057 2564 3139 hospitio
2595 3070 2767 3136 quum

1696 3144 1986 3223 iungeret
2011 3144 2254 3219 absens,
2300 3145 2626 3219 Caedicus3
2681 3139 2771 3198 ille

1697 3249 1807 3288 suo
1847 3228 2108 3288 moriens
2153 3229 2260 3290 dat
2298 3229 2517 3290 habere
2548 3226 2769 3308 nepoti3

1698 3316 1839 3374 Post
1872 3324 2125 3375 mortem
2147 3316 2305 3375 bello
2318 3316 2525 3390 Rutuli
2547 3331 2768 3394 pugna-

1698 3419 1814 3480 que
1840 3402 2050 3481 potiti3
2096 3401 2301 3460 Haec
2343 3402 2614 3482 rapit.“
2656 3397 2765 3455 Cfr.

1698 3487 1878 3546 etiam
1921 3488 1993 3547 V.
2018 3487 2081 3546 L.
2121 3488 2200 3546 ad
2232 3487 2401 3562 vm,
2448 3488 2549 3551 51.
2602 3476 2766 3558 Wr.)

1697 3573 1800 3637 24.
1823 3576 2069 3651 prima,
2136 3573 2333 3653 prius,
2379 3573 2538 3633 olim.
2597 3592 2654 3630 v.
2698 3565 2763 3625 ad

1696 3678 1755 3717 v.
1791 3664 1846 3721 1.
1893 3656 2043 3740 (vid.
2076 3658 2153 3732 Q.
2184 3660 2252 3719 V.
2294 3659 2571 3735 XXVIII,
2617 3660 2673 3731 3,
2712 3651 2765 3709 d·

1704 3744 1872 3823 Wr.)
1944 3765 1979 3802 a
2027 3743 2256 3804 [ortino
2313 3749 2520 3804 Τιτιοιε
2567 3746 2670 3804 Το.
2722 3736 2765 3796 ll

1703 3852 1762 3910 p.
1795 3833 1937 3895 172.
1969 3830 2276 3889 redditur:
2308 3832 2599 3911 princeps.
2633 3827 2765 3886 dux-

1702 3920 1805 3980 26.
1840 3917 2065 3974 fllanet
2093 3930 2394 3994 repostum
2421 3937 2536 3996 pro
2570 3914 2768 3991 vulga-

1703 4002 1786 4075 ri,
1832 4009 1923 4059 est
1948 4003 2278 4082 repositum
2316 4002 2376 4061 in
2411 4004 2606 4061 animo
2633 3999 2761 4065 alle,

1703 4087 2014 4166 profunde.
2118 4089 2533 4167 comparanda
2588 4091 2763 4145 autem

1703 4192 1840 4233 cum
1880 4171 1973 4231 his·
2006 4174 2322 4233 Homerica
2369 4175 2448 4233 ll.
2500 4192 2581 4251 ω,
2618 4170 2766 4235 25-

1705 4262 1807 4323 30.
1892 4259 2171 4319 Formam
2213 4260 2598 4320 adumbravit
2643 4259 2766 4314 Stu-
2819 4267 2824 4274 ‘

1705 4345 1829 4404 tius
1871 4344 2059 4404 Theb.
2101 4345 2148 4420 1,
2192 4345 2339 4420 246,
2385 4346 2485 4405 ubi
2529 4343 2765 4424 Iupiter:

1705 4451 1893 4511 neque
1950 4434 2108 4490 enim
2167 4453 2391 4491 arcano
2437 4434 2510 4491 de
2554 4438 2764 4511 pec-ton
