<?xml version="1.0" encoding="UTF-8"?>
<!DOCTYPE html PUBLIC "-//W3C//DTD XHTML 1.0 Transitional//EN"
    "http://www.w3.org/TR/xhtml1/DTD/xhtml1-transitional.dtd">
<html xmlns="http://www.w3.org/1999/xhtml" xml:lang="en" lang="en">
 <head>
  <title>
</title>
<meta http-equiv="Content-Type" content="text/html;charset=utf-8" />
  <meta name='ocr-system' content='tesseract 3.04.00' />
  <meta name='ocr-capabilities' content='ocr_page ocr_carea ocr_par ocr_line ocrx_word'/>
</head>
<body>
  <div class='ocr_page' id='page_1' title='image "./pvblivsvirgiliv00sillgoog/pvblivsvirgiliv00sillgoog_0700.png"; bbox 0 0 2882 5028; ppageno 0'>
   <div class='ocr_carea' id='block_1_1' title="bbox 599 378 2152 489">
    <p class='ocr_par' dir='ltr' id='par_1_1' title="bbox 599 378 2152 489">
     <span class='ocr_line' id='line_1_1' title="bbox 599 378 2152 489; baseline 0.001 -20"><span class='ocrx_word' id='word_1_1' title='bbox 599 378 1215 469; x_wconf 75' lang='lat' dir='ltr'>AENEIDOS</span> <span class='ocrx_word' id='word_1_2' title='bbox 1271 393 1485 469; x_wconf 82' lang='lat' dir='ltr'><strong>LIB.</strong></span> <span class='ocrx_word' id='word_1_3' title='bbox 1534 393 1669 489; x_wconf 83' lang='lat' dir='ltr'>IV,</span> <span class='ocrx_word' id='word_1_4' title='bbox 1717 399 2152 472; x_wconf 83' lang='lat'><strong>499—506</strong></span> 
     </span>
    </p>
   </div>
   <div class='ocr_carea' id='block_1_2' title="bbox 2333 383 2481 472">
    <p class='ocr_par' dir='ltr' id='par_1_2' title="bbox 2333 383 2481 472">
     <span class='ocr_line' id='line_1_2' title="bbox 2333 383 2481 472; baseline 0 -1"><span class='ocrx_word' id='word_1_5' title='bbox 2333 383 2481 472; x_wconf 72' lang='lat'>677</span> 
     </span>
    </p>
   </div>
   <div class='ocr_carea' id='block_1_3' title="bbox 338 576 2224 679">
    <p class='ocr_par' dir='ltr' id='par_1_3' title="bbox 338 576 2224 679">
     <span class='ocr_line' id='line_1_3' title="bbox 338 576 2224 679; baseline 0.001 -24"><span class='ocrx_word' id='word_1_6' title='bbox 338 584 441 656; x_wconf 85' lang='lat' dir='ltr'>At</span> <span class='ocrx_word' id='word_1_7' title='bbox 466 579 774 678; x_wconf 83' lang='lat' dir='ltr'>regina,</span> <span class='ocrx_word' id='word_1_8' title='bbox 828 603 1014 679; x_wconf 83' lang='lat' dir='ltr'>pyra</span> <span class='ocrx_word' id='word_1_9' title='bbox 1104 577 1433 654; x_wconf 84' lang='lat' dir='ltr'>enetrali</span> <span class='ocrx_word' id='word_1_10' title='bbox 1475 580 1556 653; x_wconf 86' lang='lat' dir='ltr'>in</span> <span class='ocrx_word' id='word_1_11' title='bbox 1593 576 1786 653; x_wconf 84' lang='lat' dir='ltr'>sede</span> <span class='ocrx_word' id='word_1_12' title='bbox 1823 578 1970 654; x_wconf 88' lang='lat' dir='ltr'>sub</span> <span class='ocrx_word' id='word_1_13' title='bbox 2005 604 2224 656; x_wconf 83' lang='lat' dir='ltr'>auras</span> 
     </span>
    </p>
   </div>
   <div class='ocr_carea' id='block_1_4' title="bbox 224 681 1863 906">
    <p class='ocr_par' dir='ltr' id='par_1_4' title="bbox 224 681 1863 906">
     <span class='ocr_line' id='line_1_4' title="bbox 224 681 1863 783; baseline -0.002 -21"><span class='ocrx_word' id='word_1_14' title='bbox 224 687 513 762; x_wconf 82' lang='lat' dir='ltr'>Erecta</span> <span class='ocrx_word' id='word_1_15' title='bbox 547 684 846 781; x_wconf 82' lang='lat' dir='ltr'>ingenti</span> <span class='ocrx_word' id='word_1_16' title='bbox 882 696 1005 758; x_wconf 80' lang='lat' dir='ltr'>tae</span> <span class='ocrx_word' id='word_1_17' title='bbox 1068 684 1131 757; x_wconf 91' lang='lat' dir='ltr'>is</span> <span class='ocrx_word' id='word_1_18' title='bbox 1159 695 1396 783; x_wconf 84' lang='lat' dir='ltr'>atque</span> <span class='ocrx_word' id='word_1_19' title='bbox 1425 681 1602 756; x_wconf 83' lang='lat' dir='ltr'>ilice</span> <span class='ocrx_word' id='word_1_20' title='bbox 1631 694 1863 779; x_wconf 79' lang='lat' dir='ltr'>secta,</span> 
     </span>
     <span class='ocr_line' id='line_1_5' title="bbox 226 785 1336 906; baseline -0.005 -41"><span class='ocrx_word' id='word_1_21' title='bbox 226 785 749 888; x_wconf 86' lang='lat' dir='ltr'>Intenditque</span> <span class='ocrx_word' id='word_1_22' title='bbox 778 785 1049 906; x_wconf 72' lang='lat' dir='ltr'>locum</span> <span class='ocrx_word' id='word_1_23' title='bbox 1076 787 1336 881; x_wconf 82' lang='lat' dir='ltr'>sertiS‚</span> 
     </span>
    </p>
   </div>
   <div class='ocr_carea' id='block_1_5' title="bbox 337 931 912 1013">
    <p class='ocr_par' dir='ltr' id='par_1_5' title="bbox 337 931 912 1013">
     <span class='ocr_line' id='line_1_6' title="bbox 337 931 912 1013; baseline -0.014 -7"><span class='ocrx_word' id='word_1_24' title='bbox 337 931 511 1005; x_wconf 82' lang='lat'><strong>605.</strong></span> <span class='ocrx_word' id='word_1_25' title='bbox 562 946 912 1013; x_wconf 68' lang='lat' dir='ltr'>menum,</span> 
     </span>
    </p>
   </div>
   <div class='ocr_carea' id='block_1_6' title="bbox 1393 688 2480 862">
    <p class='ocr_par' dir='ltr' id='par_1_6' title="bbox 1393 688 2480 862">
     <span class='ocr_line' id='line_1_7' title="bbox 1393 688 2480 862; baseline 0 -2"><span class='ocrx_word' id='word_1_26' title='bbox 1393 797 1473 860; x_wconf 86' lang='lat' dir='ltr'>et</span> <span class='ocrx_word' id='word_1_27' title='bbox 1502 781 1796 861; x_wconf 84' lang='lat' dir='ltr'>fronde</span> <span class='ocrx_word' id='word_1_28' title='bbox 1827 797 2154 862; x_wconf 83' lang='lat' dir='ltr'>coronat</span> <span class='ocrx_word' id='word_1_29' title='bbox 2330 688 2480 764; x_wconf 68' lang='lat'>505</span> 
     </span>
    </p>
   </div>
   <div class='ocr_carea' id='block_1_7' title="bbox 227 1109 2479 1321">
    <p class='ocr_par' dir='ltr' id='par_1_7' title="bbox 227 1109 2479 1321">
     <span class='ocr_line' id='line_1_8' title="bbox 227 1109 2477 1181; baseline -0.001 -16"><span class='ocrx_word' id='word_1_30' title='bbox 227 1131 350 1166; x_wconf 87' lang='lat' dir='ltr'>mus</span> <span class='ocrx_word' id='word_1_31' title='bbox 380 1130 556 1165; x_wconf 67' lang='lat' dir='ltr'>were</span> <span class='ocrx_word' id='word_1_32' title='bbox 587 1111 939 1164; x_wconf 79' lang='lat' dir='ltr'>hemistichio.</span> <span class='ocrx_word' id='word_1_33' title='bbox 979 1109 1130 1181; x_wconf 77' lang='lat' dir='ltr'>(Mihi</span> <span class='ocrx_word' id='word_1_34' title='bbox 1161 1110 1399 1180; x_wconf 88' lang='lat' dir='ltr'>quidem,</span> <span class='ocrx_word' id='word_1_35' title='bbox 1433 1109 1481 1162; x_wconf 86' lang='lat' dir='ltr'>si</span> <span class='ocrx_word' id='word_1_36' title='bbox 1512 1110 1724 1163; x_wconf 82' lang='lat' dir='ltr'>abesset</span> <span class='ocrx_word' id='word_1_37' title='bbox 1753 1111 1857 1163; x_wconf 81' lang='lat' dir='ltr'>hoc</span> <span class='ocrx_word' id='word_1_38' title='bbox 1884 1109 2272 1176; x_wconf 67' lang='lat' dir='ltr'>hemistichion,</span> <span class='ocrx_word' id='word_1_39' title='bbox 2318 1128 2477 1179; x_wconf 84' lang='lat' dir='ltr'>prae—</span> 
     </span>
     <span class='ocr_line' id='line_1_9' title="bbox 229 1175 2479 1253; baseline -0.001 -19"><span class='ocrx_word' id='word_1_40' title='bbox 229 1201 418 1253; x_wconf 75' lang='lat' dir='ltr'>gressa</span> <span class='ocrx_word' id='word_1_41' title='bbox 447 1182 618 1234; x_wconf 84' lang='lat' dir='ltr'>oratio</span> <span class='ocrx_word' id='word_1_42' title='bbox 647 1182 1029 1251; x_wconf 83' lang='lat' dir='ltr'>quodammodo</span> <span class='ocrx_word' id='word_1_43' title='bbox 1056 1175 1526 1241; x_wconf 71' lang='grc' dir='ltr'><strong><em>ἅνανταπόδοτος</em></strong></span> <span class='ocrx_word' id='word_1_44' title='bbox 1552 1180 1847 1243; x_wconf 69' lang='lat' dir='ltr'>videretur-3</span> <span class='ocrx_word' id='word_1_45' title='bbox 1886 1181 2027 1249; x_wconf 84' lang='lat' dir='ltr'>quod</span> <span class='ocrx_word' id='word_1_46' title='bbox 2050 1180 2237 1232; x_wconf 84' lang='lat' dir='ltr'>clarius</span> <span class='ocrx_word' id='word_1_47' title='bbox 2265 1180 2479 1250; x_wconf 83' lang='lat' dir='ltr'>perspi-</span> 
     </span>
     <span class='ocr_line' id='line_1_10' title="bbox 231 1248 2477 1321; baseline -0.002 -16"><span class='ocrx_word' id='word_1_48' title='bbox 231 1253 401 1306; x_wconf 79' lang='lat' dir='ltr'>cietur</span> <span class='ocrx_word' id='word_1_49' title='bbox 416 1291 431 1316; x_wconf 90' lang='lat'>,</span> <span class='ocrx_word' id='word_1_50' title='bbox 466 1251 726 1303; x_wconf 87' lang='lat' dir='ltr'>sententia</span> <span class='ocrx_word' id='word_1_51' title='bbox 754 1252 822 1303; x_wconf 87' lang='lat' dir='ltr'>ad</span> <span class='ocrx_word' id='word_1_52' title='bbox 854 1250 1118 1320; x_wconf 79' lang='lat' dir='ltr'>vulgarem</span> <span class='ocrx_word' id='word_1_53' title='bbox 1157 1260 1210 1302; x_wconf 88' lang='lat' dir='ltr'>et</span> <span class='ocrx_word' id='word_1_54' title='bbox 1248 1250 1538 1302; x_wconf 85' lang='lat' dir='ltr'>communia</span> <span class='ocrx_word' id='word_1_55' title='bbox 1568 1260 1851 1321; x_wconf 81' lang='lat' dir='ltr'>praecepta</span> <span class='ocrx_word' id='word_1_56' title='bbox 1891 1261 2193 1319; x_wconf 73' lang='lat' dir='ltr'>sequentem</span> <span class='ocrx_word' id='word_1_57' title='bbox 2228 1248 2477 1319; x_wconf 86' lang='lat' dir='ltr'>loquendi</span> 
     </span>
    </p>
   </div>
   <div class='ocr_carea' id='block_1_8' title="bbox 228 1319 1746 1389">
    <p class='ocr_par' dir='ltr' id='par_1_8' title="bbox 228 1319 1746 1389">
     <span class='ocr_line' id='line_1_11' title="bbox 228 1319 1746 1389; baseline -0.001 -15"><span class='ocrx_word' id='word_1_58' title='bbox 228 1340 383 1374; x_wconf 80' lang='lat' dir='ltr'>usum</span> <span class='ocrx_word' id='word_1_59' title='bbox 406 1322 757 1374; x_wconf 80' lang='lat' dir='ltr'>conformata:</span> <span class='ocrx_word' id='word_1_60' title='bbox 817 1325 1017 1385; x_wconf 79' lang='lat' dir='ltr'>„Anna,</span> <span class='ocrx_word' id='word_1_61' title='bbox 1052 1336 1359 1389; x_wconf 79' lang='lat' dir='ltr'>quamquam</span> <span class='ocrx_word' id='word_1_62' title='bbox 1386 1319 1746 1372; x_wconf 82' lang='lat' dir='ltr'>vehementius</span> 
     </span>
    </p>
   </div>
   <div class='ocr_carea' id='block_1_9' title="bbox 1845 1319 2478 1388">
    <p class='ocr_par' dir='ltr' id='par_1_9' title="bbox 1845 1319 2478 1388">
     <span class='ocr_line' id='line_1_12' title="bbox 1845 1319 2478 1388; baseline 0 -17"><span class='ocrx_word' id='word_1_63' title='bbox 1845 1336 1961 1371; x_wconf 80' lang='lat' dir='ltr'>uam</span> <span class='ocrx_word' id='word_1_64' title='bbox 1993 1319 2269 1388; x_wconf 73' lang='lat' dir='ltr'>oportebat</span> <span class='ocrx_word' id='word_1_65' title='bbox 2281 1356 2296 1380; x_wconf 89' lang='lat'>,</span> <span class='ocrx_word' id='word_1_66' title='bbox 2329 1335 2478 1371; x_wconf 89' lang='lat' dir='ltr'>com-</span> 
     </span>
    </p>
   </div>
   <div class='ocr_carea' id='block_1_10' title="bbox 226 1358 2477 1459">
    <p class='ocr_par' dir='ltr' id='par_1_10' title="bbox 226 1358 2477 1459">
     <span class='ocr_line' id='line_1_13' title="bbox 226 1358 2477 1459; baseline -0.003 -15"><span class='ocrx_word' id='word_1_67' title='bbox 226 1402 434 1444; x_wconf 82' lang='lat' dir='ltr'>motum</span> <span class='ocrx_word' id='word_1_68' title='bbox 467 1390 703 1452; x_wconf 88' lang='lat' dir='ltr'>Didonis,</span> <span class='ocrx_word' id='word_1_69' title='bbox 738 1408 885 1459; x_wconf 80' lang='lat' dir='ltr'>spem</span> <span class='ocrx_word' id='word_1_70' title='bbox 922 1390 1080 1442; x_wconf 85' lang='lat' dir='ltr'>modo</span> <span class='ocrx_word' id='word_1_71' title='bbox 1107 1389 1409 1452; x_wconf 79' lang='lat' dir='ltr'>simulantis,</span> <span class='ocrx_word' id='word_1_72' title='bbox 1445 1390 1668 1441; x_wconf 84' lang='lat' dir='ltr'>uuimum</span> <span class='ocrx_word' id='word_1_73' title='bbox 1698 1358 1817 1441; x_wconf 77' lang='lat' dir='ltr'>vide</span> <span class='ocrx_word' id='word_1_74' title='bbox 1856 1399 1929 1452; x_wconf 85' lang='lat' dir='ltr'>at,</span> <span class='ocrx_word' id='word_1_75' title='bbox 1962 1397 2151 1452; x_wconf 73' lang='lat' dir='ltr'>tamen,</span> <span class='ocrx_word' id='word_1_76' title='bbox 2184 1387 2319 1439; x_wconf 81' lang='lat' dir='ltr'>nihil</span> <span class='ocrx_word' id='word_1_77' title='bbox 2350 1405 2477 1456; x_wconf 78' lang='lat' dir='ltr'>gra-</span> 
     </span>
    </p>
   </div>
   <div class='ocr_carea' id='block_1_11' title="bbox 226 1458 1511 1528">
    <p class='ocr_par' dir='ltr' id='par_1_11' title="bbox 226 1458 1511 1528">
     <span class='ocr_line' id='line_1_14' title="bbox 226 1458 1511 1528; baseline -0.003 -15"><span class='ocrx_word' id='word_1_78' title='bbox 226 1463 348 1513; x_wconf 77' lang='lat' dir='ltr'>vius</span> <span class='ocrx_word' id='word_1_79' title='bbox 375 1461 591 1523; x_wconf 86' lang='lat' dir='ltr'>timens,</span> <span class='ocrx_word' id='word_1_80' title='bbox 637 1458 793 1523; x_wconf 83' lang='lat' dir='ltr'>facit,</span> <span class='ocrx_word' id='word_1_81' title='bbox 843 1476 974 1528; x_wconf 88' lang='lat' dir='ltr'>quae</span> <span class='ocrx_word' id='word_1_82' title='bbox 1012 1459 1151 1510; x_wconf 87' lang='lat' dir='ltr'>iussa</span> <span class='ocrx_word' id='word_1_83' title='bbox 1192 1468 1322 1510; x_wconf 85' lang='lat' dir='ltr'>erat.</span> <span class='ocrx_word' id='word_1_84' title='bbox 1366 1459 1511 1526; x_wconf 80' lang='lat' dir='ltr'>Wr.)</span> 
     </span>
    </p>
   </div>
   <div class='ocr_carea' id='block_1_12' title="bbox 1651 1457 2476 1514">
    <p class='ocr_par' dir='ltr' id='par_1_12' title="bbox 1651 1457 2476 1514">
     <span class='ocr_line' id='line_1_15' title="bbox 1651 1457 2476 1514; baseline 0.001 -5"><span class='ocrx_word' id='word_1_85' title='bbox 1651 1459 1755 1514; x_wconf 86' lang='lat'>505</span> <span class='ocrx_word' id='word_1_86' title='bbox 1790 1459 1949 1510; x_wconf 71' lang='lat' dir='ltr'>tectis</span> <span class='ocrx_word' id='word_1_87' title='bbox 1988 1470 2048 1508; x_wconf 74' lang='grc' dir='ltr'>αι</span> <span class='ocrx_word' id='word_1_88' title='bbox 2084 1476 2152 1509; x_wconf 81' lang='lat' dir='ltr'>ue</span> <span class='ocrx_word' id='word_1_89' title='bbox 2176 1457 2338 1508; x_wconf 83' lang='lat' dir='ltr'>Goth.</span> <span class='ocrx_word' id='word_1_90' title='bbox 2372 1475 2476 1514; x_wconf 86' lang='lat' dir='ltr'>sec.</span> 
     </span>
    </p>
   </div>
   <div class='ocr_carea' id='block_1_13' title="bbox 224 1526 2477 1946">
    <p class='ocr_par' dir='ltr' id='par_1_13' title="bbox 224 1526 2477 1946">
     <span class='ocr_line' id='line_1_16' title="bbox 230 1526 2474 1599; baseline -0.001 -18"><span class='ocrx_word' id='word_1_91' title='bbox 230 1529 576 1599; x_wconf 65' lang='lat' dir='ltr'>Wakefield.</span> <span class='ocrx_word' id='word_1_92' title='bbox 601 1527 927 1598; x_wconf 67' lang='lat' dir='ltr'>intel-pungit</span> <span class='ocrx_word' id='word_1_93' title='bbox 950 1528 1050 1579; x_wconf 87' lang='lat' dir='ltr'>ita:</span> <span class='ocrx_word' id='word_1_94' title='bbox 1087 1532 1305 1594; x_wconf 69' lang='lat' dir='ltr'>Eneca,</span> <span class='ocrx_word' id='word_1_95' title='bbox 1337 1529 1557 1597; x_wconf 72' lang='lat' dir='ltr'>ingemi</span> <span class='ocrx_word' id='word_1_96' title='bbox 1581 1530 1760 1583; x_wconf 72' lang='lat' dir='ltr'>taedis</span> <span class='ocrx_word' id='word_1_97' title='bbox 1789 1536 1908 1591; x_wconf 65' lang='lat' dir='ltr'>cet„</span> <span class='ocrx_word' id='word_1_98' title='bbox 1942 1526 2026 1578; x_wconf 75' lang='lat' dir='ltr'>lau</span> <span class='ocrx_word' id='word_1_99' title='bbox 2066 1544 2159 1579; x_wconf 87' lang='lat' dir='ltr'>ans</span> <span class='ocrx_word' id='word_1_100' title='bbox 2187 1528 2301 1589; x_wconf 81' lang='lat' dir='ltr'>vn,</span> <span class='ocrx_word' id='word_1_101' title='bbox 2327 1527 2474 1581; x_wconf 61' lang='lat'>483:</span> 
     </span>
     <span class='ocr_line' id='line_1_17' title="bbox 227 1594 2475 1667; baseline -0.002 -16"><span class='ocrx_word' id='word_1_102' title='bbox 227 1599 464 1667; x_wconf 80' lang='lat' dir='ltr'>„Cervus</span> <span class='ocrx_word' id='word_1_103' title='bbox 490 1608 605 1650; x_wconf 84' lang='lat' dir='ltr'>erat</span> <span class='ocrx_word' id='word_1_104' title='bbox 633 1599 800 1649; x_wconf 80' lang='lat' dir='ltr'>forma</span> <span class='ocrx_word' id='word_1_105' title='bbox 828 1596 1150 1666; x_wconf 70' lang='lat' dir='ltr'>praestanti,</span> <span class='ocrx_word' id='word_1_106' title='bbox 1190 1606 1244 1648; x_wconf 86' lang='lat' dir='ltr'>et</span> <span class='ocrx_word' id='word_1_107' title='bbox 1277 1596 1605 1650; x_wconf 87' lang='lat' dir='ltr'>cornibus</span> <span class='ocrx_word' id='word_1_108' title='bbox 1640 1598 1939 1665; x_wconf 76' lang='lat' dir='ltr'>ingens.“</span> <span class='ocrx_word' id='word_1_109' title='bbox 1976 1605 2030 1647; x_wconf 89' lang='lat' dir='ltr'>et</span> <span class='ocrx_word' id='word_1_110' title='bbox 2057 1598 2157 1661; x_wconf 74' lang='lat' dir='ltr'>xl,</span> <span class='ocrx_word' id='word_1_111' title='bbox 2194 1594 2340 1650; x_wconf 76' lang='lat'><strong>124.=</strong></span> <span class='ocrx_word' id='word_1_112' title='bbox 2396 1599 2475 1660; x_wconf 89' lang='lat'>„0</span> 
     </span>
     <span class='ocr_line' id='line_1_18' title="bbox 224 1663 2477 1735; baseline -0.002 -13"><span class='ocrx_word' id='word_1_113' title='bbox 224 1670 416 1722; x_wconf 79' lang='lat' dir='ltr'>fama</span> <span class='ocrx_word' id='word_1_114' title='bbox 449 1668 726 1735; x_wconf 77' lang='lat' dir='ltr'>ingens,</span> <span class='ocrx_word' id='word_1_115' title='bbox 760 1666 1089 1735; x_wconf 74' lang='lat' dir='ltr'>ingentio</span> <span class='ocrx_word' id='word_1_116' title='bbox 1107 1685 1134 1716; x_wconf 87' lang='lat' dir='ltr'>r</span> <span class='ocrx_word' id='word_1_117' title='bbox 1168 1666 1421 1719; x_wconf 85' lang='lat' dir='ltr'>armis.“</span> <span class='ocrx_word' id='word_1_118' title='bbox 1472 1666 1609 1719; x_wconf 85' lang='lat' dir='ltr'>adde</span> <span class='ocrx_word' id='word_1_119' title='bbox 1649 1669 1744 1731; x_wconf 79' lang='lat' dir='ltr'>xl,</span> <span class='ocrx_word' id='word_1_120' title='bbox 1788 1665 1938 1727; x_wconf 52' lang='lat'>6414</span> <span class='ocrx_word' id='word_1_121' title='bbox 1973 1664 2114 1716; x_wconf 85' lang='lat' dir='ltr'>haud</span> <span class='ocrx_word' id='word_1_122' title='bbox 2150 1663 2477 1733; x_wconf 66' lang='lat' dir='ltr'>ineleganter</span> 
     </span>
     <span class='ocr_line' id='line_1_19' title="bbox 225 1734 2476 1807; baseline -0.003 -16"><span class='ocrx_word' id='word_1_123' title='bbox 225 1738 327 1791; x_wconf 79' lang='lat' dir='ltr'>ille</span> <span class='ocrx_word' id='word_1_124' title='bbox 360 1736 596 1807; x_wconf 66' lang='lat' dir='ltr'>quiderm</span> <span class='ocrx_word' id='word_1_125' title='bbox 647 1736 742 1788; x_wconf 86' lang='lat' dir='ltr'>sed</span> <span class='ocrx_word' id='word_1_126' title='bbox 765 1735 993 1805; x_wconf 77' lang='lat' dir='ltr'>vulgaris</span> <span class='ocrx_word' id='word_1_127' title='bbox 1021 1735 1160 1787; x_wconf 81' lang='lat' dir='ltr'>ratio</span> <span class='ocrx_word' id='word_1_128' title='bbox 1192 1735 1296 1801; x_wconf 82' lang='lat' dir='ltr'>hic,</span> <span class='ocrx_word' id='word_1_129' title='bbox 1331 1744 1388 1786; x_wconf 87' lang='lat' dir='ltr'>ut</span> <span class='ocrx_word' id='word_1_130' title='bbox 1416 1735 1738 1803; x_wconf 72' lang='lat' dir='ltr'>simplicior,</span> <span class='ocrx_word' id='word_1_131' title='bbox 1783 1734 2163 1804; x_wconf 75' lang='lat' dir='ltr'>praeferenda3</span> <span class='ocrx_word' id='word_1_132' title='bbox 2211 1745 2266 1786; x_wconf 88' lang='lat' dir='ltr'>et</span> <span class='ocrx_word' id='word_1_133' title='bbox 2292 1734 2476 1786; x_wconf 85' lang='lat' dir='ltr'>melius</span> 
     </span>
     <span class='ocr_line' id='line_1_20' title="bbox 226 1802 2475 1874; baseline -0.003 -14"><span class='ocrx_word' id='word_1_134' title='bbox 226 1817 436 1861; x_wconf 75' lang='lat' dir='ltr'>tantum</span> <span class='ocrx_word' id='word_1_135' title='bbox 462 1807 514 1858; x_wconf 92' lang='lat' dir='ltr'>in</span> <span class='ocrx_word' id='word_1_136' title='bbox 544 1807 646 1857; x_wconf 87' lang='lat' dir='ltr'>fine</span> <span class='ocrx_word' id='word_1_137' title='bbox 674 1822 852 1857; x_wconf 83' lang='lat' dir='ltr'>versus</span> <span class='ocrx_word' id='word_1_138' title='bbox 880 1804 1160 1869; x_wconf 79' lang='lat' dir='ltr'>inciditur,</span> <span class='ocrx_word' id='word_1_139' title='bbox 1223 1813 1282 1856; x_wconf 89' lang='lat' dir='ltr'>ut</span> <span class='ocrx_word' id='word_1_140' title='bbox 1313 1803 1441 1856; x_wconf 78' lang='lat' dir='ltr'>fecit</span> <span class='ocrx_word' id='word_1_141' title='bbox 1479 1814 1765 1874; x_wconf 83' lang='lat' dir='ltr'>praeeunte</span> <span class='ocrx_word' id='word_1_142' title='bbox 1800 1802 2199 1857; x_wconf 85' lang='lat' dir='ltr'>Wunderlichio</span> <span class='ocrx_word' id='word_1_143' title='bbox 2237 1803 2475 1867; x_wconf 77' lang='lat' dir='ltr'>Iahnius3</span> 
     </span>
     <span class='ocr_line' id='line_1_21' title="bbox 226 1872 2468 1946; baseline -0.002 -16"><span class='ocrx_word' id='word_1_144' title='bbox 226 1877 338 1931; x_wconf 77' lang='lat' dir='ltr'>vid.</span> <span class='ocrx_word' id='word_1_145' title='bbox 368 1879 522 1939; x_wconf 55' lang='grc' dir='ltr'>ΝΟΜ</span> <span class='ocrx_word' id='word_1_146' title='bbox 558 1893 864 1945; x_wconf 81' lang='lat' dir='ltr'>quamquam</span> <span class='ocrx_word' id='word_1_147' title='bbox 892 1875 949 1926; x_wconf 87' lang='lat' dir='ltr'>in</span> <span class='ocrx_word' id='word_1_148' title='bbox 963 1874 1204 1927; x_wconf 83' lang='lat' dir='ltr'>Mediceo</span> <span class='ocrx_word' id='word_1_149' title='bbox 1218 1884 1345 1946; x_wconf 81' lang='lat' dir='ltr'>post</span> <span class='ocrx_word' id='word_1_150' title='bbox 1369 1875 1586 1945; x_wconf 68' lang='lat' dir='ltr'>ingenti</span> <span class='ocrx_word' id='word_1_151' title='bbox 1626 1874 1809 1927; x_wconf 80' lang='lat' dir='ltr'>visitur</span> <span class='ocrx_word' id='word_1_152' title='bbox 1836 1874 2091 1943; x_wconf 74' lang='lat' dir='ltr'>quaedam</span> <span class='ocrx_word' id='word_1_153' title='bbox 2114 1872 2468 1926; x_wconf 83' lang='lat' dir='ltr'>distinctionis</span> 
     </span>
    </p>
   </div>
   <div class='ocr_carea' id='block_1_14' title="bbox 224 1944 561 2014">
    <p class='ocr_par' dir='ltr' id='par_1_14' title="bbox 224 1944 561 2014">
     <span class='ocr_line' id='line_1_22' title="bbox 224 1944 561 2014; baseline -0.003 -14"><span class='ocrx_word' id='word_1_154' title='bbox 224 1958 377 2000; x_wconf 77' lang='lat' dir='ltr'>nota.</span> <span class='ocrx_word' id='word_1_155' title='bbox 415 1949 499 2001; x_wconf 80' lang='lat' dir='ltr'><em>W</em></span> <span class='ocrx_word' id='word_1_156' title='bbox 492 1944 561 2014; x_wconf 86' lang='lat' dir='ltr'>r.)</span> 
     </span>
    </p>
   </div>
   <div class='ocr_carea' id='block_1_15' title="bbox 199 2094 1312 4493">
    <p class='ocr_par' dir='ltr' id='par_1_15' title="bbox 223 2094 1308 2249">
     <span class='ocr_line' id='line_1_23' title="bbox 224 2094 1308 2183; baseline 0.001 -21"><span class='ocrx_word' id='word_1_157' title='bbox 224 2104 325 2162; x_wconf 77' lang='lat' dir='ltr'>lor</span> <span class='ocrx_word' id='word_1_158' title='bbox 342 2121 418 2162; x_wconf 82' lang='lat' dir='ltr'>ex</span> <span class='ocrx_word' id='word_1_159' title='bbox 448 2094 809 2163; x_wconf 84' lang='lat' dir='ltr'>conscientia</span> <span class='ocrx_word' id='word_1_160' title='bbox 826 2102 1116 2183; x_wconf 75' lang='lat' dir='ltr'>cogitatae</span> <span class='ocrx_word' id='word_1_161' title='bbox 1138 2122 1308 2163; x_wconf 90' lang='lat' dir='ltr'>mor·-</span> 
     </span>
     <span class='ocr_line' id='line_1_24' title="bbox 223 2189 539 2249; baseline -0.006 -1"><span class='ocrx_word' id='word_1_162' title='bbox 223 2189 329 2249; x_wconf 76' lang='lat' dir='ltr'>fis.</span> <span class='ocrx_word' id='word_1_163' title='bbox 371 2190 539 2248; x_wconf 77' lang='lat' dir='ltr'>Serv.</span> 
     </span>
    </p>

    <p class='ocr_par' dir='ltr' id='par_1_16' title="bbox 203 2273 1312 4239">
     <span class='ocr_line' id='line_1_25' title="bbox 315 2273 1308 2340; baseline -0.009 -1"><span class='ocrx_word' id='word_1_164' title='bbox 315 2275 697 2340; x_wconf 83' lang='lat'><strong>500—503.</strong></span> <span class='ocrx_word' id='word_1_165' title='bbox 793 2273 1000 2334; x_wconf 78' lang='lat' dir='ltr'>Annae</span> <span class='ocrx_word' id='word_1_166' title='bbox 1060 2274 1308 2332; x_wconf 88' lang='lat' dir='ltr'>omnino</span> 
     </span>
     <span class='ocr_line' id='line_1_26' title="bbox 221 2358 1310 2420; baseline -0.003 0"><span class='ocrx_word' id='word_1_167' title='bbox 221 2358 414 2420; x_wconf 82' lang='lat' dir='ltr'>fidem</span> <span class='ocrx_word' id='word_1_168' title='bbox 442 2370 501 2419; x_wconf 91' lang='lat' dir='ltr'>et</span> <span class='ocrx_word' id='word_1_169' title='bbox 524 2360 1001 2420; x_wconf 82' lang='lat' dir='ltr'>benevolentiam</span> <span class='ocrx_word' id='word_1_170' title='bbox 1025 2360 1310 2418; x_wconf 87' lang='lat' dir='ltr'>maiorem</span> 
     </span>
     <span class='ocr_line' id='line_1_27' title="bbox 215 2445 1311 2525; baseline -0.003 -20"><span class='ocrx_word' id='word_1_171' title='bbox 215 2446 477 2522; x_wconf 85' lang='lat' dir='ltr'>tribuit,</span> <span class='ocrx_word' id='word_1_172' title='bbox 532 2465 713 2525; x_wconf 86' lang='lat' dir='ltr'>quam</span> <span class='ocrx_word' id='word_1_173' title='bbox 759 2445 976 2525; x_wconf 84' lang='lat' dir='ltr'>ingenii</span> <span class='ocrx_word' id='word_1_174' title='bbox 1021 2446 1311 2524; x_wconf 83' lang='lat' dir='ltr'>sagacita-</span> 
     </span>
     <span class='ocr_line' id='line_1_28' title="bbox 217 2532 1309 2610; baseline -0.001 -18"><span class='ocrx_word' id='word_1_175' title='bbox 217 2542 373 2593; x_wconf 84' lang='lat' dir='ltr'>tem.</span> <span class='ocrx_word' id='word_1_176' title='bbox 459 2532 663 2610; x_wconf 87' lang='lat' dir='ltr'>Itaque</span> <span class='ocrx_word' id='word_1_177' title='bbox 691 2542 752 2591; x_wconf 89' lang='lat' dir='ltr'>et</span> <span class='ocrx_word' id='word_1_178' title='bbox 775 2532 923 2591; x_wconf 89' lang='lat' dir='ltr'>haec</span> <span class='ocrx_word' id='word_1_179' title='bbox 948 2539 1128 2591; x_wconf 86' lang='lat' dir='ltr'>recte.</span> <span class='ocrx_word' id='word_1_180' title='bbox 1194 2552 1309 2591; x_wconf 81' lang='lat' dir='ltr'>no-</span> 
     </span>
     <span class='ocr_line' id='line_1_29' title="bbox 218 2617 1309 2697; baseline -0.005 -19"><span class='ocrx_word' id='word_1_181' title='bbox 218 2620 319 2678; x_wconf 73' lang='lat' dir='ltr'>m’s</span> <span class='ocrx_word' id='word_1_182' title='bbox 332 2629 678 2696; x_wconf 72' lang='lat' dir='ltr'>praetexere</span> <span class='ocrx_word' id='word_1_183' title='bbox 690 2617 924 2697; x_wconf 81' lang='lat' dir='ltr'>funera</span> <span class='ocrx_word' id='word_1_184' title='bbox 950 2619 1161 2690; x_wconf 66' lang='lat' dir='ltr'>sacris,</span> <span class='ocrx_word' id='word_1_185' title='bbox 1195 2635 1309 2674; x_wconf 85' lang='lat' dir='ltr'>ex·-</span> 
     </span>
     <span class='ocr_line' id='line_1_30' title="bbox 217 2701 1312 2782; baseline -0.001 -21"><span class='ocrx_word' id='word_1_186' title='bbox 217 2701 504 2782; x_wconf 84' lang='lat' dir='ltr'>quisitior</span> <span class='ocrx_word' id='word_1_187' title='bbox 537 2704 695 2762; x_wconf 86' lang='lat' dir='ltr'>ratio</span> <span class='ocrx_word' id='word_1_188' title='bbox 735 2723 913 2781; x_wconf 85' lang='lat' dir='ltr'>quam</span> <span class='ocrx_word' id='word_1_189' title='bbox 949 2701 1312 2763; x_wconf 80' lang='lat' dir='ltr'>communis:</span> 
     </span>
     <span class='ocr_line' id='line_1_31' title="bbox 212 2787 1310 2865; baseline -0.003 -17"><span class='ocrx_word' id='word_1_190' title='bbox 212 2809 389 2848; x_wconf 77' lang='lat' dir='ltr'>nova</span> <span class='ocrx_word' id='word_1_191' title='bbox 409 2809 610 2863; x_wconf 78' lang='lat' dir='ltr'>sacra,</span> <span class='ocrx_word' id='word_1_192' title='bbox 642 2787 942 2848; x_wconf 85' lang='lat' dir='ltr'>insolitam</span> <span class='ocrx_word' id='word_1_193' title='bbox 968 2787 1310 2865; x_wconf 84' lang='lat' dir='ltr'>religionem</span> 
     </span>
     <span class='ocr_line' id='line_1_32' title="bbox 215 2871 1309 2953; baseline -0.004 -20"><span class='ocrx_word' id='word_1_194' title='bbox 215 2894 295 2933; x_wconf 73' lang='lat' dir='ltr'>ac</span> <span class='ocrx_word' id='word_1_195' title='bbox 327 2873 685 2933; x_wconf 75' lang='lat' dir='ltr'>sacrificium</span> <span class='ocrx_word' id='word_1_196' title='bbox 702 2917 718 2948; x_wconf 94' lang='lat'>,</span> <span class='ocrx_word' id='word_1_197' title='bbox 761 2882 1109 2953; x_wconf 77' lang='lat' dir='ltr'>praetexere</span> <span class='ocrx_word' id='word_1_198' title='bbox 1119 2871 1309 2948; x_wconf 84' lang='lat' dir='ltr'>sune·</span> 
     </span>
     <span class='ocr_line' id='line_1_33' title="bbox 211 2957 1312 3036; baseline -0.005 -16"><span class='ocrx_word' id='word_1_199' title='bbox 211 2959 414 3036; x_wconf 62' lang='lat' dir='ltr'>ribus,</span> <span class='ocrx_word' id='word_1_200' title='bbox 463 2958 676 3035; x_wconf 82' lang='lat' dir='ltr'>funeri,</span> <span class='ocrx_word' id='word_1_201' title='bbox 720 2957 860 3019; x_wconf 78' lang='lat' dir='ltr'>h.‘e.</span> <span class='ocrx_word' id='word_1_202' title='bbox 886 2959 1069 3018; x_wconf 91' lang='lat' dir='ltr'>morti</span> <span class='ocrx_word' id='word_1_203' title='bbox 1097 2957 1312 3015; x_wconf 87' lang='lat' dir='ltr'>obten-</span> 
     </span>
     <span class='ocr_line' id='line_1_34' title="bbox 213 3043 1310 3125; baseline -0.004 -20"><span class='ocrx_word' id='word_1_204' title='bbox 213 3046 371 3106; x_wconf 85' lang='lat' dir='ltr'>dere</span> <span class='ocrx_word' id='word_1_205' title='bbox 386 3089 402 3120; x_wconf 95' lang='lat'>,</span> <span class='ocrx_word' id='word_1_206' title='bbox 446 3064 681 3104; x_wconf 86' lang='lat' dir='ltr'>sacrum</span> <span class='ocrx_word' id='word_1_207' title='bbox 724 3064 834 3125; x_wconf 85' lang='lat' dir='ltr'>per</span> <span class='ocrx_word' id='word_1_208' title='bbox 875 3043 1310 3103; x_wconf 74' lang='lat' dir='ltr'>simulationem</span> 
     </span>
     <span class='ocr_line' id='line_1_35' title="bbox 207 3130 1309 3208; baseline -0.005 -16"><span class='ocrx_word' id='word_1_209' title='bbox 207 3133 547 3205; x_wconf 81' lang='lat' dir='ltr'>instruere,</span> <span class='ocrx_word' id='word_1_210' title='bbox 593 3150 782 3208; x_wconf 85' lang='lat' dir='ltr'>eoque</span> <span class='ocrx_word' id='word_1_211' title='bbox 806 3130 1114 3190; x_wconf 85' lang='lat' dir='ltr'>consilium</span> <span class='ocrx_word' id='word_1_212' title='bbox 1141 3148 1309 3189; x_wconf 88' lang='lat' dir='ltr'>mor-</span> 
     </span>
     <span class='ocr_line' id='line_1_36' title="bbox 208 3211 1307 3296; baseline -0.005 -18"><span class='ocrx_word' id='word_1_213' title='bbox 208 3218 302 3278; x_wconf 83' lang='lat' dir='ltr'>tis</span> <span class='ocrx_word' id='word_1_214' title='bbox 332 3217 651 3276; x_wconf 87' lang='lat' dir='ltr'>occultare.</span> <span class='ocrx_word' id='word_1_215' title='bbox 696 3217 769 3276; x_wconf 82' lang='lat' dir='ltr'>cs.</span> <span class='ocrx_word' id='word_1_216' title='bbox 796 3235 928 3296; x_wconf 87' lang='lat' dir='ltr'>sup.</span> <span class='ocrx_word' id='word_1_217' title='bbox 967 3220 1123 3289; x_wconf 78' lang='lat'>1723</span> <span class='ocrx_word' id='word_1_218' title='bbox 1177 3211 1307 3295; x_wconf 87' lang='lat' dir='ltr'>(sed</span> 
     </span>
     <span class='ocr_line' id='line_1_37' title="bbox 206 3293 1308 3382; baseline -0.005 -18"><span class='ocrx_word' id='word_1_219' title='bbox 206 3321 297 3365; x_wconf 81' lang='lat' dir='ltr'>ne</span> <span class='ocrx_word' id='word_1_220' title='bbox 335 3303 496 3361; x_wconf 70' lang='lat' dir='ltr'>[orte</span> <span class='ocrx_word' id='word_1_221' title='bbox 521 3293 682 3361; x_wconf 67' lang='lat' dir='ltr'>&#39;llaec</span> <span class='ocrx_word' id='word_1_222' title='bbox 710 3321 820 3382; x_wconf 85' lang='lat' dir='ltr'>per</span> <span class='ocrx_word' id='word_1_223' title='bbox 860 3301 1162 3380; x_wconf 79' lang='lat' dir='ltr'>enallagen</span> <span class='ocrx_word' id='word_1_224' title='bbox 1209 3299 1308 3359; x_wconf 90' lang='lat' dir='ltr'>di-</span> 
     </span>
     <span class='ocr_line' id='line_1_38' title="bbox 210 3386 1311 3466; baseline -0.004 -18"><span class='ocrx_word' id='word_1_225' title='bbox 210 3397 321 3448; x_wconf 77' lang='lat' dir='ltr'>cta</span> <span class='ocrx_word' id='word_1_226' title='bbox 353 3396 615 3464; x_wconf 76' lang='lat' dir='ltr'>statuas,</span> <span class='ocrx_word' id='word_1_227' title='bbox 660 3396 722 3447; x_wconf 88' lang='lat' dir='ltr'>et</span> <span class='ocrx_word' id='word_1_228' title='bbox 746 3399 1089 3466; x_wconf 67' lang='lat' dir='ltr'>praetexere</span> <span class='ocrx_word' id='word_1_229' title='bbox 1117 3386 1311 3444; x_wconf 74' lang='lat' dir='ltr'>alicui</span> 
     </span>
     <span class='ocr_line' id='line_1_39' title="bbox 207 3472 1298 3553; baseline -0.005 -19"><span class='ocrx_word' id='word_1_230' title='bbox 207 3478 307 3534; x_wconf 77' lang='lat' dir='ltr'>rei</span> <span class='ocrx_word' id='word_1_231' title='bbox 350 3474 596 3553; x_wconf 77' lang='lat' dir='ltr'>aliquid</span> <span class='ocrx_word' id='word_1_232' title='bbox 639 3472 893 3549; x_wconf 86' lang='lat' dir='ltr'>dicitur,</span> <span class='ocrx_word' id='word_1_233' title='bbox 937 3481 999 3531; x_wconf 86' lang='lat' dir='ltr'>et</span> <span class='ocrx_word' id='word_1_234' title='bbox 1028 3483 1298 3551; x_wconf 74' lang='lat' dir='ltr'>pmetex.</span> 
     </span>
     <span class='ocr_line' id='line_1_40' title="bbox 208 3555 1306 3639; baseline -0.005 -20"><span class='ocrx_word' id='word_1_235' title='bbox 208 3559 468 3639; x_wconf 66' lang='lat' dir='ltr'>aliquid</span> <span class='ocrx_word' id='word_1_236' title='bbox 507 3559 723 3638; x_wconf 78' lang='lat' dir='ltr'>aliqua</span> <span class='ocrx_word' id='word_1_237' title='bbox 753 3580 851 3632; x_wconf 84' lang='lat' dir='ltr'>re;</span> <span class='ocrx_word' id='word_1_238' title='bbox 899 3556 1024 3619; x_wconf 81' lang='lat' dir='ltr'>vid.</span> <span class='ocrx_word' id='word_1_239' title='bbox 1049 3558 1185 3616; x_wconf 80' lang='lat' dir='ltr'>Not.</span> <span class='ocrx_word' id='word_1_240' title='bbox 1226 3555 1306 3615; x_wconf 80' lang='lat' dir='ltr'>ad</span> 
     </span>
     <span class='ocr_line' id='line_1_41' title="bbox 205 3642 1305 3725; baseline -0.005 -20"><span class='ocrx_word' id='word_1_241' title='bbox 205 3664 308 3705; x_wconf 76' lang='lat' dir='ltr'>vs.</span> <span class='ocrx_word' id='word_1_242' title='bbox 355 3644 500 3708; x_wconf 85' lang='lat'><strong>506.</strong></span> <span class='ocrx_word' id='word_1_243' title='bbox 552 3642 732 3725; x_wconf 85' lang='lat' dir='ltr'>Wr.)</span> <span class='ocrx_word' id='word_1_244' title='bbox 801 3663 913 3702; x_wconf 91' lang='lat' dir='ltr'>nec</span> <span class='ocrx_word' id='word_1_245' title='bbox 956 3642 1060 3702; x_wconf 78' lang='lat' dir='ltr'>illa</span> <span class='ocrx_word' id='word_1_246' title='bbox 1108 3649 1305 3700; x_wconf 85' lang='lat' dir='ltr'>mente</span> 
     </span>
     <span class='ocr_line' id='line_1_42' title="bbox 209 3725 1302 3808; baseline -0.005 -19"><span class='ocrx_word' id='word_1_247' title='bbox 209 3727 503 3808; x_wconf 69' lang='lat' dir='ltr'>concipit,</span> <span class='ocrx_word' id='word_1_248' title='bbox 544 3729 840 3789; x_wconf 85' lang='lat' dir='ltr'>Didonem</span> <span class='ocrx_word' id='word_1_249' title='bbox 870 3729 934 3788; x_wconf 89' lang='lat' dir='ltr'>in</span> <span class='ocrx_word' id='word_1_250' title='bbox 967 3728 1164 3787; x_wconf 87' lang='lat' dir='ltr'>animo</span> <span class='ocrx_word' id='word_1_251' title='bbox 1186 3725 1302 3785; x_wconf 84' lang='lat' dir='ltr'>ha-</span> 
     </span>
     <span class='ocr_line' id='line_1_43' title="bbox 204 3811 1304 3876; baseline -0.005 -1"><span class='ocrx_word' id='word_1_252' title='bbox 204 3816 365 3876; x_wconf 79' lang='lat' dir='ltr'>bers</span> <span class='ocrx_word' id='word_1_253' title='bbox 420 3822 546 3874; x_wconf 71' lang='lat' dir='ltr'>tam</span> <span class='ocrx_word' id='word_1_254' title='bbox 603 3815 881 3875; x_wconf 86' lang='lat' dir='ltr'>insanum</span> <span class='ocrx_word' id='word_1_255' title='bbox 941 3813 1152 3874; x_wconf 86' lang='lat' dir='ltr'>mortis</span> <span class='ocrx_word' id='word_1_256' title='bbox 1192 3811 1304 3871; x_wconf 79' lang='lat' dir='ltr'>sibi</span> 
     </span>
     <span class='ocr_line' id='line_1_44' title="bbox 206 3898 1302 3961; baseline -0.004 0"><span class='ocrx_word' id='word_1_257' title='bbox 206 3899 677 3961; x_wconf 73' lang='lat' dir='ltr'>consciscendae</span> <span class='ocrx_word' id='word_1_258' title='bbox 743 3898 1074 3960; x_wconf 86' lang='lat' dir='ltr'>eonsilium.</span> <span class='ocrx_word' id='word_1_259' title='bbox 1143 3898 1302 3957; x_wconf 75' lang='lat' dir='ltr'>conf.</span> 
     </span>
     <span class='ocr_line' id='line_1_45' title="bbox 203 3982 1303 4067; baseline -0.004 -20"><span class='ocrx_word' id='word_1_260' title='bbox 203 3986 427 4048; x_wconf 82' lang='lat' dir='ltr'>Burm.</span> <span class='ocrx_word' id='word_1_261' title='bbox 499 3983 714 4067; x_wconf 84' lang='lat' dir='ltr'>(quam</span> <span class='ocrx_word' id='word_1_262' title='bbox 767 3997 949 4044; x_wconf 79' lang='lat' dir='ltr'>mor-te</span> <span class='ocrx_word' id='word_1_263' title='bbox 1006 3982 1303 4062; x_wconf 75' lang='lat' dir='ltr'>Sychaei-⁶</span> 
     </span>
     <span class='ocr_line' id='line_1_46' title="bbox 204 4069 1301 4151; baseline -0.003 -20"><span class='ocrx_word' id='word_1_264' title='bbox 204 4071 344 4131; x_wconf 79' lang='lat' dir='ltr'>vid.</span> <span class='ocrx_word' id='word_1_265' title='bbox 383 4070 461 4130; x_wconf 88' lang='lat' dir='ltr'>de</span> <span class='ocrx_word' id='word_1_266' title='bbox 504 4069 625 4131; x_wconf 85' lang='lat' dir='ltr'>hoc</span> <span class='ocrx_word' id='word_1_267' title='bbox 663 4080 727 4131; x_wconf 87' lang='lat' dir='ltr'>et</span> <span class='ocrx_word' id='word_1_268' title='bbox 768 4070 842 4130; x_wconf 87' lang='lat' dir='ltr'>de</span> <span class='ocrx_word' id='word_1_269' title='bbox 879 4069 1164 4151; x_wconf 80' lang='lat' dir='ltr'>proximo</span> <span class='ocrx_word' id='word_1_270' title='bbox 1212 4086 1301 4129; x_wconf 84' lang='lat' dir='ltr'>vs.</span> 
     </span>
     <span class='ocr_line' id='line_1_47' title="bbox 205 4153 597 4239; baseline -0.013 -20"><span class='ocrx_word' id='word_1_271' title='bbox 205 4157 289 4219; x_wconf 80' lang='lat' dir='ltr'>V.</span> <span class='ocrx_word' id='word_1_272' title='bbox 319 4157 383 4215; x_wconf 83' lang='lat' dir='ltr'>L.</span> <span class='ocrx_word' id='word_1_273' title='bbox 418 4157 524 4217; x_wconf 89' lang='lat' dir='ltr'><em>W</em></span> <span class='ocrx_word' id='word_1_274' title='bbox 512 4153 597 4239; x_wconf 83' lang='lat' dir='ltr'>r.)</span> 
     </span>
    </p>

    <p class='ocr_par' dir='ltr' id='par_1_17' title="bbox 199 4239 1301 4493">
     <span class='ocr_line' id='line_1_48' title="bbox 301 4239 1301 4307; baseline -0.013 1"><span class='ocrx_word' id='word_1_275' title='bbox 301 4239 666 4307; x_wconf 81' lang='lat'><strong>604—508.</strong></span> <span class='ocrx_word' id='word_1_276' title='bbox 695 4240 1095 4301; x_wconf 82' lang='lat' dir='ltr'>Exsolverese</span> <span class='ocrx_word' id='word_1_277' title='bbox 1127 4256 1301 4296; x_wconf 86' lang='lat' dir='ltr'>amo-</span> 
     </span>
     <span class='ocr_line' id='line_1_49' title="bbox 199 4321 1300 4403; baseline -0.008 -14"><span class='ocrx_word' id='word_1_278' title='bbox 199 4345 280 4389; x_wconf 74' lang='lat' dir='ltr'>re</span> <span class='ocrx_word' id='word_1_279' title='bbox 307 4326 448 4387; x_wconf 76' lang='lat' dir='ltr'>vult</span> <span class='ocrx_word' id='word_1_280' title='bbox 484 4325 641 4385; x_wconf 89' lang='lat' dir='ltr'>Dido</span> <span class='ocrx_word' id='word_1_281' title='bbox 693 4326 877 4386; x_wconf 90' lang='lat' dir='ltr'>sacris</span> <span class='ocrx_word' id='word_1_282' title='bbox 914 4322 1179 4403; x_wconf 82' lang='lat' dir='ltr'>magicis:</span> <span class='ocrx_word' id='word_1_283' title='bbox 1234 4321 1300 4381; x_wconf 87' lang='lat' dir='ltr'>in</span> 
     </span>
     <span class='ocr_line' id='line_1_50' title="bbox 201 4407 1300 4493; baseline -0.006 -19"><span class='ocrx_word' id='word_1_284' title='bbox 201 4411 451 4493; x_wconf 76' lang='lat' dir='ltr'>quibus,</span> <span class='ocrx_word' id='word_1_285' title='bbox 495 4420 569 4473; x_wconf 86' lang='lat' dir='ltr'>ut</span> <span class='ocrx_word' id='word_1_286' title='bbox 598 4410 782 4473; x_wconf 87' lang='lat' dir='ltr'>modo</span> <span class='ocrx_word' id='word_1_287' title='bbox 817 4410 976 4490; x_wconf 83' lang='lat' dir='ltr'>dixi,</span> <span class='ocrx_word' id='word_1_288' title='bbox 1016 4408 1169 4470; x_wconf 86' lang='lat' dir='ltr'>illud</span> <span class='ocrx_word' id='word_1_289' title='bbox 1197 4407 1300 4468; x_wconf 89' lang='lat' dir='ltr'>in-</span> 
     </span>
    </p>
   </div>
   <div class='ocr_carea' id='block_1_16' title="bbox 1382 2100 2474 4491">
    <p class='ocr_par' dir='ltr' id='par_1_18' title="bbox 1382 2100 2474 4491">
     <span class='ocr_line' id='line_1_51' title="bbox 1389 2100 2471 2182; baseline -0.004 -20"><span class='ocrx_word' id='word_1_290' title='bbox 1389 2100 1597 2181; x_wconf 86' lang='lat' dir='ltr'>primis</span> <span class='ocrx_word' id='word_1_291' title='bbox 1625 2103 1790 2162; x_wconf 80' lang='lat' dir='ltr'>sactu</span> <span class='ocrx_word' id='word_1_292' title='bbox 1819 2120 1969 2182; x_wconf 85' lang='lat' dir='ltr'>opus</span> <span class='ocrx_word' id='word_1_293' title='bbox 2000 2110 2158 2176; x_wconf 84' lang='lat' dir='ltr'>erat,</span> <span class='ocrx_word' id='word_1_294' title='bbox 2201 2108 2274 2160; x_wconf 89' lang='lat' dir='ltr'>ut</span> <span class='ocrx_word' id='word_1_295' title='bbox 2300 2100 2471 2159; x_wconf 85' lang='lat' dir='ltr'>flam-</span> 
     </span>
     <span class='ocr_line' id='line_1_52' title="bbox 1391 2187 2474 2267; baseline -0.001 -22"><span class='ocrx_word' id='word_1_296' title='bbox 1391 2206 1490 2245; x_wconf 86' lang='lat' dir='ltr'>ma</span> <span class='ocrx_word' id='word_1_297' title='bbox 1541 2187 1923 2248; x_wconf 76' lang='lat' dir='ltr'>abolerentur</span> <span class='ocrx_word' id='word_1_298' title='bbox 1963 2187 2193 2267; x_wconf 82' lang='lat' dir='ltr'>priscae</span> <span class='ocrx_word' id='word_1_299' title='bbox 2218 2202 2474 2246; x_wconf 89' lang='lat' dir='ltr'>consue-</span> 
     </span>
     <span class='ocr_line' id='line_1_53' title="bbox 1393 2272 2471 2334; baseline -0.002 -2"><span class='ocrx_word' id='word_1_300' title='bbox 1393 2272 1623 2333; x_wconf 76' lang='lat' dir='ltr'>tudinis</span> <span class='ocrx_word' id='word_1_301' title='bbox 1708 2283 2118 2334; x_wconf 83' lang='lat' dir='ltr'>monumenta.</span> <span class='ocrx_word' id='word_1_302' title='bbox 2222 2273 2314 2332; x_wconf 84' lang='lat' dir='ltr'>Ad</span> <span class='ocrx_word' id='word_1_303' title='bbox 2375 2292 2471 2330; x_wconf 84' lang='lat' dir='ltr'>sa·</span> 
     </span>
     <span class='ocr_line' id='line_1_54' title="bbox 1393 2357 2473 2438; baseline -0.001 -20"><span class='ocrx_word' id='word_1_304' title='bbox 1393 2377 1564 2418; x_wconf 81' lang='lat' dir='ltr'>crum</span> <span class='ocrx_word' id='word_1_305' title='bbox 1596 2369 1870 2438; x_wconf 79' lang='lat' dir='ltr'>spectant</span> <span class='ocrx_word' id='word_1_306' title='bbox 1920 2378 2088 2434; x_wconf 79' lang='lat' dir='ltr'>srae3</span> <span class='ocrx_word' id='word_1_307' title='bbox 2131 2357 2473 2436; x_wconf 85' lang='lat' dir='ltr'>ambiguum</span> 
     </span>
     <span class='ocr_line' id='line_1_55' title="bbox 1393 2443 2470 2526; baseline 0.002 -23"><span class='ocrx_word' id='word_1_308' title='bbox 1393 2452 1516 2522; x_wconf 85' lang='lat' dir='ltr'>est,</span> <span class='ocrx_word' id='word_1_309' title='bbox 1562 2463 1682 2524; x_wconf 88' lang='lat' dir='ltr'>quo</span> <span class='ocrx_word' id='word_1_310' title='bbox 1723 2446 1855 2506; x_wconf 88' lang='lat' dir='ltr'>loco</span> <span class='ocrx_word' id='word_1_311' title='bbox 1895 2464 2045 2526; x_wconf 73' lang='lat' dir='ltr'>pyra</span> <span class='ocrx_word' id='word_1_312' title='bbox 2072 2443 2347 2503; x_wconf 84' lang='lat' dir='ltr'>habenda</span> <span class='ocrx_word' id='word_1_313' title='bbox 2375 2444 2470 2505; x_wconf 86' lang='lat' dir='ltr'>sit.</span> 
     </span>
     <span class='ocr_line' id='line_1_56' title="bbox 1391 2530 2473 2610; baseline 0 -20"><span class='ocrx_word' id='word_1_314' title='bbox 1391 2530 1487 2590; x_wconf 81' lang='lat' dir='ltr'>Ex</span> <span class='ocrx_word' id='word_1_315' title='bbox 1511 2532 1776 2608; x_wconf 86' lang='lat' dir='ltr'>consilio,</span> <span class='ocrx_word' id='word_1_316' title='bbox 1819 2531 1985 2610; x_wconf 88' lang='lat' dir='ltr'>quod</span> <span class='ocrx_word' id='word_1_317' title='bbox 2014 2531 2364 2604; x_wconf 81' lang='lat' dir='ltr'>dissimulat,</span> <span class='ocrx_word' id='word_1_318' title='bbox 2410 2540 2473 2590; x_wconf 88' lang='lat' dir='ltr'>et</span> 
     </span>
     <span class='ocr_line' id='line_1_57' title="bbox 1391 2614 2470 2695; baseline -0.001 -21"><span class='ocrx_word' id='word_1_319' title='bbox 1391 2634 1471 2674; x_wconf 83' lang='lat' dir='ltr'>ex</span> <span class='ocrx_word' id='word_1_320' title='bbox 1512 2626 1760 2695; x_wconf 85' lang='lat' dir='ltr'>eventu,</span> <span class='ocrx_word' id='word_1_321' title='bbox 1823 2616 1940 2678; x_wconf 85' lang='lat' dir='ltr'>suit</span> <span class='ocrx_word' id='word_1_322' title='bbox 1979 2635 2157 2695; x_wconf 79' lang='lat' dir='ltr'>rogus</span> <span class='ocrx_word' id='word_1_323' title='bbox 2198 2614 2470 2692; x_wconf 79' lang='lat' dir='ltr'>Didonis5</span> 
     </span>
     <span class='ocr_line' id='line_1_58' title="bbox 1391 2710 2472 2779; baseline -0.001 -19"><span class='ocrx_word' id='word_1_324' title='bbox 1391 2710 1688 2779; x_wconf 84' lang='lat' dir='ltr'>quatenus</span> <span class='ocrx_word' id='word_1_325' title='bbox 1739 2712 1939 2762; x_wconf 84' lang='lat' dir='ltr'>tamen</span> <span class='ocrx_word' id='word_1_326' title='bbox 2005 2721 2167 2761; x_wconf 87' lang='lat' dir='ltr'>nunc</span> <span class='ocrx_word' id='word_1_327' title='bbox 2233 2718 2472 2760; x_wconf 71' lang='lat' dir='ltr'>uerum</span> 
     </span>
     <span class='ocr_line' id='line_1_59' title="bbox 1393 2785 2469 2869; baseline -0.002 -23"><span class='ocrx_word' id='word_1_328' title='bbox 1393 2788 1686 2866; x_wconf 83' lang='lat' dir='ltr'>magicum</span> <span class='ocrx_word' id='word_1_329' title='bbox 1723 2793 2006 2869; x_wconf 74' lang='lat' dir='ltr'>paratur,</span> <span class='ocrx_word' id='word_1_330' title='bbox 2048 2795 2155 2847; x_wconf 85' lang='lat' dir='ltr'>ant</span> <span class='ocrx_word' id='word_1_331' title='bbox 2183 2785 2469 2865; x_wconf 86' lang='lat' dir='ltr'>simplici-</span> 
     </span>
     <span class='ocr_line' id='line_1_60' title="bbox 1394 2870 2468 2951; baseline -0.002 -21"><span class='ocrx_word' id='word_1_332' title='bbox 1394 2880 1491 2930; x_wconf 88' lang='lat' dir='ltr'>ter</span> <span class='ocrx_word' id='word_1_333' title='bbox 1528 2872 1826 2951; x_wconf 83' lang='lat' dir='ltr'>lignorum</span> <span class='ocrx_word' id='word_1_334' title='bbox 1869 2881 2065 2932; x_wconf 83' lang='lat' dir='ltr'>strues</span> <span class='ocrx_word' id='word_1_335' title='bbox 2117 2879 2206 2930; x_wconf 90' lang='lat' dir='ltr'>est</span> <span class='ocrx_word' id='word_1_336' title='bbox 2247 2871 2322 2929; x_wconf 85' lang='lat' dir='ltr'>ad</span> <span class='ocrx_word' id='word_1_337' title='bbox 2355 2870 2468 2929; x_wconf 93' lang='lat' dir='ltr'>ab-</span> 
     </span>
     <span class='ocr_line' id='line_1_61' title="bbox 1393 2950 2469 3033; baseline 0 -18"><span class='ocrx_word' id='word_1_338' title='bbox 1393 2957 1639 3016; x_wconf 87' lang='lat' dir='ltr'>olendas</span> <span class='ocrx_word' id='word_1_339' title='bbox 1684 2958 1967 3018; x_wconf 83' lang='lat' dir='ltr'>amatoris</span> <span class='ocrx_word' id='word_1_340' title='bbox 2020 2957 2301 3033; x_wconf 81' lang='lat' dir='ltr'>exuvias,</span> <span class='ocrx_word' id='word_1_341' title='bbox 2361 2950 2469 3015; x_wconf 81' lang='lat' dir='ltr'>aut</span> 
     </span>
     <span class='ocr_line' id='line_1_62' title="bbox 1393 3041 2469 3124; baseline -0.001 -24"><span class='ocrx_word' id='word_1_342' title='bbox 1393 3062 1532 3101; x_wconf 80' lang='lat' dir='ltr'>arae</span> <span class='ocrx_word' id='word_1_343' title='bbox 1556 3059 1757 3121; x_wconf 86' lang='lat' dir='ltr'>genus,</span> <span class='ocrx_word' id='word_1_344' title='bbox 1801 3044 1898 3103; x_wconf 88' lang='lat' dir='ltr'>cui</span> <span class='ocrx_word' id='word_1_345' title='bbox 1916 3063 2028 3124; x_wconf 84' lang='lat' dir='ltr'>pro</span> <span class='ocrx_word' id='word_1_346' title='bbox 2053 3041 2309 3103; x_wconf 78' lang='lat' dir='ltr'>victimis</span> <span class='ocrx_word' id='word_1_347' title='bbox 2329 3059 2469 3100; x_wconf 78' lang='lat' dir='ltr'>cae-</span> 
     </span>
     <span class='ocr_line' id='line_1_63' title="bbox 1391 3127 2467 3208; baseline 0 -21"><span class='ocrx_word' id='word_1_348' title='bbox 1391 3127 1471 3187; x_wconf 89' lang='lat' dir='ltr'>sis</span> <span class='ocrx_word' id='word_1_349' title='bbox 1525 3127 1923 3208; x_wconf 87' lang='lat' dir='ltr'>imponuntur</span> <span class='ocrx_word' id='word_1_350' title='bbox 1985 3130 2132 3189; x_wconf 86' lang='lat' dir='ltr'>istae</span> <span class='ocrx_word' id='word_1_351' title='bbox 2197 3127 2467 3187; x_wconf 83' lang='lat' dir='ltr'>exuviae.</span> 
     </span>
     <span class='ocr_line' id='line_1_64' title="bbox 1390 3211 2467 3295; baseline 0 -24"><span class='ocrx_word' id='word_1_352' title='bbox 1390 3213 1462 3272; x_wconf 91' lang='lat' dir='ltr'>In</span> <span class='ocrx_word' id='word_1_353' title='bbox 1492 3215 1673 3274; x_wconf 85' lang='lat' dir='ltr'>sacris</span> <span class='ocrx_word' id='word_1_354' title='bbox 1710 3215 1945 3295; x_wconf 83' lang='lat' dir='ltr'>magicis</span> <span class='ocrx_word' id='word_1_355' title='bbox 1981 3213 2185 3275; x_wconf 84' lang='lat' dir='ltr'>scrobs</span> <span class='ocrx_word' id='word_1_356' title='bbox 2211 3211 2340 3272; x_wconf 75' lang='lat' dir='ltr'>fieri</span> <span class='ocrx_word' id='word_1_357' title='bbox 2365 3231 2467 3272; x_wconf 89' lang='lat' dir='ltr'>so-</span> 
     </span>
     <span class='ocr_line' id='line_1_65' title="bbox 1387 3298 2467 3379; baseline -0.001 -21"><span class='ocrx_word' id='word_1_358' title='bbox 1387 3298 1534 3358; x_wconf 87' lang='lat' dir='ltr'>litus</span> <span class='ocrx_word' id='word_1_359' title='bbox 1578 3309 1737 3377; x_wconf 85' lang='lat' dir='ltr'>erat,</span> <span class='ocrx_word' id='word_1_360' title='bbox 1781 3321 1901 3379; x_wconf 88' lang='lat' dir='ltr'>quo</span> <span class='ocrx_word' id='word_1_361' title='bbox 1952 3302 2255 3379; x_wconf 78' lang='lat' dir='ltr'>lignorum</span> <span class='ocrx_word' id='word_1_362' title='bbox 2282 3311 2467 3358; x_wconf 73' lang='lat' dir='ltr'>simas</span> 
     </span>
     <span class='ocr_line' id='line_1_66' title="bbox 1389 3382 2467 3464; baseline -0.001 -20"><span class='ocrx_word' id='word_1_363' title='bbox 1389 3386 1830 3446; x_wconf 82' lang='lat' dir='ltr'>cumulabatur.</span> <span class='ocrx_word' id='word_1_364' title='bbox 1884 3385 2024 3447; x_wconf 82' lang='lat' dir='ltr'>vide</span> <span class='ocrx_word' id='word_1_365' title='bbox 2049 3406 2107 3447; x_wconf 79' lang='lat' dir='ltr'>v.</span> <span class='ocrx_word' id='word_1_366' title='bbox 2149 3405 2200 3444; x_wconf 88' lang='lat' dir='ltr'>c.</span> <span class='ocrx_word' id='word_1_367' title='bbox 2239 3382 2467 3464; x_wconf 82' lang='lat' dir='ltr'>Orphei</span> 
     </span>
     <span class='ocr_line' id='line_1_67' title="bbox 1388 3468 2464 3550; baseline -0.002 -20"><span class='ocrx_word' id='word_1_368' title='bbox 1388 3468 1719 3550; x_wconf 79' lang='lat' dir='ltr'>Argonaut.</span> <span class='ocrx_word' id='word_1_369' title='bbox 1754 3470 1900 3539; x_wconf 76' lang='grc'>948.</span> <span class='ocrx_word' id='word_1_370' title='bbox 1939 3475 2066 3537; x_wconf 86' lang='grc'>968</span> <span class='ocrx_word' id='word_1_371' title='bbox 2090 3489 2214 3548; x_wconf 88' lang='lat' dir='ltr'>sqq.</span> <span class='ocrx_word' id='word_1_372' title='bbox 2248 3479 2311 3529; x_wconf 91' lang='lat' dir='ltr'>et</span> <span class='ocrx_word' id='word_1_373' title='bbox 2332 3469 2464 3550; x_wconf 82' lang='lat' dir='ltr'>pri-</span> 
     </span>
     <span class='ocr_line' id='line_1_68' title="bbox 1390 3548 2466 3638; baseline 0.002 -23"><span class='ocrx_word' id='word_1_374' title='bbox 1390 3576 1490 3616; x_wconf 90' lang='lat' dir='ltr'>mo</span> <span class='ocrx_word' id='word_1_375' title='bbox 1529 3556 1664 3617; x_wconf 88' lang='lat' dir='ltr'>loco</span> <span class='ocrx_word' id='word_1_376' title='bbox 1699 3557 1913 3637; x_wconf 71' lang='lat' dir='ltr'>odyss.</span> <span class='ocrx_word' id='word_1_377' title='bbox 1966 3561 2032 3628; x_wconf 81' lang='grc' dir='ltr'>λ,</span> <span class='ocrx_word' id='word_1_378' title='bbox 2076 3558 2179 3630; x_wconf 82' lang='lat'>25,</span> <span class='ocrx_word' id='word_1_379' title='bbox 2224 3548 2466 3638; x_wconf 76' lang='grc' dir='ltr'><strong><em>βόθρον</em></strong></span> 
     </span>
     <span class='ocr_line' id='line_1_69' title="bbox 1389 3637 2462 3722; baseline -0.005 -18"><span class='ocrx_word' id='word_1_380' title='bbox 1389 3637 1598 3722; x_wconf 67' lang='grc' dir='ltr'><strong><em>ὄρυξαι.</em></strong></span> <span class='ocrx_word' id='word_1_381' title='bbox 1682 3642 1752 3702; x_wconf 87' lang='lat' dir='ltr'>In</span> <span class='ocrx_word' id='word_1_382' title='bbox 1796 3639 2046 3701; x_wconf 87' lang='lat' dir='ltr'>eandem</span> <span class='ocrx_word' id='word_1_383' title='bbox 2090 3642 2322 3700; x_wconf 83' lang='lat' dir='ltr'>foveam</span> <span class='ocrx_word' id='word_1_384' title='bbox 2364 3639 2462 3700; x_wconf 80' lang='lat' dir='ltr'>vi-</span> 
     </span>
     <span class='ocr_line' id='line_1_70' title="bbox 1388 3721 2463 3806; baseline -0.001 -22"><span class='ocrx_word' id='word_1_385' title='bbox 1388 3726 1708 3787; x_wconf 85' lang='lat' dir='ltr'>ctimarum</span> <span class='ocrx_word' id='word_1_386' title='bbox 1735 3743 2039 3788; x_wconf 77' lang='lat' dir='ltr'>caesarum</span> <span class='ocrx_word' id='word_1_387' title='bbox 2080 3726 2315 3806; x_wconf 82' lang='lat' dir='ltr'>sanguis</span> <span class='ocrx_word' id='word_1_388' title='bbox 2352 3721 2463 3784; x_wconf 83' lang='lat' dir='ltr'>ds—</span> 
     </span>
     <span class='ocr_line' id='line_1_71' title="bbox 1385 3811 2461 3889; baseline -0.003 -17"><span class='ocrx_word' id='word_1_389' title='bbox 1385 3812 1757 3873; x_wconf 83' lang='lat' dir='ltr'>mittebatur.</span> <span class='ocrx_word' id='word_1_390' title='bbox 1843 3813 1988 3872; x_wconf 83' lang='lat' dir='ltr'>Erat</span> <span class='ocrx_word' id='word_1_391' title='bbox 2024 3812 2181 3871; x_wconf 88' lang='lat' dir='ltr'>enim</span> <span class='ocrx_word' id='word_1_392' title='bbox 2219 3811 2319 3870; x_wconf 86' lang='lat' dir='ltr'>illa</span> <span class='ocrx_word' id='word_1_393' title='bbox 2346 3827 2461 3889; x_wconf 87' lang='lat' dir='ltr'>pro</span> 
     </span>
     <span class='ocr_line' id='line_1_72' title="bbox 1386 3892 2459 3983; baseline -0.002 -27"><span class='ocrx_word' id='word_1_394' title='bbox 1386 3918 1523 3974; x_wconf 74' lang='lat' dir='ltr'>aru,</span> <span class='ocrx_word' id='word_1_395' title='bbox 1546 3892 1786 3983; x_wconf 65' lang='grc' dir='ltr'>ἐσχάρᾳ.</span> <span class='ocrx_word' id='word_1_396' title='bbox 1829 3899 1983 3959; x_wconf 81' lang='lat' dir='ltr'>cons.</span> <span class='ocrx_word' id='word_1_397' title='bbox 2001 3898 2257 3957; x_wconf 84' lang='lat' dir='ltr'>Statium</span> <span class='ocrx_word' id='word_1_398' title='bbox 2273 3894 2459 3955; x_wconf 77' lang='lat' dir='ltr'>Theb.</span> 
     </span>
     <span class='ocr_line' id='line_1_73' title="bbox 1386 3981 2461 4063; baseline -0.002 -21"><span class='ocrx_word' id='word_1_399' title='bbox 1386 3981 1485 4059; x_wconf 85' lang='lat' dir='ltr'>lv,</span> <span class='ocrx_word' id='word_1_400' title='bbox 1528 3981 1672 4048; x_wconf 81' lang='lat'><strong>451.</strong></span> <span class='ocrx_word' id='word_1_401' title='bbox 1698 3984 1843 4050; x_wconf 83' lang='lat'>455.</span> <span class='ocrx_word' id='word_1_402' title='bbox 1864 4004 2009 4063; x_wconf 64' lang='lat' dir='ltr'>sqq„</span> <span class='ocrx_word' id='word_1_403' title='bbox 2038 3983 2143 4061; x_wconf 83' lang='lat' dir='ltr'>qui</span> <span class='ocrx_word' id='word_1_404' title='bbox 2176 4002 2255 4042; x_wconf 82' lang='lat' dir='ltr'>ex</span> <span class='ocrx_word' id='word_1_405' title='bbox 2288 3989 2461 4061; x_wconf 85' lang='lat' dir='ltr'>parte</span> 
     </span>
     <span class='ocr_line' id='line_1_74' title="bbox 1384 4065 2457 4130; baseline -0.001 -4"><span class='ocrx_word' id='word_1_406' title='bbox 1384 4065 1553 4127; x_wconf 85' lang='lat' dir='ltr'>hunc</span> <span class='ocrx_word' id='word_1_407' title='bbox 1595 4067 1798 4129; x_wconf 89' lang='lat' dir='ltr'>locum</span> <span class='ocrx_word' id='word_1_408' title='bbox 1830 4079 1970 4130; x_wconf 78' lang='lat' dir='ltr'>ente</span> <span class='ocrx_word' id='word_1_409' title='bbox 1995 4069 2203 4129; x_wconf 75' lang='lat' dir='ltr'>oculos</span> <span class='ocrx_word' id='word_1_410' title='bbox 2226 4066 2457 4126; x_wconf 76' lang='lat' dir='ltr'>habuit.</span> 
     </span>
     <span class='ocr_line' id='line_1_75' title="bbox 1387 4150 2456 4224; baseline -0.005 -11"><span class='ocrx_word' id='word_1_411' title='bbox 1387 4153 1630 4213; x_wconf 83' lang='lat' dir='ltr'>Scrobis</span> <span class='ocrx_word' id='word_1_412' title='bbox 1678 4152 1742 4220; x_wconf 84' lang='lat' dir='ltr'>h.</span> <span class='ocrx_word' id='word_1_413' title='bbox 1796 4154 1837 4219; x_wconf 87' lang='lat'>1.</span> <span class='ocrx_word' id='word_1_414' title='bbox 1877 4154 2039 4215; x_wconf 82' lang='lat' dir='ltr'>nulls</span> <span class='ocrx_word' id='word_1_415' title='bbox 2091 4154 2164 4213; x_wconf 84' lang='lat' dir='ltr'>fit</span> <span class='ocrx_word' id='word_1_416' title='bbox 2214 4150 2456 4224; x_wconf 89' lang='lat' dir='ltr'>mentio,</span> 
     </span>
     <span class='ocr_line' id='line_1_76' title="bbox 1387 4239 2458 4319; baseline -0.005 -22"><span class='ocrx_word' id='word_1_417' title='bbox 1387 4240 1721 4300; x_wconf 68' lang='lat' dir='ltr'>exstruitur</span> <span class='ocrx_word' id='word_1_418' title='bbox 1742 4248 1944 4300; x_wconf 76' lang='lat' dir='ltr'>temen</span> <span class='ocrx_word' id='word_1_419' title='bbox 1962 4239 2261 4319; x_wconf 75' lang='lat' dir='ltr'>lignorum</span> <span class='ocrx_word' id='word_1_420' title='bbox 2294 4243 2458 4294; x_wconf 88' lang='lat' dir='ltr'>strue</span> 
     </span>
     <span class='ocr_line' id='line_1_77' title="bbox 1382 4319 2457 4406; baseline -0.006 -23"><span class='ocrx_word' id='word_1_421' title='bbox 1382 4342 1599 4402; x_wconf 81' lang='lat' dir='ltr'>rogus,</span> <span class='ocrx_word' id='word_1_422' title='bbox 1641 4324 1746 4404; x_wconf 84' lang='lat' dir='ltr'>qui</span> <span class='ocrx_word' id='word_1_423' title='bbox 1765 4345 1889 4406; x_wconf 81' lang='lat' dir='ltr'>pro·</span> <span class='ocrx_word' id='word_1_424' title='bbox 1910 4345 2011 4385; x_wconf 84' lang='lat' dir='ltr'>ara</span> <span class='ocrx_word' id='word_1_425' title='bbox 2041 4341 2166 4382; x_wconf 86' lang='lat' dir='ltr'>esse</span> <span class='ocrx_word' id='word_1_426' title='bbox 2189 4319 2457 4394; x_wconf 68' lang='lat' dir='ltr'>videtin-5</span> 
     </span>
     <span class='ocr_line' id='line_1_78' title="bbox 1384 4404 2458 4491; baseline -0.004 -23"><span class='ocrx_word' id='word_1_427' title='bbox 1384 4408 1496 4469; x_wconf 85' lang='lat' dir='ltr'>etsi</span> <span class='ocrx_word' id='word_1_428' title='bbox 1521 4429 1667 4472; x_wconf 79' lang='lat' dir='ltr'>mox</span> <span class='ocrx_word' id='word_1_429' title='bbox 1691 4428 1872 4473; x_wconf 76' lang='lat' dir='ltr'>verus</span> <span class='ocrx_word' id='word_1_430' title='bbox 1897 4428 2076 4491; x_wconf 76' lang='lat' dir='ltr'>rogus</span> <span class='ocrx_word' id='word_1_431' title='bbox 2094 4409 2353 4483; x_wconf 75' lang='lat' dir='ltr'>futurus,</span> <span class='ocrx_word' id='word_1_432' title='bbox 2393 4404 2458 4464; x_wconf 91' lang='lat' dir='ltr'>in</span> 
     </span>
    </p>
   </div>
  </div>
 </body>
</html>
