2882 5028
453 403 607 477 870

902 397 985 471 Ρ.
1041 395 1574 472 VIRGILII
1627 393 2063 473 MARON
2084 396 2189 471 IS

456 584 863 678 concutit,
920 595 1000 658 et
1023 579 1389 657 stimulos
1422 582 1570 658 sub
1607 593 1939 682 pectore
1969 581 2206 657 vertit
2239 578 2553 679 Apollo.

456 690 567 767 Ut
596 687 981 809 primum
980 685 1211 762 cessit
1233 682 1504 778 furor,
1560 697 1638 761 et
1668 683 1943 761 rabida
1977 708 2116 760 ora

2145 685 2559 786 quierunt3

455 789 744 911 Incipit
767 794 1075 866 Aeneas
1099 787 1378 868 heros·
1430 795 1613 868 Non
1639 788 1806 865 ulla
1831 787 2228 886 laborum,

462 893 535 969 Ο
565 893 822 992 virgo,
874 917 1085 969 nova
1109 893 1222 968 mi
1252 890 1543 970 facies
1524 893 1960 1014 inopinave
1981 892 2244 990 surgit.

461 997 754 1074 Omnia
806 996 1218 1099 praecepi,
1285 1009 1525 1099 atque
1585 997 1856 1072 animo
1917 1020 2240 1073 mecum
2291 1007 2482 1071 ante
2534 1019 2713 1096 per-

458 1203 732 1281 Unum
767 1226 954 1297 oro;

1625 1100 1769 1198 egi.
2575 1105 2713 1180 105

1009 1202 1335 1304 quando
1362 1201 1495 1278 hic
1524 1201 1816 1280 inferni
1847 1202 2078 1278 ianua
2104 1202 2306 1300 regis

459 1306 761 1382 Dicitur
794 1320 875 1384 et
898 1305 1323 1382 tenebrosa
1352 1305 1578 1406 palus
1605 1305 2056 1386 Acheronte
2085 1304 2391 1382 refuso:

459 1411 588 1486 Ire
619 1409 719 1486 ad
751 1422 1272 1511 conspectum
1301 1410 1456 1485 cari
1484 1409 1867 1508 genitoris
1901 1422 1981 1485 et
2020 1432 2160 1484 ora

600 1602 699 1654 101
748 1601 959 1653 Ineunt
1004 1618 1088 1670 pr.
1134 1600 1323 1652 Hamb.
1370 1615 1473 1667 pro
1519 1617 1630 1653 var.
1676 1601 1801 1653 lect.
1873 1603 2116 1666 Quatere
2148 1596 2338 1719 {rena
2385 1597 2617 1668 proprie
2659 1598 2719 1651 de

460 1666 837 1737 aurigantibua.
904 1682 1094 1723 venat
1124 1669 1329 1739 aliquot
1361 1669 1501 1721 Pier.
1535 1686 1651 1722 cum
1690 1669 1852 1722 Goth.
1873 1603 2008 1722 Qeec.
2078 1673 2147 1722 Se

1575 1809 1677 1863 104
1724 1826 1875 1861 nova
1924 1805 2129 1928 nonus.

1109 1877 1322 1933 Scilicet
1356 1876 1547 1929 eodem
1578 1895 1668 1929 res
1699 1878 1870 1941 redit,
1907 1875 1954 1927 ai
1988 1895 2048 1946 ay

460 1754 582 1789 nem
627 1736 893 1806 vulgarem
936 1739 1157 1809 propina
1205 1738 1498 1792 accederet.

460 1806 616 1858 multi
650 1818 701 1859 et
735 1807 842 1860 hic.
879 1826 929 1861 v.
949 1826 1078 1892 sup.
1127 1811 1197 1866 80
1247 1819 1297 1861 et
1342 1807 1429 1863 49.

460 1876 647 1944 Rom„
681 1875 770 1928 hie
806 1886 862 1929 et
896 1877 1046 1932 alibi.-

459 1955 613 2014 ptura

461 2032 646 2067 tervan

685 1963 884 2015 noque,
934 1965 1000 2000 an
1036 1957 1236 2000 tantum
1271 1946 1739 2015 pronuntiatione,
1784 1916 1962 1998 tol'las.

751 2027 847 2069 eat.
915 2028 1111 2088 surget
1144 2015 1346 2069 zulich.
1380 2035 1413 2068 a
1460 2034 1531 2068 m.
1577 2034 1683 2068 sec.

2231 1668 2338 1720 hoc
2389 1668 2464 1720 ad
2517 1668 2718 1747 oratio-

1641 1741 1744 1796 102
1802 1742 1876 1791 Ue
1937 1739 2161 1790 tandem
2206 1735 2457 1789 Parrhas-

2180 1809 2300 1859 Exc.
2348 1809 2530 1860 Burm.
2602 1808 2722 1858 mhi

2092 1877 2217 1929 abac
2250 1885 2557 1929 contractas
2592 1877 2720 1928 acri-

2031 1947 2137 1998 Sed
2187 1946 2492 1999 constantia
2541 1946 2599 1997 in
2643 1947 2719 1998 hi·

1824 2016 1926 2071 105
1967 2018 2191 2098 pereicp
2234 2015 2386 2066 multi
2436 2015 2628 2097 scripti
2671 2025 2723 2067 et

463 2083 609 2136 editi.
690 2085 797 2137 Sed
851 2087 1113 2157 praecepi
1166 2088 1318 2138 Rom.
1370 2085 1563 2137 Medic.
1608 2094 1665 2136 et
1712 2083 1804 2137 alii
1851 2084 2167 2136 vetustiores
2214 2103 2327 2137 cum
2373 2086 2588 2137 Servio.
2665 2087 2723 2136 Et

458 2221 518 2272 in
567 2223 784 2275 Terent.

458 2289 734 2360 interpret.

924 2227 1031 2281 106
1075 2225 1199 2278 121⁶.
1248 2226 1397 2277 Dicis

461 2448 618 2526 „ait,
658 2467 803 2507 vera
816 2491 835 2523 ‚
883 2449 1113 2509 laeaeida.
1205 2449 1551 2511 Alexander

464 2534 960 2612 (Grammaticus,
1002 2557 1161 2596 unua
1189 2558 1267 2598 ex
1296 2539 1551 2598 vetustis

461 2630 674 2703 poetae
732 2620 1291 2707 interpretibus),
1294 2645 1369 2699 ,a
1430 2646 1551 2705 quo

462 2710 696 2786 accepit
756 2709 1003 2786 Sergius
1071 2706 1204 2790 (leg.
1255 2706 1549 2790 Servius),

461 2813 625 2874 pro,
703 2796 861 2852 veris
917 2792 1167 2853 obscura
1228 2799 1529 2870 mccc-ems
1513 2798 1551 2831 “

462 2879 618 2938 male
664 2877 830 2939 haec.
918 2879 1037 2938 Sed
1094 2881 1388 2939 involvere
1441 2880 1550 2940 ob-

462 2967 674 3041 scuris,
725 2974 817 3025 eat
846 2964 1194 3025 obscurare·
1179 3009 1197 3043 ,
1240 2975 1313 3025 ut
1349 2968 1551 3027 invol-

462 3072 597 3109 vere
627 3050 915 3129 caligine,
949 3055 1550 3116 nocte.100.101.

463 3157 539 3194 ea
550 3134 744 3213 frena
765 3136 881 3214 s.,
931 3134 1006 3194 de
1030 3136 1332 3197 concitato
1372 3137 1554 3197 animi

463 3220 727 3299 impetu;
776 3230 849 3280 ut
889 3221 1032 3280 alias
1079 3221 1155 3280 de
1198 3241 1399 3282 cursu.
1478 3243 1552 3282 ea

464 3312 602 3369 τοῖσι
627 3352 646 3382 ,
709 3313 835 3366 tam
877 3305 1080 3366 valida
1107 3349 1124 3383 ,
1190 3327 1349 3388 pro:
1409 3328 1551 3366 nam

466 3390 796 3451 admodum
842 3392 1046 3453 valida
1082 3392 1298 3471 frena.
1369 3393 1448 3453 cf.
1487 3413 1549 3455 v.

467 3479 571 3540 79.
600 3480 703 3541 80.
772 3475 1154 3557 (eastena,
1201 3499 1356 3538 non:
1401 3487 1551 3538 tam

467 3561 756 3622 valida.
858 3562 1190 3624 Refer-enda
1254 3563 1404 3624 baec
1471 3564 1551 3625 ad

469 3646 604 3706 illa:
670 3646 951 3708 Obecwie
1002 3670 1146 3708 vera
1203 3651 1549 3724 involvent-5

468 3733 508 3792 i.
539 3751 588 3791 e.
614 3730 703 3791 ita
726 3740 1027 3814 temperet
1051 3734 1268 3814 Apollo
1293 3735 1555 3815 Sibyllae

469 3826 678 3899 pectus
689 3861 707 3894 ‚
739 3828 812 3877 ut
858 3820 912 3878 ei
944 3840 1070 3880 non
1107 3820 1288 3880 liceat
1324 3822 1556 3901 simpli-

471 3923 599 3964 cem
636 3923 842 3965 rerum
879 3905 1197 3966 veritatem
1256 3926 1552 3986 promere,

471 3990 576 4051 sed
602 4000 671 4051 ut
701 3991 1014 4071 ambagum
1053 3992 1417 4054 obscuritate
1453 3994 1555 4051 in·-

472 4078 683 4137 volvat
709 4096 872 4137 vera.
955 4075 1091 4137 vid.
1124 4078 1201 4152 Q.
1253 4078 1320 4138 V.
1369 4079 1556 4155 XVII,

475 4167 532 4226 8.
585 4159 763 4243 Wr.)
850 4165 1121 4223 stimulos
1190 4161 1255 4245 (i.
1300 4184 1349 4225 e.
1430 4186 1558 4225 eos

473 4252 630 4311 stim.
680 4251 788 4310 W
777 4246 861 4331 r.)
917 4248 1027 4308 cub
1079 4261 1318 4326 pectore
1359 4253 1553 4327 vertit,

473 4332 534 4393 11.
564 4353 614 4393 e.
641 4335 705 4393 in
740 4344 984 4414 pectore
1026 4333 1171 4415 figit.
1258 4335 1379 4395 Sed
1417 4337 1557 4415 plue

474 4419 626 4477 inest
674 4419 849 4481 alteii
907 4420 1143 4497 verb03
1202 4422 1555 4483 continuato

326 2219 335 2224 Α
460 2152 567 2205 hoc
601 2153 872 2208 eruditius.
906 2156 975 2207 cf.
1010 2156 1107 2237 inf:
1142 2157 1217 2221 X,
1252 2157 1375 2210 277.
1439 2172 1565 2275 gne
1590 2156 1791 2228 peregi
1821 2158 2021 2207 Seneca
2052 2153 2233 2236 Epist.
2255 2157 2326 2212 76
2361 2163 2419 2204 et
2455 2155 2722 2224 Engrapb.

1490 2224 1592 2277 eid.
1639 2241 1805 2289 unua,
1872 2233 1928 2276 et
1971 2225 2158 2277 Franc.
2214 2222 2272 2275 in
2337 2225 2614 2293 margine,
2668 2241 2723 2276 ex

1635 2471 1716 2512 sc.
1786 2453 1934 2512 ictu.
2022 2452 2224 2509 Frena
2287 2459 2350 2509 et
2422 2454 2720 2527 cumulos,

1636 2538 1717 2598 ad
1742 2539 2007 2599 furorem
2039 2537 2476 2597 declarandum
2503 2560 2540 2597 a
2576 2540 2725 2599 Tra-

1634 2624 1780 2703 gicis
1819 2623 2005 2684 habet
2036 2632 2255 2703 poeta5
2294 2624 2464 2683 forte
2505 2644 2586 2684 ex
2639 2619 2725 2688 οἳ·

1639 2730 1812 2791 στρος
1852 2708 2297 2770 natos.1nter
2351 2709 2521 2784 loca,
2577 2729 2725 2788 qnae

1635 2796 1894 2875 Interpr.
1937 2793 2221 2870 laudant,
2274 2815 2439 2854 unus
2485 2806 2579 2855 est
2625 2817 2722 2855 ac·-

1635 2881 2052 2941 commodatua
2136 2880 2442 2960 Euripidis
2520 2883 2574 2959 (Ι
2573 2881 2720 2963 phgr

1634 2967 1700 3026 in
1742 2968 1926 3029 Taur.
1978 2964 2130 3048 935)
2187 2965 2265 3024 de
2318 2966 2535 3026 furiis:
2573 2903 2722 3048 offici·

1638 3070 1859 3159 erqovv
1920 3050 2100 3128 θεαὶ,
2155 3045 2342 3125 “Ωςτ’
2420 3049 2724 3135 ulnarum*

1640 3156 1813 3219 στομι
1889 3137 2247 3217 ἐπεμβαλεῖν
2296 3136 2459 3217 ἐμοὶ.

1729 3222 1869 3289 104.
1897 3223 2107 3302 facies
2160 3231 2250 3282 est
2287 3225 2532 3321 species
2553 3270 2576 3302 ‚
2629 3243 2730 3305 ge-

1635 3328 1784 3386 nus;
1834 3312 2059 3388 ειυᾈνίι,
2121 3308 2417 3386 exquisite
2434 3353 2454 3383 ‚
2514 3312 2728 3381 evenit,

1638 3394 1921 3454 occurrit.
2007 3394 2246 3453 Scilicet
2287 3396 2578 3457 audierat
2613 3397 2730 3457 Ae·

1639 3500 1782 3540 neas
1810 3479 2007 3539 omnia
2040 3501 2075 3538 a
2105 3490 2278 3560 patre
2310 3481 2384 3559 V,
2410 3487 2565 3547 730.
2607 3487 2723 3548 731

1637 3575 1700 3626 et
1760 3565 1991 3626 Heleno
2056 3566 2156 3640 ΙΙΙ,
2203 3566 2353 3633 458.
2406 3572 2724 3648 praecepi.

1637 3651 1772 3711 Non
1794 3653 1949 3711 male
1976 3650 2306 3732 Aeschylus
2338 3665 2730 3734 comparatur

1637 3736 2175 3802 Prometh.1o1—
2201 3742 2341 3803 103
2381 3745 2730 3822 pengipo

1637 3824 1906 3903 vulgari,
1950 3824 2114 3903 exegi
2136 3867 2155 3899 ‚
2197 3825 2517 3903 perpendi.

1730 3913 2104 3977 106--109-
2149 3913 2339 3969 ianua
2371 3915 2541 3989 regis
2581 3910 2649 3974 h.
2686 3930 2732 3970 ε.

1639 3994 1845 4074 palatii
1890 3994 1989 4054 vel
2029 3995 2192 4074 regni
2256 3995 2480 4056 aditus.
2570 4014 2730 4058 eeno—

1642 4079 1818 4139 brosa
1869 4081 2058 4158 palus
2106 4081 2442 4141 Acheronte
2506 4086 2728 4164 resum-

1642 4165 1795 4226 Cum
1825 4164 2228 4227 Acherontem
2251 4188 2397 4228 mox
2426 4170 2492 4227 in
2530 4170 2736 4230 intui:

1643 4245 1791 4311 locis
1845 4252 1992 4330 poni
2057 4272 2093 4312 a
2154 4263 2337 4334 poeta
2391 4254 2736 4323 videamus.

1642 4339 1923 4414 Servim,
1966 4346 2028 4397 et
2081 4358 2159 4400 ex
2215 4358 2286 4398 eo
2343 4340 2737 4422 Pomponius,

1640 4383 2070 4503 pronuntiant:
2127 4426 2434 4486 Ανωπωη
2481 4427 2736 4506 signfi-
