2882 5028
651 339 835 413 AD
941 332 1593 409 LIBRUM
1690 330 1828 404 111
2220 332 2368 406 577

174 550 271 607 quo
292 529 528 606 sactum,
570 537 642 588 ut
667 529 941 587 confusas
962 527 1180 607 pssum
1225 544 1361 584 cum
1395 522 1491 582 his
1535 519 1679 600 ipsis
1715 519 1948 581 videas:
1996 520 2103 579 etsi
2145 519 2372 581 Home-

170 635 257 674 rus
281 614 482 674 diserte
523 634 620 673 eas
666 614 1051 673 distinxerat:
1106 610 1320 690 Odyss.
1368 632 1429 682 υ,
1469 611 1571 673 77.
1616 608 1719 671 78.
1802 606 1936 665 Hoc
1972 624 2164 665 unum
2207 616 2370 666 recte

174 699 424 760 traditum
470 702 531 760 in
582 710 853 760 extrema
891 707 1060 778 parte
1115 704 1290 756 notae
1323 693 1645 754 Servianae
1687 701 1750 750 et
1790 690 1855 751 in
1897 701 2043 752 nota
2082 691 2368 752 Cerdana.

171 783 397 847 Accessit
444 787 504 845 in
550 796 729 866 poeta
782 797 842 843 et
895 784 1045 857 hoc,
1103 782 1268 861 quod
1304 780 1465 839 maJa'
1505 776 1863 837 denuntiant
1901 786 1963 836 et
1998 777 2369 857 praedicunt.

172 872 295 931 Nam
331 872 408 931 sic
437 872 719 932 Celaeno:
770 872 943 948 Quae
981 867 1229 928 Phoebo
1248 879 1429 945 patet·
1455 866 1821 941 omnipotens
1839 907 1857 937 ,
1905 864 2060 921 mila·
2084 863 2371 923 Phoebus

169 959 362 1035 Apollo
388 958 708 1017 Praedia-it
725 1000 743 1030 ‚
791 955 959 1015 vobis
985 956 1307 1013 Furiarum
1336 969 1448 1028 ego
1479 951 1752 1008 maxima
1775 949 2010 1026 panda
2102 948 2370 1008 Tandem

171 1044 318 1102 etism
342 1044 655 1103 Parcarum
687 1050 747 1100 et
773 1041 1064 1100 Fatorum
1085 1040 1218 1098 loco
1247 1036 1484 1096 habitae
1509 1043 1671 1097 sunt.
1757 1035 1854 1093 Sic
1896 1033 2164 1093 Herodes
2209 1033 2372 1093 Atti-

172 1148 256 1188 cus
287 1130 346 1188 in
381 1130 650 1208 inscript.
692 1128 754 1186 in
793 1126 1107 1205 Regillum:
1157 1145 1250 1183 vs.
1298 1122 1393 1187 14.
1451 1116 1673 1183 οὕνεκα
1717 1119 1781 1180 οἱ
1817 1122 2036 1193 παῖδας
2071 1116 2183 1199 μὲν
2219 1113 2372 1200 ἐμύ-

172 1238 329 1292 μονας
356 1216 419 1278 ἐκ
449 1212 732 1298 μεγάροιο
745 1208 1041 1294 ’Ἀρπυιαι
1074 1212 1382 1280 Κλωθῶες
1411 1201 1822 1287 ἀνηρείψαντο
1844 1212 2087 1263 —sunt
2114 1209 2370 1288 Μοῖραι.

172 1300 357 1374 Cuius.
390 1300 465 1360 ad
496 1300 631 1374 ΧΠ,
676 1297 820 1363 845.
905 1297 1153 1356 lecimus
1192 1292 1585 1354 fundamenta
1630 1290 1862 1349 fabulae
1903 1312 1938 1347 a
1977 1290 2124 1349 viris
2161 1289 2370 1365 doctis,

172 1386 253 1463 qui
291 1388 514 1446 veriora
565 1383 880 1463 exquirere
919 1382 1157 1456 volent,
1213 1378 1549 1438 accuratius
1593 1374 2010 1454 dispescendae
2054 1385 2114 1434 et
2157 1375 2373 1434 diluci-

171 1470 384 1533 dandae.
469 1472 651 1530 Vanis
681 1468 1047 1549 etymologiis
1076 1466 1422 1546 implicitam
1448 1483 1576 1522 rem
1603 1480 1792 1541 nuper
1836 1460 2094 1520 vidimus
2135 1479 2170 1517 a
2207 1460 2373 1520 Mar-

170 1558 347 1618 torello
374 1578 551 1638 super
580 1556 786 1615 Colon.
818 1554 1059 1613 Euboic.
1089 1551 1391 1631 Neapolim
1419 1547 1675 1608 deducta
1701 1567 1759 1625 p.
1792 1546 1874 1610 49
1900 1566 2025 1624 sqq.
2096 1546 2373 1606 Ceterum

170 1643 365 1702 mireris
394 1646 585 1718 sorte,
644 1651 767 1701 tam
808 1648 1005 1716 casto,
1059 1638 1120 1698 h.
1162 1657 1213 1697 e.
1253 1645 1375 1695 tam
1413 1632 1693 1711 exquisiti
1738 1631 1895 1691 circa
1930 1629 1998 1694 to*
2044 1627 2223 1694 καλόν
2268 1629 2374 1695 καὶ

170 1727 367 1808 πρέπον
395 1749 602 1789 sensus
629 1736 692 1786 et
719 1725 947 1785 subtilis
967 1723 1172 1784 iudicii
1195 1730 1435 1802 poetae,
1472 1718 1731 1778 fabulam
1760 1726 1881 1776 tam
1914 1735 2128 1796 parum
2153 1716 2375 1776 iucun-

171 1812 282 1872 dam
309 1816 563 1894 potuisse
586 1813 846 1894 probari.
933 1811 1042 1870 Cui
1073 1809 1229 1870 enim
1262 1826 1384 1867 non
1424 1813 1667 1865 moveat
1708 1821 1985 1861 nauseam
2007 1801 2375 1881 foedissima

169 1903 354 1958 verutis
390 1902 698 1979 proluvies
723 1907 786 1958 et
811 1907 1200 1975 contactuque
1242 1893 1446 1952 omnia
1480 1889 1735 1969 foedant
1774 1887 2092 1946 Immundo
2133 1895 2197 1946 et
2236 1900 2379 1946 teter

171 1984 326 2044 odor?
403 1987 727 2047 Enimvero
757 1983 965 2042 talium
987 2000 1192 2041 rerum
1218 1975 1439 2038 iudicia
1474 1973 1724 2056 diversis
1750 1972 1812 2032 in
1841 1972 2106 2053 populis,
2138 1971 2374 2032 diverso

171 2089 320 2146 aevo,
361 2072 687 2132 admodum
719 2069 952 2129 diversa
974 2085 1097 2126 esse
1139 2064 1361 2139 solent;
1404 2060 1570 2141 quod
1602 2060 1853 2119 Homius
1893 2057 2221 2120 meminisse
2266 2056 2374 2117 de·-

170 2153 342 2232 bebat,
383 2168 442 2217 et
467 2178 502 2216 a
542 2155 839 2234 Lessingio
883 2153 1025 2213 olim
1073 2149 1367 2210 monitum
1408 2157 1517 2207 est.
1602 2146 1784 2217 Tum,
1829 2143 1995 2222 quod
2037 2145 2227 2203 maius
2268 2152 2372 2220 est,

172 2259 249 2315 es,
286 2261 426 2320 quae
451 2242 776 2304 vetustatis
812 2238 1230 2298 auctoritatem
1262 2233 1526 2308 habent,
1581 2231 1646 2290 iu
1692 2229 1874 2290 talem
1919 2248 2227 2288 censuram
2267 2228 2376 2288 vix

171 2325 407 2389 veniunt.
492 2331 569 2389 Et
629 2325 844 2386 habuit
891 2323 1201 2403 Virgilius,
1247 2339 1424 2399 quem
1456 2324 1836 2396 sequeretur,
1881 2312 2267 2394 Apollonium
2298 2314 2374 2392 11,

177 2415 274 2475 187
299 2434 416 2493 sqq.
449 2416 523 2475 cf.
552 2415 697 2474 Exe.
726 2411 865 2471 XVI
894 2410 973 2470 ad
996 2430 1055 2469 v.
1085 2411 1209 2473 623
1237 2425 1365 2484 sqq.

311 2502 620 2582 Superest,
659 2507 731 2558 ut
760 2496 1054 2576 deforma
1086 2495 1504 2571 Harpyiamm
1532 2487 1943 2568 dispiciamus,
1986 2484 2188 2564 paullo
2227 2483 2377 2545 sub—

172 2582 307 2644 tilius
327 2607 497 2665 quam
526 2609 559 2646 a
585 2584 912 2645 Montfauc.
944 2591 1006 2641 et
1044 2580 1171 2639 aliis
1206 2580 1434 2638 factum
1466 2575 1744 2635 vidimus.
1828 2572 1896 2631 In
1937 2571 2197 2631 Homero
2235 2578 2380 2629 sunt

179 2670 331 2729 Venti
351 2667 634 2741 θύελλαι.
681 2691 714 2728 a
742 2669 957 2748 quibus
979 2668 1041 2726 in
1065 2666 1251 2724 altum
1284 2672 1492 2741 raptae
1519 2669 1664 2719 sunt
1692 2656 1984 2717 Pandarei
2007 2655 2189 2732 filiae;
2228 2653 2381 2714 nihil

175 2752 233 2811 de
254 2757 427 2818 forma
456 2759 727 2818 additur.
812 2754 896 2813 At
924 2752 1029 2813 ubi
1054 2771 1237 2828 equos
1270 2747 1537 2827 Harpyia
1568 2742 1835 2821 Podarge
1875 2739 2152 2820 Zephyro
2193 2759 2378 2820 pepe-

174 2840 240 2898 rit
259 2844 581 2924 βοσκομένη
615 2844 864 2917 λειμῶνι
887 2833 1050 2917 παρὰ
1085 2833 1233 2915 ῥόον
1259 2829 1601 2905 Ὠκεανοῖο,
1645 2829 2022 2887 manifestum
2052 2834 2170 2901 est,
2215 2824 2380 2904 quod
2412 2898 2415 2899 ⁷

178 2934 229 2983 et
256 2928 590 3008 Apollonius
619 2928 683 2987 in
707 2926 923 2985 Lexico
951 2924 1193 2982 Homer.
1236 2918 1481 2990 statuit,
1527 2914 1799 2993 sormam
1838 2915 2121 2991 equitnm
2164 2910 2219 2969 ei
2256 2929 2379 2969 esse

174 3011 454 3074 tributam:
498 3013 668 3074 Iliad.
697 3036 762 3087 π,
818 3009 956 3074 149.
1001 3008 1078 3067 ad
1115 3025 1292 3085 quem
1333 3003 1531 3062 locum
1571 2999 1746 3079 plura
1782 2996 2134 3057 videbimus.
2220 2996 2380 3054 Alas

178 3094 379 3158 addidit
401 3099 700 3159 Hesiodus
727 3095 947 3173 Theog.
976 3097 1119 3158 267.
1208 3091 1483 3168 „Electra
1515 3083 1875 3144 Thaumanti
1913 3082 2147 3161 peperit
2190 3074 2378 3161 ἠϋκό-

180 3203 305 3256 μους
350 3183 636 3263 ’Ἁρπυίας
692 3175 902 3244 Ἀελλαὶ
960 3172 1018 3240 τ’
1081 3172 1416 3254 Ὠκυπέτην
1459 3194 1556 3243 τε,
1611 3169 1699 3233 Αἵ
1742 3161 1808 3250 ῤ’
1846 3161 2087 3246 ἀνέμων
2129 3169 2382 3251 πνοιῇσι

179 3265 264 3327 καὶ
313 3270 548 3341 οἰωνοῖς
615 3262 728 3344 ἅμ’
787 3266 1031 3328 ἕπονται
1081 3257 1319 3346 ’.Ωκείῃς
1367 3249 1738 3337 πτερύγεσσι.
1825 3248 2214 3333 μεταχθόνιαι
2262 3246 2379 3334 reip
2448 3303 2453 3307 ,

181 3348 413 3415 ἴσλλον.“
496 3356 559 3414 Si
585 3348 852 3434 η’ΰκομοι
902 3358 1075 3424 sunt,
1125 3347 1354 3426 pulcris
1392 3346 1616 3414 comi-s,
1677 3347 1851 3420 putes
1886 3338 2132 3416 puellas
2174 3336 2384 3411 suisse3

182 3450 398 3511 possunt
442 3451 649 3500 tamen
696 3454 933 3515 quoque
969 3435 1201 3512 pulcris
1245 3429 1400 3489 iubis
1447 3427 1702 3509 insignes
1744 3442 1867 3482 esse
1903 3444 2111 3503 equae.
2201 3420 2382 3502 Apud

181 3519 418 3600 Aponon.
449 3527 512 3586 in
541 3528 762 3604 Argon.
790 3524 830 3582 1.
860 3522 898 3579 l.
924 3520 998 3593 ll,
1029 3521 1169 3583 188.
1216 3514 1515 3596 appositos
1553 3508 1910 3589 Argonautis
1945 3508 2107 3567 cibos
2139 3514 2384 3587 raptant

184 3616 531 3694 γαμφηλῇσι,
574 3609 741 3689 quod
765 3605 929 3687 apud
966 3605 1296 3663 Homerum
1341 3600 1415 3659 de
1465 3597 1735 3656 maxillis
1757 3638 1773 3669 ,
1835 3590 2099 3675 σιαγόσι,
2154 3592 2383 3675 γένυσι,

186 3688 412 3771 dictum,
455 3697 528 3756 de
553 3694 767 3756 rostris
795 3692 973 3769 vulgo
999 3689 1323 3768 accipitur3
1366 3685 1656 3743 advolant
1680 3697 1916 3758 quoque
1944 3677 2077 3737 illae
2107 3686 2169 3737 et
2194 3677 2384 3737 edunt

186 3775 513 3857 clangorem,
556 3776 860 3862 κλαγγήν,
917 3797 1006 3835 vs.
1044 3778 1188 3842 269.
1231 3781 1538 3848 tamquam
1577 3766 1747 3825 alites
1788 3782 2060 3843 rapaces;
2117 3772 2186 3823 ut
2221 3761 2385 3844 apud

187 3858 495 3968 Apollodor.
530 3867 576 3942 1,
641 3870 700 3940 9,
741 3871 841 3931 21.
885 3860 988 3920 ubi
1036 3856 1430 3938 Argonautica
1474 3853 1746 3932 exponit,
1804 3846 2101 3931 πτερωταὶ
2137 3856 2282 3908 sunt
2322 3856 2385 3907 et

189 3945 1357 4115 {ffifssssfflssissssfflxpssffffffisssss
1387 3935 2040 4087 &iz'lsstffffifflisstfflut
2061 3933 2386 4098 ‘'fig-¹333

188 4120 494 4181 wamia
516 4123 690 4180 alata
715 4130 1040 4177 moneo-osa
1065 4115 1245 4174 fuisse
1268 4113 1582 4173 existimes.
1670 4106 1947 4186 Virgilius
1985 4104 2220 4164 addidit
2237 4102 2384 4184 plu-

188 4215 276 4277 1⁸3
328 4213 461 4264 sunt
493 4206 612 4285 ipsi
645 4203 945 4283 Harpyiae
979 4202 1240 4261 volucres
1257 4245 1275 4276 ,
1321 4201 1590 4276 virgineo
1632 4214 1728 4252 ore
1747 4236 1763 4266 ,
1823 4211 2039 4250 manus
2083 4186 2383 4267 unguibus

190 4289 361 4347 wvis
401 4288 711 4349 insu-uotae
749 4289 970 4348 habent
986 4331 1003 4362 ,
1052 4286 1241 4364 pedes
1282 4306 1465 4345 uncos
1485 4325 1504 4358 ,
1565 4298 1770 4337 vocem
1809 4277 2008 4335 div-am
2027 4317 2045 4348 ,
2088 4273 2384 4351 pallorem

192 4368 467 4448 etfama,
513 4396 721 4453 corpus
763 4370 1204 4433 invultmabite.
1290 4367 1461 4450 (216.
1526 4364 1808 4442 Virginei
1840 4360 2146 4421 volucrum
2186 4353 2386 4417 putem

279 4471 574 4552 Vmeu..
628 4476 835 4549 Tou.
887 4472 982 4547 11.
1876 4460 1977 4530 37
