2882 5028
368 335 521 405 260
727 323 1620 400 EXCURSUS
1722 324 1997 400 XXII.
2056 325 2367 397 XXIII

369 517 765 599 cogitandum
801 516 1010 575 saltem
1058 515 1133 574 de
1169 515 1478 594 sculptura
1516 515 1613 574 vel
1658 513 2012 594 anaglypho.
2098 515 2421 575 Enimvero
2459 515 2624 574 acci-

367 624 509 685 pere
565 610 833 684 praestat
884 601 1228 680 simpliciter
1279 601 1354 659 de
1393 609 1747 660 ornamento
1805 600 2007 677 aliquo
2055 601 2151 661 vel
2207 601 2469 676 cimelio,
2544 620 2625 660 ex

368 692 580 763 ebore,
627 696 905 767 argento,
950 687 1048 746 vel
1087 666 1384 746 mal-inore
1426 687 1617 761 facto,
1663 684 1828 763 quod
1864 686 2026 745 intra
2066 687 2241 746 aliam
2280 686 2623 761 materiam,

366 776 427 836 h.
471 776 510 834 l.
556 795 804 847 aurum,
851 771 1346 853 comprehensum
1389 780 1451 829 et
1484 772 1785 831 inclusum
1830 780 1953 847 est,
2005 782 2078 831 ut
2117 773 2201 831 ita
2242 774 2373 833 auri
2409 773 2622 852 splen-

367 863 516 920 dore
552 880 900 939 repercusso
938 858 1241 921 interioris
1267 858 1552 917 materiae
1593 858 1821 917 candor
1867 867 1932 917 et
1973 858 2137 917 nitor
2179 868 2345 919 tanto
2397 859 2624 919 clarius

366 948 658 1024 effulgeat.
750 944 862 1003 Ad·
905 944 1155 1003 similem
1205 944 1458 1003 modum
1512 944 1630 1004 viri
1685 943 1890 1002 divina
1927 944 2048 1003 oris
2089 943 2375 1024 dignitate
2415 945 2623 1005 ornati

366 1033 587 1112 species
617 1040 746 1091 erat
775 1039 949 1090 tanto
979 1031 1161 1110 magis
1192 1030 1430 1109 insignis
1470 1039 1535 1088 et
1565 1029 1868 1109 praeclara
1888 1073 1904 1104 ,
1958 1030 2121 1107 quod
2152 1030 2388 1090 nimbus
2403 1030 2622 1109 fulgi-

365 1122 480 1176 dus
511 1138 646 1177 eum
688 1116 1113 1176 circumdabat.
1201 1116 1384 1189 Quod
1434 1116 1612 1175 etiam
1655 1115 1848 1174 multo
1888 1116 2070 1194 magis
2099 1125 2266 1195 patet
2307 1137 2384 1175 ex
2426 1117 2620 1175 altero

365 1204 497 1262 loco
534 1204 636 1263 lib.
680 1205 759 1278 X,
810 1204 930 1266 185
964 1224 1050 1280 sq.
1101 1202 1319 1279 Qualis
1357 1221 1609 1278 gemma
1647 1204 1867 1276 micat,
1912 1201 2173 1279 fulvum
2211 1224 2365 1282 quae
2394 1202 2625 1262 dividit

364 1311 582 1349 amm
613 1286 787 1369 (auro
828 1285 1083 1368 inclusa)
1129 1288 1257 1346 Aut
1294 1289 1447 1346 eollo
1490 1288 1669 1345 decus
1709 1299 1817 1345 aut
1860 1289 2055 1364 capiti
2068 1310 2092 1359 ;
2144 1289 2243 1345 vel
2277 1290 2457 1367 quale
2498 1309 2624 1365 per

363 1387 553 1434 anem
593 1374 894 1433 Inclusum
939 1374 1124 1448 buxo,
1170 1384 1278 1431 aut
1329 1372 1537 1431 Oricia
1574 1371 1892 1430 terebintho
1937 1374 2132 1431 Lucet
2173 1373 2339 1433 ebur.
2423 1372 2619 1432 Asca-

369 1461 506 1521 nius
532 1460 757 1519 scilicet
784 1461 945 1519 inter
980 1467 1209 1518 ceteros
1250 1468 1584 1536 pugnantes
1621 1456 1977 1537 conspicuus
2022 1468 2114 1518 est
2149 1459 2269 1518 oris
2316 1459 2511 1518 nitore
2550 1467 2620 1517 et

361 1545 787 1625 pulcritudine.
875 1545 956 1603 At
984 1545 1315 1619 Homerus,
1360 1563 1392 1602 e
1422 1564 1541 1622 quo
1586 1553 1839 1621 uterque
1868 1544 2038 1603 locus
2072 1563 2422 1624 expressus,
2465 1545 2619 1604 dum

369 1631 638 1711 Ulyssem
673 1633 861 1690 lotum
893 1639 954 1689 et
979 1640 1231 1690 unctum
1257 1650 1419 1690 nova
1452 1629 1719 1709 corporis
1771 1629 2060 1708 dignitate
2089 1631 2375 1690 enituisse
2408 1630 2620 1689 decla—

364 1737 503 1777 rare
540 1719 675 1779 vult
691 1763 708 1794 ,
766 1716 1111 1796 simpliciter
1153 1730 1471 1792 argentum
1520 1737 1669 1774 aur-o
1705 1716 2003 1774 inclusum
2038 1726 2360 1792 memorat,
2418 1717 2621 1776 versi-

361 1802 474 1862 bus
515 1812 714 1863 tamen
756 1801 1156 1875 nitidissimis;
1225 1800 1500 1882 inprimis
1539 1801 1619 1859 ad
1667 1801 2087 1861 declarandam
2126 1803 2432 1863 notionem
2466 1807 2618 1865 τοῦ·

360 1894 450 1970 τῷ
487 1891 761 1970 περίχευε
808 1882 1015 1968 χάριν,
1059 1885 1308 1949 adhibet
1345 1886 1531 1946 illud:
1582 1884 1688 1960 Ὡς
1724 1881 1820 1950 ’ὅτε
1859 1887 1953 1961 τὶς
1976 1884 2195 1969 χρυσὸν
2232 1884 2618 1970 περιχεύεται

367 1968 619 2058 α’ργύρῳ
660 1967 818 2054 οἷνήρ
852 1972 1039 2053 Ἴδρις
1066 2004 1152 2019 -
1189 1972 1251 2030 in
1294 1993 1415 2050 quo
1460 1981 1800 2049 argentum,
1844 1972 1906 2032 h.
1948 1993 1999 2033 e.
2034 1984 2454 2034 ornamentum
2496 1974 2619 2032 ali-

363 2059 531 2137 quod
559 2068 621 2117 et
654 2054 919 2141 ὅὶγαλμα,
963 2057 1267 2116 muliebris
1295 2078 1370 2117 ιν.
1400 2079 1451 2116 c.
1483 2067 1763 2131 ornatus,
1808 2078 1884 2117 ex
1919 2070 2196 2139 argento,
2241 2060 2619 2119 ferrumina-

358 2144 522 2204 tione
570 2138 906 2225 (κολλήσει,
967 2141 1265 2229 συναφῇ),
1323 2143 1623 2202 inclusum
1676 2163 1824 2203 auro
1843 2188 1860 2219 ,
1917 2144 2244 2225 intelligere
2272 2147 2332 2205 iu
2362 2155 2623 2225 promtu

359 2239 482 2289 est:
523 2230 587 2289 in
614 2250 733 2308 quo
761 2229 991 2308 argenti
1020 2229 1182 2288 nitor
1208 2249 1280 2288 ac
1310 2228 1539 2288 candor
1583 2229 1745 2288 inter
1790 2250 2005 2289 aurum
2045 2232 2288 2292 suavius
2332 2253 2402 2292 ac
2448 2232 2623 2291 vivi-

367 2315 505 2374 dius
541 2315 853 2392 elucescit;
912 2315 1044 2375 auri
1086 2314 1241 2373 enim
1282 2314 1591 2374 rutilantis
1628 2315 1945 2394 splendore
1987 2337 2336 2397 repercusso
2380 2318 2624 2397 argenti

358 2401 522 2460 nitor
565 2402 752 2460 multo
800 2401 983 2480 magis
1031 2399 1370 2460 efflorescit.
1476 2399 1745 2479 Apparet
1802 2421 1879 2460 ex
1919 2401 2013 2462 his
2055 2404 2198 2484 ipsis
2236 2405 2382 2464 locis
2422 2405 2621 2464 talem

358 2488 584 2567 argenti
612 2488 861 2566 aurique
894 2486 957 2546 in
988 2506 1111 2547 uno
1145 2506 1323 2567 opere
1348 2486 1731 2546 consociandi
1762 2507 1937 2548 usum
1972 2510 2043 2549 ac
2073 2510 2302 2551 morem
2333 2491 2618 2570 viguisse,

356 2583 421 2633 et
448 2574 773 2653 placuisse,
831 2572 1079 2633 Homeri
1125 2573 1334 2632 saltem
1367 2581 1593 2633 aetate:
1664 2574 1823 2632 Talis
1860 2585 1993 2635 erat
2032 2576 2305 2637 calathus
2344 2577 2619 2637 Helenae

349 2679 433 2718 ‘ex
464 2659 735 2741 Aegypto
778 2668 1132 2740 apportatus
1176 2659 1392 2738 Odyss.
1435 2660 1490 2734 δ,
1540 2662 1660 2723 132
1695 2653 1958 2741 τάλαρον
1992 2655 2318 2746 Ἀργύρεον
2337 2683 2355 2698 ·
2404 2668 2622 2749 χρυσῷ

355 2739 421 2808 δ’
468 2746 570 2809 ἐπὶ
599 2749 793 2827 χείλεα
833 2740 1188 2826 κεκράαντο.
1279 2745 1437 2803 Talis
1470 2754 1601 2803 erat
1627 2754 1823 2804 crater
1852 2746 1998 2807 ibid.
2042 2768 2103 2808 v.
2136 2749 2281 2813 615.
2341 2748 2619 2809 Omnino

353 2832 535 2892 variis
582 2832 834 2893 metallis
874 2851 980 2891 vas
1016 2830 1114 2890 vel
1154 2830 1408 2890 utensile
1452 2830 1783 2889 exornandi
1839 2852 2068 2892 morem
2111 2835 2293 2894 fuisse
2339 2834 2622 2896 declarat

351 2938 412 2977 v.
449 2937 501 2978 c.
527 2917 720 2978 lectus
754 2917 979 2996 Ulyssis
1018 2916 1233 2996 Odyss.
1277 2932 1350 2995 ψ,
1392 2920 1543 2980 200.
1628 2915 1710 2975 At
1758 2916 1953 2977 eboris
2009 2920 2287 2997 aurique,
2332 2921 2621 2999 inprimis

351 3003 414 3061 in
442 3003 778 3084 anaglypho
820 3021 1032 3082 opere,
1076 3001 1366 3061 miscendi
1407 3022 1535 3061 mos
1577 3023 1611 3060 a
1643 3002 1887 3062 Graecis
1917 3005 2318 3084 Romanisque
2348 3016 2440 3066 est
2481 3007 2619 3067 [re-

351 3098 691 3166 quentatus.
751 3089 827 3147 of.
857 3089 963 3146 Ge.
1003 3087 1103 3162 111,
1141 3091 1247 3151 26.
1333 3087 1544 3166 Coepit
1571 3108 1809 3168 quoque
1831 3090 2070 3168 ligram
2097 3091 2263 3150 ebore
2291 3092 2619 3171 distingui,

351 3194 492 3232 mox
536 3177 793 3253 operiri.-
836 3172 985 3232 Plin.
1014 3171 1176 3249 XVI,
1219 3173 1302 3237 43
1333 3194 1377 3233 s.
1403 3173 1507 3237 84.

1271 3449 1677 3459 ———.-

692 3674 1732 3765 EXCURSUS
1855 3657 2238 3769 xxm

774 3843 1085 3911 Teucri
1141 3845 1254 3912 ad
1295 3846 1716 3915 Sidonios
1762 3872 2175 3916 accessus.

511 4013 557 4088 1,
603 4018 984 4084 619—626.
1027 4021 1228 4100 Atque
1269 4020 1546 4099 equidem
1596 4024 1887 4081 Teucrum
1929 4026 2178 4082 memini
2214 4025 2449 4084 &dona
2501 4050 2614 4087 ve-

341 4099 467 4154 nim
484 4141 503 4170 ,
582 4101 836 4161 Finibus
892 4107 1209 4183 expulsmn
1254 4108 1480 4183 patrias
1497 4151 1515 4181 ,
1575 4128 1736 4166 nova
1784 4129 1975 4186 regna
2004 4122 2305 4188 petentem
2347 4115 2614 4174 Auxilio

343 4182 491 4240 Beli
499 4204 525 4243 .·
564 4189 804 4263 genitor·
824 4201 953 4249 tum
983 4191 1177 4249 Belus
1211 4193 1485 4268 opimam
1516 4196 1587 4254 V
1579 4193 1821 4253 astabat
1868 4196 2129 4274 Qypncm
2176 4209 2232 4254 et
2275 4199 2471 4256 victor
2506 4201 2614 4259 da·-

341 4271 497 4326 tione
539 4271 794 4332 tenebat.
884 4273 1079 4336 Multa
1128 4297 1267 4336 cum
1313 4286 1445 4335 arte
1469 4287 1528 4337 et
1574 4280 1891 4358 sagacitate
1931 4279 2079 4340 baec
2121 4301 2196 4340 ex
2232 4283 2612 4362 tragicorum

342 4353 555 4413 sabulis
603 4356 681 4415 ad
729 4359 1013 4420 maiorem
1058 4363 1146 4422 rei
1188 4362 1677 4442 probabilitatem
1724 4367 1999 4426 traduxit
2045 4376 2243 4447 poeta.
2350 4371 2608 4449 Teucer,
