2882 5028
441 413 545 483 92

351 709 356 714 .
445 593 752 667 Eurum
809 583 911 664 ad
972 612 1066 664 se
1130 587 1702 765 Zephyrumffu

1648 717 1690 766 a

873 404 1004 496 γ1).
1059 402 1585 479 v1RG1L11
1637 384 2192 478 MARoms

1705 611 1751 663 e
1816 585 2085 679 vocat3
2172 586 2467 664 dehinc
2524 588 2732 692 talia

1693 704 1858 768 tur:

440 798 801 871 Tantane
845 820 989 870 vos
1025 795 1341 893 generis
1383 795 1642 869 tenuit
1693 792 1984 871 fiducia
2023 796 2316 872 vestri?

434 901 604 972 Iam
659 897 981 974 coelum
1020 912 1480 997 terramque
1530 922 1717 974 meo
1775 899 1945 974 sine
1992 900 2363 993 numine,
2428 899 2719 992 Venti,

433 1001 805 1097 Miscere,
864 1015 944 1078 et
989 1015 1240 1078 tantas
1281 999 1587 1076 audetis
1632 999 1918 1077 tollere
1961 1000 2279 1079 moles?

438 1109 661 1200 Quos
713 1128 861 1204 ego
895 1113 1035 1183 -ἱ
1122 1104 1285 1181 Sed
1330 1118 1600 1180 motos
1640 1118 1986 1205 praestat
2032 1128 2494 1207 conponere
2535 1100 2715 1178 flu-

542 1315 938 1391 135.se0.

1582 1213 1790 1285 -ctus

2542 1214 2711 1287 135

538 1519 638 1572 132
666 1522 847 1571 nostri
867 1524 1046 1588 Sprot.
1077 1518 1335 1570 etHamb.
1365 1535 1464 1589 pro
1491 1536 1601 1571 var.
1626 1517 1750 1571 lect.
1779 1528 1834 1570 et
1864 1517 2041 1570 Lutat.
2073 1519 2142 1571 ad
2168 1523 2302 1571 Stat.
2333 1520 2393 1581 11,
2419 1517 2601 1569 Theb.
2637 1523 2700 1571 4.

434 1587 535 1640 133
580 1600 784 1639 terram
835 1589 1150 1658 caelumque
1197 1588 1438 1646 Pari-has.

1609 1587 1712 1642 134
1744 1589 1966 1641 audetis
2025 1602 2081 1640 et
2130 1601 2321 1640 tantas
2353 1589 2564 1656 Menag.
2605 1606 2699 1655 pr.

432 1656 533 1709 135
571 1660 704 1721 Quis
732 1657 905 1724 Bigot.
934 1676 965 1708 a
995 1676 1064 1708 m.
1095 1675 1176 1726 pr.
1246 1658 1344 1708 Vir
1381 1657 1568 1708 doctus
1607 1656 1744 1709 coni.
1821 1661 1938 1711 Vos
1960 1677 2089 1729 ego,
2124 1657 2266 1726 quod
2305 1657 2386 1708 vel
2424 1656 2476 1707 in
2508 1659 2698 1723 pede—

428 1725 523 1776 stri
567 1726 804 1778 oratione
846 1727 1074 1780 deterius
1117 1736 1283 1789 esset3
1333 1736 1393 1778 ut
1441 1726 1714 1795 praeclare
1755 1728 1859 1780 iam
1899 1727 2099 1778 monuit
2143 1726 2443 1794 elegantias.
2492 1728 2698 1778 Ruhn-

389 1811 394 1822 ·
432 1795 613 1846 kenins
643 1795 698 1846 in
738 1797 898 1848 docto
934 1797 1218 1847 Commeat.
1266 1796 1336 1847 ad
1366 1795 1540 1865 Aquil.
1586 1798 1736 1848 Rom.
1778 1817 1831 1867 p.
1877 1796 1995 1851 147.
2064 1798 2140 1848 Io.
2181 1796 2532 1860 Schraderus,
2594 1798 2697 1865 qui

427 1863 583 1915 istam
620 1866 1034 1917 emendationem
1076 1877 1426 1934 proposuerat
1466 1864 1523 1915 in
1557 1867 1709 1917 Obss.
1739 1868 1778 1928 1,
1812 1869 1863 1921 5.
1892 1866 2112 1917 eandem
2140 1865 2378 1917 defendit
2415 1865 2468 1917 in
2508 1869 2692 1935 praef.

426 1934 718 1985 Emendatt.
756 1955 808 2003 p.
846 1936 955 1986 L11.
996 1946 1379 2002 argumentum,
1439 1951 1544 2003 quo
1583 1935 2000 1987 emendationem
2041 1935 2282 1986 firmabat
2320 1935 2402 1986 vir
2442 1936 2694 2017 poetices

425 2002 853 2066 callentissimus,
887 2003 1109 2073 petitum
1147 2014 1262 2054 erat
1290 2022 1352 2056 ex
1383 2003 1674 2056 imitatione
1700 2005 1855 2057 statii
1883 2007 1974 2069 IV,
2006 2004 2131 2068 514,
2165 2004 2255 2055 ubi
2285 2005 2516 2057 Tiresias
2548 2024 2692 2057 evo-

424 2072 555 2123 catis
601 2073 813 2123 Umbris
855 2073 1034 2123 venire
1075 2073 1431 2124 cessantibus:
1482 2076 1565 2125 Ne
1593 2073 1826 2143 spernite
1852 2085 2145 2137 senectam,
2174 2073 2370 2142 inquit,
2406 2093 2521 2126 nam
2552 2094 2691 2144 gra—

339 2159 346 2166 ·
422 2141 570 2192 viora
604 2159 809 2210 qnoque
842 2142 1067 2193 carmina
1092 2142 1240 2193 novi:
1309 2146 1533 2213 Iamque
1572 2163 1675 2216 ego
1710 2163 1824 2196 vos.
1910 2147 2054 2207 Quae
2101 2161 2251 2212 quam
2306 2143 2515 2196 diversa·
2538 2145 2691 2212 sint,

422 2229 485 2261 ex
526 2212 710 2262 ordine
753 2212 856 2262 hoc
897 2229 1071 2262 rerum
1113 2211 1440 2263 manifestum
1478 2212 1594 2264 fieri
1633 2213 1876 2265 arbitror.
1958 2212 2075 2264 Alia
2112 2221 2388 2283 praeterea
2423 2214 2685 2268 adversus

416 2279 768 2333 Schraderum
792 2287 972 2332 monet
995 2284 1212 2333 Ouwens
1247 2281 1303 2332 in
1327 2280 1546 2334 Noctib.
1572 2283 1776 2351 Hagan.
1811 2301 1931 2352 pag.
1955 2284 2062 2338 613
2085 2300 2200 2353 sqq.

418 2458 520 2520 69.
547 2457 649 2521 70.
691 2458 843 2516 coeli
878 2435 1118 2516 acinam
1159 2455 1515 2536 gravissime.

418 2538 580 2600 dixit
645 2562 756 2621 pro
829 2552 1012 2602 vento
1090 2563 1161 2601 ac
1218 2542 1499 2622 procella.

416 2625 861 2706 (imbribus,
905 2628 990 2686 ait
1018 2628 1248 2688 Wakes.
1272 2628 1497 2688 adLu-

411 2723 558 2773 eret.
589 2714 690 2788 Vl,
743 2713 882 2780 155.
918 2712 1095 2796 Wr.)

503 2804 642 2864 130.
689 2799 906 2859 Statim
940 2799 1219 2879 Neptuno
1245 2799 1310 2857 in
1359 2799 1495 2857 ani-

409 2905 576 2944 mum
619 2886 937 2958 veniebat,
983 2885 1228 2944 Iunonis
1261 2883 1494 2943 machi-

411 2971 684 3048 natione,
734 2980 805 3030 ut
839 2970 1161 3030 exsatiaret
1202 2969 1342 3028 odia
1385 2989 1498 3028 sua

406 3075 544 3132 erga
584 3056 844 3115 Teucros
861 3103 881 3130 ,
947 3053 1108 3114 hanc
1166 3063 1497 3135 tempesta·—

410 3151 528 3200 tem
562 3161 685 3199 esse
713 3141 1052 3224 conflatanb
1119 3141 1211 3199 Ita
1237 3143 1405 3199 dolos
1430 3150 1494 3200 et

403 3230 527 3285 ima
556 3228 770 3306 accipe.
815 3226 1103 3285 Habuisse
1119 3227 1311 3285 fertur
1340 3245 1493 3306 poe-

402 3321 466 3371 ta
507 3322 646 3371 ante
688 3313 893 3371 oculos
938 3311 1184 3372 Homer.
1228 3311 1397 3371 Iliad.
1426 3337 1485 3387 α,

405 3398 551 3463 636.
596 3403 654 3462 7.
742 3398 859 3457 Sed
885 3397 1069 3458 verba
1100 3417 1177 3455 ex
1203 3396 1484 3476 Apollon.

404 3483 499 3557 IV,
546 3487 691 3549 753.
735 3477 893 3545 Οὐδ’
925 3480 1145 3562 ἄλοχον
1174 3484 1484 3563 Κρονίδαο

399 3565 551 3642 Auis·
581 3562 800 3631 λάθον.
843 3568 1041 3628 Simile
1064 3578 1481 3646 argumentum

397 3653 537 3713 vide
578 3664 911 3714 tractatum
955 3654 1031 3713 ab
1062 3653 1242 3715 Ovid.
1287 3653 1480 3714 lMet.

396 3743 539 3804 601.
568 3760 697 3817 sqq.

483 3823 861 3890 131-141.
917 3826 1050 3886 Duo
1080 3836 1299 3887 ventos
1340 3829 1479 3885 Eu-

391 3931 525 3968 rum
551 3920 614 3969 et
640 3912 978 3989 Zephyrum
1003 3933 1116 3992 pro
1147 3922 1282 3972 toto
1323 3933 1479 3972 ven-

393 4006 599 4055 torum
650 3997 881 4076 agmine
937 3999 1245 4057 manifeste
1303 3999 1479 4078 pouit

390 4092 679 4159 tanquam
735 4092 942 4163 poeta;
1013 4105 1153 4142 nam
1199 4085 1477 4144 neutrius

385 4168 450 4227 in
485 4167 603 4228 hac
631 4178 980 4247 tempestate
1010 4178 1214 4248 partes
1246 4170 1475 4229 debue-

385 4273 451 4315 re
488 4274 611 4313 esse
645 4254 1022 4334 praecipuae.
1091 4259 1328 4334 generis
1368 4278 1471 4315 νε·-

382 4343 504 4399 εινί.
578 4362 703 4400 non
764 4349 888 4399 tam
937 4341 1209 4419 originis,
1291 4362 1474 4419 quam

382 4426 627 4487 omniuo
683 4427 872 4507 gentis
885 4430 901 4503 ζ
995 4436 1304 4487 tantumne
1363 4449 1474 4489 vos

1585 2458 1985 2519 confidentiae
2014 2458 2080 2518 in
2118 2458 2320 2535 vobis,
2360 2459 2422 2517 in
2451 2461 2686 2521 vestris

1582 2545 1842 2622 viribus,
1888 2545 2164 2605 habetis?
2206 2544 2588 2623 Argutantur
2610 2545 2681 2609 h.

1582 2630 1621 2689 l.
1676 2631 1942 2711 Interpp.
1997 2640 2137 2711 post
2180 2631 2474 2706 Nonium,
2530 2654 2680 2695 cum

1580 2715 1828 2775 videant
1871 2718 1934 2776 in
1979 2716 2277 2776 natalibus
2311 2716 2681 2796 Ventorum,

1581 2822 1675 2881 ap.
1711 2802 1954 2861 Hes-iod.
1997 2802 2298 2882 Theogon.
2343 2807 2485 2867 378.
2518 2810 2677 2871 379.

1582 2885 1731 2945 nihil
1762 2907 1885 2946 esse
1912 2887 2492 2967 reprehendendum.
2536 2890 2678 2971 (re-

1582 2982 1673 3030 cte
1710 2971 1811 3032 hic
1855 2975 2083 3032 coelum
2127 2988 2486 3055 tonumque,
2549 2980 2676 3038 etsi

1579 3058 1720 3116 alias
1745 3062 1974 3118 coelum
2000 3072 2295 3138 terrasque
2309 3082 2339 3132 ‚-
2396 3081 2455 3119 ν.
2482 3061 2562 3135 Q.
2589 3062 2671 3125 V.

1577 3144 1757 3220 VIIII,
1801 3151 1858 3209 3.
1904 3144 2000 3217 Vl,
2047 3170 2101 3206 α.
2147 3143 2325 3226 lVr.)
2370 3167 2498 3205 meo
2529 3152 2675 3209 εἰπε

1574 3234 1849 3304 numine,
1897 3231 2246 3307 voluntate,
2289 3233 2466 3291 iusso.
2513 3245 2668 3293 tan-

1573 3329 1669 3374 tas
1691 3316 1894 3392 mole-5,
1923 3336 2127 3376 rerum
2148 3317 2662 3398 perturbationes,

1573 3409 2003 3481 tempestatem.
2063 3402 2213 3461 Nam
2240 3406 2423 3462 moles
2460 3406 2665 3466 omnis

1570 3508 1784 3566 magna
1808 3488 2059 3563 molitio,
2103 3509 2317 3567 magna
2343 3508 2440 3548 res
2469 3509 2665 3567 quam

1569 3573 1702 3650 quis
1743 3573 2009 3633 molitur.
2113 3572 2297 3655 (recte
2345 3575 2662 3636 Wunder-

1568 3657 1737 3718 lich.:
1807 3660 1944 3734 „An
1990 3657 2110 3718 hoc
2144 3680 2320 3719 sensu
2365 3661 2481 3720 dici
2533 3684 2658 3742 po-

1565 3745 1753 3804 tuerit
1805 3746 2004 3804 tollere
2049 3747 2233 3804 moles
2246 3791 2265 3823 ,
2316 3747 2655 3810 videndum

1564 3839 1673 3891 est.
1757 3829 1888 3910 Ipse
1912 3840 2101 3909 puto,
2159 3832 2653 3912 moles—aqua-

1560 3937 1798 3976 rum—
1815 3936 1936 3976 esse
1963 3916 2203 3977 fluctus.
2262 3922 2478 3978 molem
2505 3943 2652 3980 ma-

1561 4006 1644 4061 ris
1686 4001 1843 4062 dixit
1886 4002 2064 4060 Silius
2120 4003 2289 4079 XIV,
2347 4010 2517 4082 1234
2587 4019 2651 4068 et

1562 4088 1761 4146 tollere
1764 4087 1939 4167 freta
1964 4088 2177 4148 Horat.
2197 4088 2311 4148 Od.
2336 4090 2381 4165 I,
2418 4098 2515 4166 18,
2545 4098 2649 4156 6.“

1569 4171 1738 4254 Wr.)
1790 4210 1863 4220 —
1937 4174 2100 4251 Quos
2141 4196 2253 4254 ego
2298 4178 2647 4253 gravissime

1559 4259 1845 4334 ulciscar,
1907 4260 2179 4339 puniam5
2253 4263 2380 4337 vel,
2424 4267 2644 4343 punire

1558 4365 1820 4424 possem,
1890 4347 1987 4406 vel
2042 4347 2335 4406 deberem.
2448 4350 2643 4412 Notus

1557 4431 1741 4492 locus.
1856 4431 2092 4492 Scilicet
2162 4432 2639 4513 intelligendum:
