2882 5028
535 310 1142 388 AENEIDOS
1198 311 1411 387 LlB.
1464 311 1599 405 111,
1645 319 2077 391 212—233
2302 320 2455 395 475

243 497 853 598 Exstruimusque
884 510 1129 587 torOS,
1167 495 1665 599 dapibusque
1704 496 2121 597 epulamur
2147 502 2455 602 opimis,

240 604 325 675 At
354 600 639 677 subitae
681 600 1067 677 horrifico
1104 601 1327 701 lapsu
1361 600 1464 676 de
1498 601 1908 676 montibus
1950 600 2236 678 adsunt
2303 611 2457 688 225

242 706 621 805 Harpyiae,
671 718 755 782 et
776 705 1083 802 magnis
1117 705 1484 805 quatiunt
1534 703 2034 801 clangoribus
2076 707 2253 802 alas,

243 807 770 910 Diripiuntque
810 807 1090 910 dapeS,
1146 821 1679 908 contactuque
1715 809 1986 883 omnia
2021 806 2356 886 foedant

239 912 651 1004 Inmundo;
705 927 879 988 tum
910 937 1061 988 vox
1094 924 1392 988 tetrum
1438 910 1606 986 dira
1637 911 1848 987 inter
1888 909 2251 994 odorem.

239 1016 564 1091 Rursum'
593 1019 676 1092 in
719 1041 1035 1093 secessu
1061 1014 1307 1113 longo
1345 1014 1495 1091 sub
1526 1040 1729 1115 rupe
1757 1029 2040 1112 cavata,

237 1118 645 1198 Arboribus
732 1120 966 1208 clausi
1041 1121 1340 1195 circum
1401 1132 1642 1218 atque
1707 1119 2224 1196 horrentibus
2277 1146 2459 1197 um-

1251 1309 1258 1322 .
1372 1222 1559 1316 bris,
2167 1301 2180 1313 .
2308 1234 2462 1308 230

233 1324 677 1403 Instruimus
716 1350 1036 1403 mensas
1050 1342 1083 1424 ‚‘
1122 1327 1435 1427 arisque
1474 1324 1942 1425 reponimus
1973 1326 2275 1424 ignem:

234 1428 553 1506 Rursum
591 1456 687 1508 ex
704 1431 1030 1507 diverso
1068 1430 1270 1506 coeli
1299 1430 1708 1530 caecisque
1748 1427 2069 1528 latebris

238 1531 476 1611 Turba
521 1559 819 1611 sonans
862 1533 1245 1635 praedam
1284 1533 1626 1634 pedibus
1661 1532 2175 1609 circumvolat
2214 1535 2462 1633 uncis,

320 1646 481 1717 231.
533 1662 809 1717 IGNEM.
862 1717 867 1726 ,
1020 1650 1192 1721 233.
1245 1659 1511 1730 UN0153

351 1793 450 1848 24
520 1813 592 1848 ue
613 1793 767 1845 abest
795 1793 862 1844 ab
890 1793 974 1847 ed.
1002 1796 1137 1847 lunt.
1160 1804 1285 1861 post
1320 1791 1571 1866 dapibus.
1707 1793 1813 1849 225
1847 1797 1922 1846 Ec
1953 1795 2112 1847 Voss.
2182 1799 2267 1848 Ac
2301 1795 2462 1849 Witt.

233 1857 388 1914 subito
414 1883 443 1915 v
502 1881 573 1933 go
607 1871 730 1914 ante
756 1862 957 1926 Heius„
993 1863 1086 1934 qui
1114 1865 1360 1916 meliores
1399 1872 1648 1932 sequutus
1674 1873 1775 1913 est.
1844 1863 2120 1933 horrifero
2148 1869 2326 1933 Sprot.
2396 1866 2468 1917 de

231 1929 476 1984 montibus
510 1933 652 1985 altis
689 1933 852 1985 Goth.
894 1951 1001 1985 sec.
1142 1937 1246 1989 226
1278 1931 1645 2005 plangoribus
1676 1932 1878 2000 aliquot
1918 1933 2089 2016 fier..
2126 1936 2275 1987 ullas
2310 1944 2366 1986 et
2410 1934 2466 1986 in

230 2016 325 2119 ¹355
325 2003 637 2124 ⁸321'⁸‘1².⁴'.“2.¹'
640 2002 966 2137 353⁸...ss
969 2022 1097 2124 “113
1120 2002 2466 2144 §E;.2¹2¹'?⁸‘;Z:·²‘¹.2-5.‘.{lati-2⁵23&2¹3}.¹¹:3²5

230 2155 271 2188 ν.
291 2139 427 2207 204),
460 2142 599 2194 talis
627 2142 885 2194 auditur:
922 2153 1173 2194 resonant
1204 2135 1407 2210 magnis
1433 2139 1745 2193 stridoribus
1773 2141 1904 2192 alae.
2039 2146 2145 2199 229
2183 2161 2381 2195 rursus
2406 2145 2467 2196 in

230 2206 411 2277 aliquot
452 2211 592 2264 Pier.
669 2229 869 2262 rursus
909 2229 1127 2265 secessu
1158 2230 1244 2264 un.
1284 2211 1436 2263 Leid.
1577 2211 1682 2267 230
1717 2211 1862 2262 Idem
1896 2211 2012 2263 fere
2052 2230 2231 2264 versus
2267 2231 2326 2264 su
2369 2250 2382 2264 .
2425 2214 2468 2275 1,

229 2276 334 2332 311.
365 2280 452 2331 ubi
498 2299 548 2333 v.
597 2280 668 2332 de
707 2279 979 2347 epitheto,
1026 2279 1377 2335 horrentibus
1416 2278 1634 2332 umbris.
1722 2282 1966 2332 clausam
2008 2283 2198 2333 Medic.
2234 2284 2316 2333 Gn
2355 2319 2372 2336 .
2412 2291 2469 2333 et

229 2346 423 2401 Mentel.
449 2369 548 2421 pr„
602 2350 701 2400 sed
734 2349 940 2418 priores
983 2350 1065 2402 illi
1099 2352 1204 2402 duo
1259 2360 1517 2419 expuncta
1545 2368 1612 2401 m.
1682 2351 1877 2402 clausa
1904 2368 1997 2401 sex
2035 2352 2174 2421 apud
2200 2351 2382 2405 Heius.
2413 2361 2469 2401 et

154 2447 165 2454 ι
228 2416 379 2469 Burm.
408 2429 463 2472 et
490 2419 658 2472 Goth.
684 2429 828 2484 tert„
865 2419 1047 2487 (etiam
1078 2424 1130 2477 7.
1159 2424 1242 2475 11.
1271 2422 1355 2474 12.
1399 2420 1543 2485 Wr.)
1580 2420 1722 2490 quod
1749 2437 1875 2470 sane
1913 2421 2043 2472 ferri
2067 2422 2253 2488 possit.
2302 2424 2469 2490 (recte

229 2485 390 2540 clausi
402 2508 417 2551 ς
472 2491 674 2542 clausa
714 2500 886 2542 ortum
933 2508 963 2541 e
1005 2492 1282 2552 clausam,
1326 2489 1431 2542 hoc
1463 2499 1636 2541 autem
1668 2489 1952 2560 repetitum
1992 2508 2056 2542 ex
2085 2493 2126 2557 1,
2159 2492 2279 2548 311.
2325 2489 2468 2558 Wr.)

227 2556 454 2610 clausum
509 2562 704 2611 Franc.
799 2560 1021 2612 clausas
1062 2562 1197 2614 coni.
1243 2559 1425 2611 Heius.
1472 2569 1526 2611 et
1567 2559 1643 2610 sic
1682 2559 1901 2612 Vratisl.
1943 2561 2118 2613 omnia
2173 2579 2469 2631 perperam.

226 2626 315 2680 231
350 2630 506 2699 ignes
541 2631 670 2681 duo.
706 2629 886 2696 (etiam
916 2630 1034 2681 Alb.
1085 2631 1226 2696 Wr.)
1300 2631 1505 2681 mensis
1538 2631 1762 2698 arisque
1790 2649 1835 2680 r.
1872 2631 2030 2700 ignes
2054 2649 2157 2682 sec.
2185 2631 2469 2698 Hambnrg.

231 2696 540 2767 imponimus
569 2699 831 2750 Montalb.
876 2710 932 2750 et
955 2718 1061 2751 sec.
1086 2702 1294 2768 Menag.
1332 2701 1600 2768 (Punctum
1630 2711 1753 2765 post
1779 2700 1960 2767 ignem
1996 2699 2049 2749 in
2078 2699 2236 2750 colon
2263 2699 2471 2763 mutavi,

228 2775 280 2815 ut
300 2777 499 2831 mutua,
535 2785 677 2837 quae
706 2768 845 2819 inter
873 2769 1068 2837 duplex
1093 2774 1338 2821 Rursum
1363 2787 1440 2820 vs.
1467 2770 1590 2822 229.
1623 2779 1678 2818 et
1707 2770 1833 2822 232.
1862 2767 2172 2834 intercedit,
2205 2768 2343 2820 ratio
2370 2788 2472 2840 ap·-

228 2846 413 2951 gareut.
457 2838 606 2904 Wr.)
722 2837 846 2892 232.
889 2839 1041 2891 coelo
1066 2839 1268 2891 Zulich.
1303 2857 1334 2890 a
1364 2856 1433 2889 m.
1460 2854 1542 2905 pr.
1614 2835 1856 2888 tenebris
1880 2837 2034 2889 Leid.
2167 2838 2275 2892 233
2309 2839 2473 2910 dapi-

259 2920 321 2955 εκ
343 2906 502 2959 Goth.
539 2914 672 2959 tert.
704 2924 734 2958 a
759 2924 829 2959 m.
860 2926 941 2977 pr.
1020 2911 1081 2960 T.
1123 2928 1169 2962 s.
1190 2906 1427 2981 pedibus
1454 2904 1634 2958 subito
1656 2924 1702 2957 c.
1732 2906 1935 2974 aliquot
1972 2907 2112 2976 apud
2141 2907 2296 2959 Pier.·
2347 2910 2473 2959 Iun-

228 2974 386 3038 geuda
410 2975 582 3029 curba
607 2974 844 3047 pedibus
873 2978 1056 3039 uncis,
1090 2996 1327 3040 sonans,
1363 2975 1423 3029 c.
1468 2977 1727 3044 (Ceterum
1757 2987 2041 3037 commate,
2077 2993 2180 3027 uon
2205 2976 2475 3042 semicolo,

228 3039 695 3114 interpungendum
729 3056 840 3096 erat
860 3085 875 3111 ,
911 3047 1056 3115 quod
1082 3066 1304 3099 rursum
1332 3065 1362 3097 e
1389 3064 1468 3097 vs.
1493 3047 1614 3101 232.
1648 3045 1717 3098 ad
1742 3063 1820 3100 vs.
1843 3043 1966 3103 234.
1993 3046 2331 3114 repetendum
2365 3056 2471 3100 est:

228 3129 412 3167 rursus
442 3116 831 3182 circumvolat,
868 3133 1068 3169 rursus
1091 3117 1315 3191 polluit.
1354 3119 1435 3170 W
1431 3115 1501 3183 r.)

231 3232 403 3312 μένα,
442 3235 509 3297 h.
553 3237 598 3297 1.
645 3236 960 3318 Harpyiis:
1017 3248 1091 3299 ut
1140 3238 1306 3319 apud
1390 3241 1664 3324 „nkoyyfi
1699 3237 1865 3321 ταίγε
1904 3236 2243 3302 πέτονται.“
2294 3238 2475 3322 Wr.)

229 3316 546 3382 Homerum
588 3324 734 3383 Soli.
791 3323 963 3383 Unde
1000 3324 1309 3406 Harpyia·
1390 3324 1539 3385 Mox
1574 3347 1691 3384 vox
1712 3325 1881 3400 dira,
1931 3324 2179 3386 stridor.

231 3424 357 3465 rum
404 3408 497 3468 ira
557 3409 717 3469 infra
767 3409 913 3476 247.
1024 3415 1171 3477 223.
1232 3414 1311 3471 In
2251 3411 2256 3414 ’

224 3505 452 3568 panem
466 3516 760 3555 vocamus
776 3494 1085 3556 honestius
1107 3517 1309 3576 quam,

222 3582 585 3659 participem
610 3581 912 3662 facimus.
1003 3586 1080 3643 In
1119 3604 1309 3662 pmc-

233 3661 371 3721 dam
403 3688 699 3726 vocamus
721 3711 738 3742 ,
812 3676 986 3748 parte
1039 3670 1309 3730 carnium

1480 3498 1625 3561 229.
1685 3496 1749 3555 in
1810 3497 1943 3556 loco
1994 3496 2168 3577 longe
2220 3506 2477 3556 remoto.

1394 3586 1538 3648 231.
1584 3584 1709 3640 aris
1742 3582 1932 3663 simpl.
1962 3582 2108 3641 focis
2119 3603 2137 3658 3
2185 3581 2292 3640 sed
2321 3583 2479 3642 alte-

1391 3687 1533 3726 rum
1609 3687 1743 3728 voc.
1810 3667 2069 3747 gravius.
2163 3677 2480 3747 argutatur

234 3757 520 3810 tosturum
560 3753 828 3832 religiose
871 3753 983 3813 diis
1013 3756 1310 3836 apposita:

238 3829 328 3912 (et
340 3835 578 3921 Cerdo.)
610 3847 684 3900 ut
714 3839 776 3898 in
802 3840 992 3919 epulis
1020 3862 1150 3901 mos
1178 3850 1311 3900 erat

237 3922 499 3983 carnium
530 3933 838 4003 tamquam
874 3919 1150 4008 ἀπαρχὰς
1174 3927 1311 3986 diis

238 4024 602 4070 consecrare.
686 4024 840 4071 toros
856 4058 874 4088 ‚
950 4024 1129 4073 ornat
1185 4033 1316 4074 rem

235 4100 467 4156 tenuem
482 4142 501 4174 ,
547 4097 841 4178 cespitem.
925 4099 1072 4164 225.
1113 4101 1315 4179 lapsu,

235 4179 474 4258 volatu,
534 4193 610 4243 ut
650 4204 853 4264 saepe,
893 4186 1117 4246 adsunt
1135 4232 1152 4262 ,
1203 4186 1315 4245 ud·

237 4265 460 4326 volant.
522 4267 644 4348 (-—-
662 4274 806 4338 226.
836 4274 1111 4351 quatiunt
1138 4274 1314 4331 clan-

234 4350 474 4425 gonhus
537 4356 710 4431 alus,
786 4356 962 4417 Hom.
1009 4357 1074 4417 n.
1117 4382 1170 4441 y,
1226 4358 1316 4423 6:

1394 3755 1563 3812 Serv.
1621 3773 1759 3813 cum
1818 3754 1892 3814 al.
1962 3751 2184 3833 (Verba
2242 3756 2481 3835 arisque

1394 3841 1732 3917 reponimus
1790 3840 2033 3920 proprie
2089 3839 2250 3899 dicta
2307 3849 2481 3920 puto.

1397 3925 1551 3984 Nam
1592 3946 1728 3985 cum
1776 3945 1849 3985 ex
1893 3924 2142 3986 Homeri
2196 3925 2481 3985 carmini-

1360 4046 1364 4050 -
1401 4012 1547 4084 bus,
1590 4012 1653 4071 in
1687 4013 1941 4093 dapibus
1979 4011 2339 4091 apparandis
2369 4010 2483 4070 diis

1402 4096 1605 4158 debita
1636 4100 1699 4158 in
1731 4100 1848 4159 aris
1879 4118 2110 4179 semper
2157 4098 2281 4157 sere
2312 4097 2483 4158 obla-

1402 4196 1464 4243 ta
1523 4206 1675 4262 esse,
1736 4193 1998 4259 constet,
2056 4183 2335 4262 Virgilio,
2407 4203 2483 4243 ne

1399 4292 1528 4331 rem
1584 4293 1644 4331 sa
1653 4294 1812 4331 cram
1861 4271 2037 4329 toties
2100 4268 2484 4345 describeret,

1400 4377 1580 4417 versu
1623 4358 1765 4425 224.
1806 4355 2164 4417 oblationem
2193 4355 2484 4436 portionis
