2882 5028
544 399 695 475 558
1156 390 2203 466 EXCURSUSI

542 585 615 662 11,
656 585 718 660 6,
763 585 822 657 9,
865 603 924 663 p.
972 587 1113 649 131.
1156 583 1230 646 cs.
1272 582 1410 643 Not.
1452 602 1515 663 p.
1558 581 1702 647 884.
1787 583 1947 645 Sunt
1987 590 2184 641 autem
2226 581 2374 641 tales
2417 581 2566 641 drea
2604 580 2743 640 simi-

542 671 614 731 lis
655 668 911 728 nominis
951 670 1129 728 urbes
1174 687 1409 728 errores
1451 669 1592 728 satis
1630 670 2001 745 frequentes3
2042 678 2115 727 ut
2154 669 2215 727 in
2250 666 2368 727 hoc
2406 668 2536 747 ipso
2573 685 2744 726 uun-

541 757 644 836 plo
687 773 754 814 re
795 754 1030 814 inversa
1074 756 1280 814 Conon
1320 755 1491 814 Narr.
1535 754 1619 818 46
1661 753 1923 814 Pallenes
1954 755 2201 813 Aeniam
2243 755 2472 813 Aenum
2516 753 2743 832 appella·-

542 851 670 901 tam
726 840 894 916 vult;
964 849 1026 898 et
1079 841 1293 899 Tzetza
1367 839 1445 898 ad
1497 839 1794 919 Lycophr.
1856 840 1898 899 1.
1954 860 2006 898 c.
2064 849 2379 917 utramque
2451 838 2742 898 confundit.

542 924 787 1004 Virgilio
828 935 1076 1005 propter
1114 924 1460 1004 Episodium
1496 926 1593 983 de
1648 924 1929 1004 Polydori
1972 925 2188 984 umbra
2244 926 2440 984 multo
2482 932 2741 1005 opportu-

544 1011 681 1071 nior
722 1021 852 1070 erat
898 1011 1084 1069 altera
1128 1010 1203 1070 de
1246 1011 1412 1070 Aeno
1456 1008 1745 1069 Thraciae
1787 1011 2088 1087 narratio,
2146 1030 2274 1068 eam
2316 1012 2519 1088 itaque
2559 1029 2742 1087 sequu-

543 1105 645 1156 tus
686 1104 795 1155 est.
879 1097 1120 1175 Quippe
1176 1096 1292 1155 suit
1342 1106 1400 1154 et
1453 1095 1580 1176 ipsa
1639 1096 1782 1155 urbs
1825 1096 1967 1155 olim
2020 1115 2145 1155 non
2190 1096 2474 1171 obscura,
2541 1095 2742 1154 condita

542 1200 688 1241 mox
746 1181 967 1240 iterum
1045 1183 1120 1240 ab
1180 1181 1491 1254 Aedibus,
1557 1200 1663 1240 seu
1718 1181 1918 1240 Cumis
1987 1201 2093 1241 seu
2157 1181 2446 1261 Mitylene
2499 1180 2740 1241 oriundis.

543 1287 605 1327 v.
653 1265 857 1345 Steph.
900 1266 1042 1346 Byz.
1082 1267 1148 1325 in
1191 1263 1401 1344 Αἶνος,
1445 1269 1740 1345 Scymnus
1787 1265 1971 1326 Chius
2015 1267 2161 1343 695,
2216 1277 2276 1325 et
2317 1268 2656 1347 Harpocrst.
2691 1265 2739 1323 in

545 1351 754 1412 eodem
797 1370 928 1412 voc.
974 1372 1050 1411 ex
1093 1351 1352 1432 Ephoro.
1439 1353 1682 1411 Servius
1738 1352 1815 1411 ad
1859 1373 1915 1412 v.
1964 1357 2043 1418 19
2086 1351 2148 1412 h.
2190 1353 2230 1412 l.
2276 1354 2423 1412 alios
2463 1353 2618 1413 urbis
2652 1369 2742 1409 ao-

545 1458 682 1498 men
727 1437 800 1495 ab
843 1439 1042 1513 Aeno,
1084 1438 1309 1517 Ulyssis
1352 1439 1541 1513 socio,
1588 1437 1942 1513 deduxisse,
1999 1457 2072 1496 ex
2116 1438 2504 1517 Euphorione
2545 1448 2600 1496 et
2635 1435 2741 1494 Cal·

543 1521 799 1583 limacho
843 1533 1288 1583 commemorat.
1368 1523 1466 1582 Ad
1507 1523 1756 1582 eandem
1800 1531 2067 1603 spectare
2107 1525 2390 1600 videtur,
2434 1523 2589 1603 quod
2614 1518 2741 1601 apud

545 1610 794 1668 Pausan.
838 1619 930 1668 eat
974 1609 1101 1683 Vll,
1145 1613 1205 1684 4,
1247 1629 1306 1689 p.
1351 1613 1512 1681 530,
1569 1609 1673 1669 ubi
1719 1609 1906 1668 Samii
1949 1610 2023 1668 ab
2065 1607 2375 1670 Androclo
2420 1620 2481 1669 et
2522 1605 2741 1689 Ephesiis

544 1694 738 1754 insula
797 1694 964 1754 eiecti
1018 1694 1240 1774 partim
1282 1693 1712 1753 Samothracen
1754 1695 1979 1772 abiere,
2023 1696 2244 1773 partim
2289 1697 2600 1755 consedere
2633 1689 2741 1770 περὶ

546 1781 812 1841 Λίναίαν
871 1776 985 1860 τήν
1043 1780 1109 1843 ἐν
1164 1783 1242 1865 τῇ
1298 1773 1530 1863 ἠπείρῳ
1608 1784 1682 1865 τῇ
1737 1779 1945 1860 πέραν,
1987 1776 2350 1861 βαλλόμενοι
2392 1788 2605 1862 τεῖχος·
2652 1795 2738 1835 ⁸⁶¹·-

545 1867 817 1927 Αἴνειαν.

717 1950 783 2008 ln
827 1947 1112 2023 Thracia,
1155 1946 1273 2008 hoc
1313 1957 1436 2025 est,
1478 1949 1753 2026 Pallene,
1788 1950 2066 2010 Aeneam.
2088 1949 2283 2010 vitam
2324 1951 2567 2024 finiisse,
2614 1966 2739 2007 noa-

548 2035 695 2094 nulli
753 2034 892 2094 olim
934 2034 1314 2094 tradiderant
1368 2035 1531 2115 apud
1585 2037 1826 2114 Dionys.
1881 2036 2075 2096 Halic.
2117 2037 2161 2112 l,
2203 2039 2312 2111 49,
2371 2047 2433 2096 et
2487 2038 2630 2096 inter
2661 2050 2739 2091 ιω

546 2118 806 2199 Cephalo
850 2119 1203 2199 Gergethius
1258 2118 1370 2200 (de
1424 2141 1546 2199 quo
1586 2143 1647 2182 v.
1691 2123 1940 2182 Excurs.
1984 2123 2011 2181 1
2064 2122 2141 2181 ad
2182 2122 2286 2181 lib.
2333 2124 2385 2182 11
2428 2145 2485 2203 p.
2527 2117 2656 2199 300)
2691 2123 2737 2173 fl

543 2205 909 2284 Hegesippus
960 2204 1100 2285 περὶ
1148 2203 1506 2285 Παλλήνης,
1590 2228 1624 2265 a
1686 2228 1806 2285 quo
1848 2208 2169 2287 scriptore,
2230 2228 2372 2268 cum
2428 2208 2490 2268 id
2540 2202 2736 2265 consilio

546 2291 927 2370 suscepisset,
989 2291 1323 2350 accuratius
1378 2290 1530 2351 haec
1586 2302 1845 2352 tractata
1904 2294 2083 2353 fuisse
2137 2294 2450 2372 probabile
2509 2292 2600 2367 fit;
2656 2285 2737 2346 ⁸⁰11

545 2376 707 2435 idem
748 2377 885 2435 urbi
943 2396 1083 2435 suae
1134 2375 1376 2435 heroem
1436 2379 1603 2455 quasi
1658 2375 1970 2458 propriuin
2027 2398 2377 2440 consecrare
2433 2379 2545 2438 hac
2580 2381 2735 2436 mort!

545 2462 804 2522 voluisse
844 2462 1120 2538 videtui-3
1173 2462 1338 2540 quod
1379 2465 1557 2522 toties
1598 2465 1823 2525 sactum
1881 2465 1944 2524 in
2001 2473 2203 2525 vetere
2261 2465 2508 2526 historia
2546 2458 2736 2523 notavit

546 2549 662 2608 iam
720 2548 963 2627 Dionys.
1018 2548 1207 2607 Halic.
1264 2550 1491 2627 egregio
1542 2550 1674 2609 loco
1730 2551 1833 2613 lib.
1891 2551 1935 2626 1,
1995 2552 2080 2617 54
2138 2561 2296 2612 extr.
2358 2552 2441 2634 (p.
2498 2552 2588 2615 48.
2636 2543 2731 2625 44).

545 2636 782 2693 Patrem
825 2633 1140 2710 Anchisen,
1184 2634 1266 2692 ibi
1305 2635 1637 2714 sepultum,
1677 2655 1753 2694 ex
1797 2635 2038 2696 Theone
2077 2649 2376 2698 memorat
2415 2635 2603 2717 Steph.
2624 2633 2731 2709 Byz-

543 2721 608 2780 in
651 2722 885 2782 Αἴνεια.

717 2807 942 2881 Conon,
987 2807 1155 2865 cuius
1196 2822 1439 2884 operam
1482 2805 1859 2885 potissimum
1913 2806 1976 2865 in
2032 2807 2251 2866 sabulis
2307 2808 2384 2867 de
2424 2804 2728 2887 populorum

544 2901 607 2952 et
647 2892 891 2952 urbium
933 2892 1277 2968 'originibus
1333 2896 1489 2965 (τοῖς
1531 2891 1830 2966 ἐθνικαῖς)
1893 2892 2234 2971 colligendis
2294 2894 2545 2974 positam
2591 2887 2727 2947 suist

542 2988 823 3058 apparet,
889 2977 1127 3037 Narrat.
1175 2977 1282 3052 46,
1328 2978 1587 3036 Aeneam
1637 2987 1847 3050 narrat
1902 2980 2154 3038 traiecto
2211 2978 2587 3059 Hellesponto
2630 2990 2726 3052 pn·

543 3084 707 3122 mum
755 3065 818 3123 in
865 3063 1073 3121 Sinum
1116 3060 1443 3123 Thermum
1503 3060 1943 3143 (Thermaicum
1984 3063 2395 3147 Macedoniae)
2451 3058 2725 3143 pervenire,

542 3149 646 3209 ubi
690 3159 921 3226 patrem
964 3146 1262 3206 Anchisen
1309 3149 1432 3208 vita
1488 3149 1766 3207 functum
1821 3148 2064 3225 humet,
2121 3150 2504 3228 oblatumque
2540 3145 2635 3205 sibi
2670 3138 2724 3197 nb

540 3234 755 3294 incolis
796 3253 1041 3311 regnum
1085 3242 1347 3308 recusat3
1387 3234 1554 3308 hinc,
1597 3234 1825 3312 inquit,
1869 3239 1934 3293 in
1975 3248 2187 3294 terram
2234 3236 2585 3295 Bnesiadem
2611 3246 2723 3307 μθ·

524 3320 733 3399 fictus
777 3319 892 3391 (εἰς
934 3314 1047 3394 τὴν
1088 3318 1436 3392 Βρουσιάδα
1479 3324 1624 3400 γῆν)
1669 3321 1979 3397 omnibus,
2039 3322 2260 3400 quibus
2300 3330 2592 3391 uteretur,
2628 3316 2723 3370 ml

540 3413 744 3483 gratus
810 3413 869 3461 et
927 3401 1224 3461 iucundus
1279 3401 1429 3464 κατιὲ
1488 3399 1664 3487 χάριν
1717 3411 1827 3485 τῆς
1880 3401 2256 3487 Ἀφροδίτης.
2342 3405 2615 3486 Mugiente
2647 3394 2721 3464 ibi,

541 3509 695 3568 quae
738 3509 814 3548 ex
856 3489 956 3547 [da
991 3489 1194 3566 ‘ipsum
1238 3490 1622 3567 sequebatur,
1692 3492 1876 3566 bove,
1942 3494 2154 3552 moniti
2200 3514 2233 3552 a
2279 3493 2504 3552 Venere
2544 3488 2721 3559 neoePfl

539 3594 769 3634 memor
809 3574 1125 3653 imperium
1168 3575 1242 3632 ab
1284 3575 1493 3634 incolis
1533 3578 1598 3634 in
1639 3596 1702 3634 se
1740 3576 2003 3636 delatum
2047 3579 2314 3659 suscipit,
2356 3580 2609 3653 bovequo
2631 3568 2719 3627 Vt-

540 3661 671 3719 neri
714 3669 971 3719 mactata
1012 3660 1221 3719 urbem
1282 3661 1488 3720 condit
1532 3662 1791 3741 primum
1851 3663 2094 3722 Aeniam
2140 3661 2448 3746 (Αἴνειαν)
2507 3653 2717 3739 uppss'u‘·

540 3755 693 3822 tam,
762 3745 1043 3826 posthaec
1094 3747 1340 3805 Aenum.
1438 3748 1804 3805 Bncsiadem
1858 3749 2019 3808 illam
2078 3759 2300 3809 terram
2342 3750 2504 3808 facile
2557 3735 2715 3815 aliqui·

539 3834 893 3891 mutandam
934 3840 1108 3910 putet
1154 3833 1238 3904 εἰς
1274 3831 1392 3911 τήν
1435 3831 1794 3911 Κρουσιᾰὸα
1836 3852 1917 3893 ex
1960 3835 2198 3914 Dionys.
2240 3835 2430 3894 Halic.
2475 3841 2530 3890 et
2566 3828 2712 3887 Hem-

538 3918 685 3977 doto
728 3919 767 3977 l.
811 3938 863 3979 c.
949 3916 1067 3975 Sed
1110 3920 1370 3997 Βροῦσις
1412 3925 1595 3999 μοῖρα
1636 3921 2035 3995 Μακεδονίας
2075 3915 2199 3984 ἀπὸ
2239 3918 2542 4003 Beneuen,
2578 3907 2712 3989 pr·

537 4002 689 4066 θίου
730 3999 976 4077 παιδὸς,
1020 4012 1091 4060 ut
1134 4002 1336 4082 steph.
1379 4004 1523 4083 Byz.
1566 4004 1710 4063 ibid.
1738 4005 1923 4065 Galeo
1962 4006 2260 4083 laudatus,
2304 4014 2366 4064 et
2389 3995 2710 4064 interfin-

535 4110 636 4148 cas
682 4093 917 4166 Btjvsae
960 4088 1122 4166 apud
1166 4089 1313 4147 Plin.
1356 4089 1455 4167 lv,
1504 4095 1577 4153 11
1626 4111 1672 4149 s.
1722 4093 1819 4155 18.
1873 4147 1876 4149 Α

709 4175 1013 4233 Diversam
1069 4174 1143 4231 ab
1203 4174 1477 4232 omnibus
1534 4173 1630 4233 his
1681 4175 2005 4250 rationem,
2081 4195 2231 4254 quae
2282 4184 2475 4233 tamen
2529 4166 2593 4226 ad
2635 4157 2708 4217 ἧι*

535 4263 691 4342 ipsa,
737 4280 891 4339 quae
934 4267 1253 4318 memorata
1301 4269 1458 4337 sunt,
1501 4261 1766 4321 revocari
1810 4270 2025 4341 potest,
2066 4262 2356 4340 ingressus
2397 4264 2517 4316 erat
2550 4252 2593 4310 i·
2623 4262 2708 4302 ω’

535 4357 700 4424 ctor,
743 4366 919 4427 quem
961 4344 1159 4405 Schol.
1202 4344 1368 4405 Iliad.
1413 4370 1470 4423 ν,
1515 4347 1640 4412 459
1681 4348 2015 4427 exscripsit,
2069 4350 2287 4421 Troia,
2333 4341 2532 4421 inquit,
2565 4340 2707 4409 ‘’GP“

535 4437 774 4493 Aeneas
824 4444 1016 4492 sumto
1071 4451 1272 4491 secum
1313 4445 1491 4511 patre
1535 4432 1799 4492 Anchisa
1828 4434 2013 4512 Jicgic
2031 4476 2048 4507 ,
2123 4431 2547 4511 nmgsmgioque
2579 4429 2706 4477 Μ’
