2882 5028
500 392 653 466 364

1005 392 1086 464 Ρ.
1141 388 1668 465 VIRGILII
1716 389 2261 465 MARONIS

601 575 748 654 Vix
784 598 875 649 ea
908 571 1115 648 fatus
1167 587 1334 678 eret
1362 550 1668 652 senior:
1732 575 2162 677 subitoque
2207 574 2510 674 fragore

498 677 861 754 Intonuit
904 676 1258 773 laevum,
1320 690 1399 752 et
1434 677 1537 754 de
1570 676 1799 754 coelo
1833 677 2042 779 lapsa
2081 706 2226 779 per
2251 680 2562 755 umbras

504 779 754 857 Stella
788 778 1046 856 facem
1090 779 1388 857 ducens
1422 781 1671 857 multa
1705 806 1890 858 cum
1930 782 2109 857 luce
2149 785 2501 861 cucurrit.

497 883 756 976 Illam,
810 908 1122 960 summa
1160 909 1404 984 super
1435 884 1841 961 labentem
1874 888 2221 962 culmina
2251 889 2458 982 tecti,

2586 893 2707 965 695

480 989 918 1072 ,Cernimus
955 986 1190 1064 Idaea
1222 987 1510 1062 claram
1549 1013 1634 1064 se
1673 988 2024 1066 condere
2054 990 2265 1087 silva,

498 1093 1123 1194 signantemque
1166 1094 1359 1184 vias;
1405 1104 1582 1166 tum
1617 1093 1862 1191 longo
1909 1093 2162 1169 limite
2200 1092 2458 1169 sulcus

492 1199 644 1272 Dat
684 1194 985 1290 lucem,
1042 1209 1121 1272 et
1168 1195 1322 1272 late
1362 1196 1657 1272 circum
1698 1195 1870 1272 loca
1912 1194 2212 1272 sulfure
2252 1194 2571 1273 sumant.

488 1449 493 1456 ⁹
606 1458 712 1511 693
745 1457 957 1509 laevom
992 1458 1163 1508 Burm.
1200 1473 1264 1507 ex
1297 1457 1435 1508 Gnd.
1508 1455 1748 1509 umbram
1782 1458 1982 1521 Franc„
2019 1468 2077 1508 ut
2112 1458 2257 1510 alibi.

957 1527 1043 1593 (et
1095 1526 1172 1577 ita
1220 1526 1381 1578 scribi
1445 1527 1594 1578 malit
1641 1527 1857 1579 Wakef.
1908 1528 1977 1578 ad
2025 1529 2231 1579 Lucret.
2286 1530 2369 1593 V,
2425 1529 2536 1581 682.
2587 1526 2700 1587 Wr.)

1347 1598 1453 1650 696
1500 1598 1699 1647 silvam
1732 1597 1902 1666 fragm

492 1543 612 1576 eum
656 1526 879 1578 Dorvill.

491 1596 595 1649 695
632 1595 953 1648 lambentem
987 1594 1208 1646 Dorvill.

2396 1460 2494 1514 694
2540 1473 2703 1526 magna

1905 1634 1918 1648 .
1957 1598 2129 1658 Vatic.
2288 1600 2393 1653 697
2429 1599 2582 1668 longo
2611 1608 2700 1645 mm

490 1665 706 1733 Cuning.
744 1684 808 1716 ex
842 1665 993 1717 Huls.
1062 1666 1231 1716 limite
1264 1666 1490 1717 firmavit
1522 1675 1648 1735 post
1695 1666 1831 1719 Pier.
1868 1666 2050 1719 Heius.
2107 1686 2136 1717 e
2184 1667 2341 1719 codd.
2422 1666 2597 1734 Vulgg.
2627 1665 2696 1714 lu-

489 1736 631 1786 mine
668 1735 753 1786 vel
788 1736 1272 1787 limina—sulcos
1303 1754 1385 1804 pr.
1421 1737 1674 1788 Rotteud.
1726 1738 1917 1800 (sulcis
1953 1737 2072 1788 Alb.
2114 1739 2198 1790 W
2192 1738 2260 1801 r.)
2316 1756 2436 1788 cum
2469 1740 2504 1788 l.
2534 1737 2567 1785 l.
2603 1733 2698 1783 sul-

489 1822 625 1856 cans
658 1805 824 1857 Wall.
874 1807 932 1855 F.
951 1804 1190 1855 mollius:
1227 1807 1291 1855 Si

1367 1818 1655 1875 antemque
1688 1809 1812 1857 vias
1843 1820 1959 1858 tum
1997 1808 2033 1857 I.
2070 1811 2106 1857 l.
2145 1826 2188 1857 s.
2228 1812 2343 1858 Dat
2378 1808 2553 1857 lucem.
2594 1805 2698 1869 (Re-

488 1883 573 1924 cte
600 1875 703 1926 hoc
737 1875 909 1927 reiicit
943 1873 1179 1936 Iahniu33
1213 1874 1264 1924 vi
1306 1884 1424 1925 etur
1461 1875 1692 1942 Heynius
1729 1893 1876 1927 usum
1903 1877 2107 1944 vimque
2144 1875 2429 1945 particulae
2478 1889 2579 1926 tum
2617 1888 2695 1922 uon

486 1945 849 2013 perspexisse,
887 1944 954 1997 de
989 1961 1092 2013 quo
1132 1943 1238 1995 vid.
1275 1946 1340 2007 Q.
1378 1946 1445 1996 V.
1485 1946 1666 2010 XXV,
1703 1947 1755 2009 6,
1792 1964 1835 1996 c.
1881 1946 2024 2012 Wr.)

484 2193 568 2230 na
589 2171 817 2248 firma,
860 2174 1194 2234 secundum
1224 2174 1569 2254 auguralem

484 2256 875 2337 disciplinam.
921 2262 996 2320 cf.
1023 2259 1085 2319 h.
1115 2260 1154 2320 l.
1180 2263 1348 2320 Serv.
1386 2261 1569 2319 Pom-

480 2363 621 2422 pon.
709 2344 843 2404 Hoc
881 2348 1082 2404 statim
1112 2347 1218 2421 fit,
1263 2347 1412 2405 dum
1437 2346 1568 2404 lae—

480 2450 627 2489 vum
657 2440 847 2491 tonat.
893 2434 969 2491 cf.
1001 2432 1216 2511 Odyss.
1241 2456 1299 2508 υ,
1327 2436 1410 2496 97
1439 2453 1565 2510 sqq.

479 2516 653 2574 Dicta
690 2528 891 2578 autem
922 2518 1073 2577 haec
1101 2519 1179 2591 qd
1222 2519 1564 2598 opinionem

479 2616 774 2679 veterum,
802 2615 864 2664 et
882 2626 1105 2665 morem
1128 2605 1369 2684 petendi
1388 2626 1564 2663 omen

480 2715 514 2752 a
544 2694 684 2753 diis:
728 2692 925 2769 quod,
977 2692 1026 2749 si
1069 2691 1401 2770 propitium
1441 2712 1563 2749 nu-

478 2799 613 2841 men
646 2787 827 2854 esset,
871 2778 1173 2858 extemplo
1219 2777 1293 2835 ab
1331 2796 1398 2835 eo
1445 2777 1562 2835 im-

474 2874 816 2947 petrei-etur
827 2888 844 2941 3
880 2863 1090 2943 quid?
1150 2863 1318 2942 quod
1342 2873 1404 2921 et
1434 2862 1561 2942 cogi

475 2973 696 3012 numen
723 2971 895 3032 posse
926 2958 1267 3029 putarunt,
1310 2958 1382 3007 ut
1414 2949 1562 3007 ede-

472 3049 570 3098 ret
613 3058 818 3114 omen5
877 3046 966 3111 et,
1020 3036 1187 3113 quod
1229 3036 1407 3093 etiam
1448 3035 1559 3092 ab-

472 3124 748 3196 surdiuS,
808 3124 949 3180 elici
988 3141 1158 3200 posse
1198 3121 1401 3180 Iovem
1453 3141 1559 3200 per

472 3218 667 3269 certos
704 3210 890 3281 ritus,
953 3215 1026 3265 ut
1053 3207 1117 3265 in
1169 3216 1555 3285 conspectum

470 3296 676 3355 veniat
705 3304 768 3352 et
795 3313 901 3352 eeu
931 3291 1295 3371 impetrandi
1341 3293 1556 3352 ominis

468 3381 720 3445 modum
753 3379 967 3438 doceat
997 3397 1102 3436 seu
1129 3397 1335 3436 rerum
1365 3398 1552 3437 even-

419 3475 603 3526 astum
632 3473 892 3525 moneat.
957 3460 1080 3545 (—
1106 3467 1250 3527 692.
1293 3482 1367 3520 ne
1392 3463 1552 3523 inter

466 3572 526 3610 se
566 3540 797 3611 mutuo*
821 3549 1031 3609 referri
1074 3571 1188 3627 que
1231 3594 1246 3608 .
1266 3593 1308 3607 ..
1343 3561 1398 3605 et
1437 3570 1548 3609 ex-

463 3637 719 3713 istimes,
789 3637 914 3696 vid.
960 3635 1036 3710 Q.
1067 3636 1138 3695 V.
1181 3635 1448 3710 XXXV,
1494 3642 1552 3701 6.

465 3724 792 3803 ,ft-agore.-
850 3722 889 3780 i.
923 3741 971 3781 e.
1002 3721 1151 3780 coeli
1183 3721 1554 3780 confractio-

463 3829 539 3869 ne
569 3809 666 3868 vel
706 3807 920 3868 fissura
959 3807 1268 3868 nubium.‘·
1314 3807 1550 3867 Wakef.

463 3895 543 3954 ad
562 3896 800 3955 Lucret.
831 3894 901 3969 V,
944 3896 1089 3960 318.
1141 3889 1307 3973 Wr.)

546 4066 932 4133 693—698.
962 4061 1143 4121 Stella
1168 4061 1385 4120 cadens
1415 4083 1543 4142 sup.

455 4153 618 4213 inter
647 4149 1028 4231 prognostica
1066 4148 1279 4226 Georg.
1324 4148 1370 4222 1,
1418 4150 1542 4213 365

455 4259 582 4319 sqq.
629 4235 873 4313 habita;
928 4236 1003 4295 cf.
1033 4231 1256 4313 Spauh.
1292 4233 1367 4292 ad
1402 4234 1540 4291 Cal-

452 4326 575 4385 lim.
622 4324 690 4383 in
732 4322 860 4382 Del.
902 4324 1004 4395 88.
1071 4327 1134 4377 at
1179 4339 1344 4377 nunc
1380 4317 1541 4378 iuter

453 4410 715 4492 auspicia
761 4419 825 4470 et
879 4405 942 4469 h.
984 4406 1024 4466 l.
1090 4403 1333 4485 quidem
1374 4404 1538 4466 inter

1653 2175 1844 2251 laeta,
1919 2174 2140 2255 quippe
2195 2177 2370 2254 fugae
2412 2172 2693 2251 suscipien-

1656 2261 1793 2336 dae3
1838 2263 1921 2321 sic
1948 2265 2177 2321 faustae
2220 2259 2593 2341 navigationis
2621 2275 2691 2333 ap.

1656 2349 1931 2427 Apollon.
1967 2349 2065 2422 IV,
2088 2347 2215 2411 294
2245 2368 2336 2426 sq.
2367 2356 2427 2405 et
2456 2343 2692 2404 ventise-

1653 2434 1835 2492 cundi
1866 2434 2027 2513 apud
2058 2434 2318 2492 Theocr.
2343 2432 2493 2505 XIII,
2531 2433 2606 2495 50
2625 2448 2689 2504 sq.

1647 2521 1798 2578 bene
1853 2521 1933 2579 ad
1999 2522 2318 2579 Dioscuros
2385 2517 2689 2578 traductum

1648 2606 1814 2685 apud
1860 2607 1986 2666 Val.
2037 2606 2126 2668 Fl.
2174 2607 2230 2681 1,
2278 2608 2422 2671 568.
2505 2604 2690 2680 Respe-

1646 2693 1803 2751 xisse
1862 2692 2108 2752 videtur
2169 2701 2352 2771 poeta
2403 2690 2688 2751 Homerum

1647 2777 1813 2837 Iliad.
1857 2779 1912 2854 δ,
1944 2778 2024 2841 75
2070 2797 2196 2855 sqq.
2244 2787 2306 2836 et
2332 2775 2588 2854 Apollon.
2612 2770 2687 2845 IV,

1645 2863 1773 2927 294
1804 2884 1928 2941 sqq.
1961 2884 2097 2923 cum
2139 2863 2236 2942 111,
2291 2866 2451 2927 1377
2472 2881 2549 2938 sq.
2587 2857 2685 2915 Ite·

1644 2970 1781 3007 rum
1817 2949 1921 3008 ins.
1952 2949 2022 3023 V,
2066 2951 2192 3013 527
2221 2951 2385 3007 coelo
2411 2968 2513 3004 ceu
2539 2962 2684 3020 saepe

1644 3035 1827 3109 refixo
1907 3039 2343 3093 Transcurrunt
2395 3035 2683 3107 crinemque

1644 3122 1917 3179 volantia
1942 3121 2139 3178 sidera
2166 3123 2411 3178 ducant.
2497 3116 2681 3174 Mirum

1643 3215 1873 3280 tamen,
1919 3205 2085 3283 quod
2125 3205 2295 3264 stella
2329 3205 2437 3264 e‘lla
2465 3204 2604 3262 salua
2631 3198 2678 3256 h.

1640 3292 1680 3349 1.
1734 3312 1869 3351 cum
1925 3293 2164 3350 tonitru
2230 3292 2535 3351 coniuncta
2588 3292 2677 3355 est,

1638 3396 1749 3436 nec
1794 3377 1974 3437 modo
2014 3398 2152 3437 cum
2202 3378 2465 3437 sulfureo
2500 3369 2675 3432 halitu.

1637 3463 1736 3521 Ad<
1764 3464 2134 3537 Luciferum,
2191 3462 2437 3522 Veneris
2467 3457 2676 3527 stellam,

1641 3549 1871 3607 Aeneae
1918 3557 2329 3628 conspectam,
2409 3550 2679 3607 traxerant

1641 3635 1760 3693 alii.
1803 3656 1861 3694 v.
1893 3656 2022 3713 sup.
2052 3636 2129 3694 ad
2169 3635 2214 3709 I,
2259 3638 2401 3699 382.
2463 3627 2674 3706 Disquis.

1638 3721 1709 3780 11.
1740 3741 1785 3779 s.
1816 3727 1874 3787 7.
1962 3721 2083 3779 Nec
2134 3721 2209 3779 de
2248 3718 2488 3780 fulmine
2515 3700 2674 3772 ‘mua

1642 3807 1828 3885 accipi
1869 3816 2086 3886 potest.
2173 3806 2309 3865 Non
2367 3813 2553 3863 autem
2583 3818 2673 3855 cu-

1636 3895 1815 3949 currit
1845 3894 2038 3950 mulla
2068 3913 2207 3950 cum
2227 3894 2376 3965 luce,
2402 3889 2500 3948 sed
2527 3882 2672 3944 stella

1636 3977 1855 4035 ducens
1879 3978 2101 4055 facem
2141 3978 2332 4035 mulla
2372 3997 2502 4034 cum
2541 3972 2667 4038 luce,

1631 4061 1690 4121 h.
1743 4062 1925 4121 habet
1972 4064 2226 4143 speciem
2284 4061 2424 4120 sacis
2479 4060 2668 4132 longae.

1627 4147 1787 4207 Hinc
1842 4152 1985 4214 697.
2037 4150 2219 4228 longo
2266 4149 2450 4207 linzioe
2501 4140 2669 4200 sulcu-⁹

1628 4237 1765 4294 Dat
1793 4235 2006 4292 lucem.
2102 4236 2316 4294 Totam
2345 4229 2560 4310 augurii
2584 4242 2668 4284 ra-

1625 4320 1854 4379 tionem
1892 4340 2001 4400 per
2030 4330 2232 4400 partes
2268 4319 2518 4399 explicat
2550 4315 2666 4370 Ser·-
2703 4382 2710 4387 .

1623 4407 1759 4466 vius
1786 4425 1953 4466 more
1979 4427 2106 4466 suo.
