2882 5028
485 318 633 391 180

961 312 1042 387 P.
1095 310 1631 387 VIRGlLll
1697 309 2249 403 MAROle

480 497 932 575 Caesariem
964 509 1154 572 nato
1182 497 1562 594 genetrix,
1617 495 2060 598 lumenque
2094 500 2463 574 iuventae
2580 501 2736 591 590

477 605 986 702 Purpureum
1003 659 1026 699 ‚
1074 611 1155 676 et
1184 598 1434 676 laetos
1466 598 1715 677 oculis
1744 597 2072 677 adflarat
2101 600 2497 680 honores:

616 799 727 862 590
767 809 1026 878 genetrix
1063 821 1198 861 nato
1245 827 1328 879 pr.
1373 807 1627 860 Rottend.

1773 808 1976 860 enin-ix
2019 805 2109 859 hic
2150 817 2207 858 et
2240 805 2371 860 alias
2404 807 2592 872 Palat„
2641 807 2737 877 qui

478 875 690 928 omnino
732 876 960 944 vulgaris
998 878 1413 947 orthographiae
1455 887 1639 930 auctor
1677 876 1747 928 ha
1788 876 1865 927 eri
1902 887 2107 947 potest5
2151 877 2256 928 vid.
2296 879 2365 931 V.
2406 878 2468 929 L.
2511 879 2608 929 Ge.
2636 878 2737 941 IV,

475 947 597 1000 363.
643 948 727 999 W
720 946 787 1014 r.)

925 949 1056 1008 591,
1081 948 1365 1018 laetosque
1408 946 1668 998 Montalb.
1756 946 1907 998 latos
1947 947 2053 999 duo
2096 947 2269 999 Burm.
2352 946 2520 999 laetis
2558 946 2736 999 Goth.

479 1026 599 1068 tert.
666 1016 773 1068 Sed
796 1026 1002 1069 tuentur
1025 1016 1286 1086 vulgatam
1310 1016 1653 1086 grammatici.
1685 1032 1733 1068 v.
1768 1017 1942 1069 Burm-

474 1174 687 1320 ⁵152*ssss
689 1172 943 1338 ³5:35„
976 1173 1557 1321 {ffsszrgzffissff-

1429 1307 1446 1321 ·
1537 1306 1554 1338 ν

473 1345 594 1410 491
611 1389 630 1421 ,
676 1345 781 1404 ubi
823 1346 1082 1406 Hesione
1120 1347 1399 1407 Herculi:
1459 1366 1555 1406 ma

474 1431 638 1511 eripe
682 1466 763 1477 —
802 1453 1064 1512 namque
1095 1445 1305 1512 potes:
1366 1454 1555 1513 neque

473 1519 634 1574 enim
673 1529 803 1576 tam
835 1519 968 1576 lata
1004 1518 1284 1578 videbam
1326 1523 1555 1578 Pecto-

470 1623 568 1676 ra,
617 1603 945 1680 Neptunus
983 1624 1183 1663 muros
1226 1625 1366 1663 cum
1410 1607 1555 1662 iun-

466 1700 633 1766 geret
670 1692 850 1747 astris
867 1711 892 1761 ;
935 1710 1042 1748 nec
1089 1692 1239 1748 tales
1277 1690 1554 1748 humeros

465 1772 930 1854 phanea-amque
993 1774 1240 1854 gerebat
1298 1775 1544 1853 Apollo·

468 1858 748 1919 Ceterum
787 1869 1068 1919 notatum
1107 1859 1224 1918 iam
1261 1860 1409 1936 aliis,
1451 1861 1549 1919 lo-

469 1963 609 2002 cum
632 1944 898 2004 effictum
928 1946 1006 2005 ad
1018 1946 1396 2006 Homericam
1418 1947 1550 2006 sor-

468 2049 630 2089 mam
673 2030 887 2110 Odyss.
932 2034 988 2107 ζ,
1031 2035 1261 2096 229—-
1287 2034 1443 2108 236,
1489 2040 1551 2091 et

469 2111 610 2196 (nisi
650 2114 775 2175 huc
817 2116 997 2176 iidem
1042 2115 1273 2199 tralati)
1311 2133 1383 2196 ψ,
1425 2119 1550 2184 156

472 2235 547 2247 -
573 2203 696 2267 162
712 2246 729 2276 ‚
770 2202 874 2261 ubi
916 2202 1115 2283 Ulyssi
1150 2203 1423 2264 Minerva
1462 2202 1549 2262 si-

465 2286 615 2345 mile*
668 2286 850 2347 decus
916 2288 1191 2349 divinum
1260 2288 1550 2370 impertit.

465 2372 839 2432 conserenda
883 2383 1026 2434 sunt
1062 2395 1095 2432 a
1139 2375 1408 2434 studioso
1448 2383 1549 2433 ta-

464 2456 613 2516 lium
684 2479 891 2520 rerum
956 2461 1217 2540 singula5
1274 2460 1379 2520 sed
1436 2479 1550 2520 nec

463 2543 722 2623 Scaliger
738 2589 755 2621 ,
798 2566 992 2624 neque
1025 2547 1121 2606 alii
1163 2557 1390 2607 temere
1431 2567 1548 2606 au·-

463 2628 665 2689 diendi
681 2676 699 2707 ,
742 2631 844 2710 qui
872 2631 946 2690 de
971 2631 1091 2692 hoc
1116 2632 1214 2693 vel
1237 2632 1340 2692 illo
1365 2652 1548 2713 prae-

461 2716 709 2776 ferendo
736 2719 1154 2798 pronuntiant.
1213 2718 1302 2777 Ita
1333 2740 1399 2777 os
1423 2718 1547 2776 hu-

458 2822 761 2883 merosque
788 2804 898 2862 cleo
922 2807 1141 2864 similis
1168 2813 1407 2865 tantum
1437 2824 1546 2863 or·-

458 2887 659 2948 natius
722 2890 1076 2969 exprimunt
1123 2890 1376 2950 sormam
1428 2910 1545 2950 au-

456 2982 689 3050 gustam
731 2984 792 3034 et
842 2953 1144 3052 invium,
1188 2996 1370 3053 quam
1409 2976 1545 3035 Ho-

456 3077 657 3117 merus
683 3059 1038 3139 simplicius:
1079 3063 1244 3139 θῆκε
1269 3093 1358 3107 —
1386 3063 1546 3124 Μεί-

459 3137 605 3215 {ovo}
660 3137 724 3203 τ’
767 3144 1043 3218 εἰςιδέειν
1096 3145 1202 3208 καὶ
1239 3141 1538 3211 πάσσονα.

456 3228 533 3288 cf.
562 3227 782 3308 Odyss.
807 3253 873 3305 π,
905 3229 1027 3297 174
1054 3251 1142 3310 sq.

543 3314 689 3378 590.
731 3316 883 3393 Ipsa
906 3316 1186 3375 decoram
1213 3319 1542 3392 caesariem

455 3410 597 3457 nato
628 3399 894 3477 genitrix
925 3436 1012 3447 —
1052 3401 1328 3479 adflarat
1346 3444 1365 3476 ,
1412 3422 1539 3462 non

455 3483 623 3563 quasi
677 3505 877 3544 oomas
929 3487 1057 3546 aius
1100 3484 1409 3547 breviores
1474 3488 1541 3547 in

453 3569 867 3650 promissio'res
890 3572 1170 3633 mutarit:
1214 3572 1339 3647 sed,
1366 3572 1415 3631 si
1437 3572 1541 3634 iu·-

450 3655 637 3716 vanili
647 3659 841 3738 spacia
856 3659 1095 3719 adstare
1108 3657 1398 3719 dicendus
1410 3668 1543 3720 erat

450 3740 700 3820 Aeneas,
726 3743 1107 3805 efficiendum
1133 3764 1371 3825 quoque
1410 3755 1543 3806 erat

452 3847 487 3885 a
518 3826 648 3902 dea,
663 3838 732 3889 ut
747 3849 915 3890 coma
939 3831 1147 3890 similis
1171 3840 1324 3890 esset
1337 3851 1541 3891 comae

450 3914 773 4011 promissae
785 3914 1079 3994 Apollinis
1090 3918 1187 3977 vel
1196 3916 1541 3997 Bacchiflui

449 4000 1537 4168 zzfflffltsssssmffiifixz:

448 4170 548 4244 111,
574 4174 702 4236 919
727 4192 813 4251 sq.
899 4172 983 4233 At
1009 4173 1309 4234 Homerus
1339 4176 1538 4255 Ulyssi

447 4267 484 4313 εἰ
528 4256 767 4317 Pallade
813 4262 1041 4338 crispos
1089 4262 1278 4319 crines
1332 4261 1535 4342 affingi

448 4341 645 4402 sacit'?
686 4340 871 4407 καδδὲ
897 4339 1164 4426 κάρητος
1194 4345 1381 4422 Οἴλας
1420 4339 1536 4429 ’ἧκε

1639 1166 1850 1254 milwe,
1892 1170 2243 1259 ὖακινθίνῳ
2275 1169 2461 1238 ἄνθει
2493 1169 2733 1255 ὅμοίας.

1639 1259 1866 1318 scilicet
1888 1259 2187 1319 Mercurio
2218 1279 2356 1320 eum
2381 1259 2735 1320 assimulare

1638 1344 1915 1422 volebat3
1957 1347 2050 1404 uti
2079 1355 2143 1404 et
2169 1345 2299 1405 aliis
2323 1346 2385 1404 in
2411 1346 2557 1417 locis
2582 1366 2731 1405 cor-

1637 1430 1759 1510 pus'
1785 1428 2136 1490 athleticum
2160 1428 2357 1511 Ulyssi
2384 1431 2610 1490 tribuit.
2642 1465 2733 1513 -ε

1637 1517 1842 1575 lumen
1883 1519 2163 1575 &caseatae
2199 1538 2570 1595 purpureum
2611 1537 2731 1576 or-

1638 1610 1779 1661 nate
1815 1622 1929 1681 pro
1960 1604 2206 1661 iuventa
2241 1601 2458 1661 eximia
2485 1611 2546 1661 et
2575 1603 2731 1681 pul-

1638 1708 1760 1747 cra.
1821 1690 2024 1745 lamen
2052 1696 2144 1745 est
2178 1687 2341 1747 nitor
2352 1709 2371 1764 3
2413 1687 2576 1747 nitor
2604 1708 2731 1748 au-

1634 1781 1759 1832 tem
1794 1772 2079 1832 iuventae
2115 1773 2358 1853 proprie
2397 1773 2723 1834 tribuitur.

1629 1880 1970 1937 purpureus
1996 1866 2104 1917 aut
2127 1878 2240 1937 pro
2274 1858 2495 1937 pulcer,
2519 1860 2727 1919 omni·

1635 1965 1736 2019 no,
1780 1953 1887 2003 aut
1918 1963 2031 2025 pro
2074 1944 2439 2023 splendidus,
2483 1946 2725 2006 nitelis:

1635 2028 2127 2108 quandoquidem
2160 2050 2284 2089 non
2311 2030 2491 2090 modo
2530 2031 2727 2106 oolor,

1634 2114 1740 2173 sed
1768 2116 1951 2190 nitor,
1994 2115 2453 2175 commendabat
2476 2137 2726 2197 purpu-

1631 2221 1784 2261 ram.
1826 2221 1889 2261 v.
1934 2199 2015 2259 ad
2053 2199 2269 2265 Horat.
2315 2201 2394 2262 IV
2432 2202 2636 2266 Carm.
2678 2203 2726 2280 1,

1639 2290 1750 2363 10,
1793 2285 1898 2364 qui
1940 2286 2104 2345 idem
2136 2286 2234 2364 111,
2276 2290 2335 2363 3,
2382 2291 2479 2363 11,
2522 2293 2603 2352 12
2643 2288 2725 2348 aa
2844 2359 2849 2365 ¹

1635 2371 1906 2432 divinam
1963 2371 2218 2431 sormam
2261 2373 2498 2450 retulit,
2565 2396 2724 2453 quos

1631 2459 1800 2516 imer-
1821 2458 2142 2537 Augustus
2182 2458 2520 2519 recumbens
2557 2480 2724 2541 pur-

1630 2562 1823 2623 pureo
1851 2543 1997 2602 bibit
2038 2563 2141 2603 ore
2183 2558 2399 2605 nectar.
2484 2547 2723 2606 Iuven-

1633 2638 1758 2688 tam
1800 2638 1999 2689 autem
2045 2649 2182 2689 cum
2219 2632 2472 2690 caesarie
2506 2633 2723 2692 iunxit

1632 2716 1810 2775 etiam
1843 2715 2063 2778 Tibun.
2095 2716 2140 2791 1,
2178 2715 2238 2792 4,
2271 2721 2356 2781 37
2401 2718 2556 2776 Solis
2599 2740 2720 2777 ae-

1630 2812 1799 2860 terna
1824 2814 1910 2859 est
1939 2800 2177 2859 Phoebo
2212 2803 2575 2883 Bacchoque
2611 2810 2721 2864 iu·-

1627 2899 1860 2962 νεηιαε,
1900 2888 2077 2946 Nam
2105 2886 2269 2945 decet
2293 2890 2556 2948 ieuonsus
2582 2894 2719 2949 cn·-

1626 2975 1726 3030 m's
1768 2985 2081 3052 utrumque
2115 2973 2330 3032 deum.-
2376 2974 2438 3047 h,
2480 2973 2719 3035 habent

1627 3058 1785 3117 enim
1814 3058 2149 3118 iuventutis
2189 3060 2414 3139 insigne
2454 3070 2718 3137 oen-tum,

1626 3163 1857 3203 comam
1886 3163 2261 3223 promoesam.

1712 3230 1857 3294 591.
1918 3231 2147 3288 Laetos
2200 3231 2390 3289 oculis
2446 3230 2715 3308 afflarat

1624 3315 1873 3373 honores
1889 3339 1908 3374 .·
1951 3314 2150 3375 inerat
2184 3316 2372 3375 oculis
2400 3315 2713 3376 desidera-

1622 3401 1757 3460 bilis
1782 3401 1981 3480 aliqua
2005 3412 2309 3477 venustas,
2351 3402 2561 3481 gratia,
2597 3397 2712 3483 χᾶ-

1625 3510 1721 3568 ρις
1756 3486 1859 3549 καὶ
1899 3487 2124 3567 ἵμερος.
2210 3489 2478 3548 Primum
2518 3489 2714 3548 laetos

1623 3572 1872 3631 honores
1898 3572 2056 3632 dixit
2082 3594 2195 3653 pro
2235 3569 2495 3650 honore3
2518 3573 2715 3633 honos

1625 3668 1827 3718 autem
1851 3680 1965 3739 pro
1994 3659 2432 3738 pulcritudine;
2474 3679 2570 3720 res
2604 3682 2712 3720 no-

1626 3753 1707 3804 ta.
1750 3746 1938 3804 laetos
1979 3765 2105 3804 non
2148 3755 2274 3806 tam
2310 3746 2388 3805 ad
2425 3745 2711 3806 hilarita-

1625 3839 1769 3905 tem,
1800 3849 1953 3909 quae
1984 3831 2262 3910 adspersa
2289 3833 2416 3893 fere
2440 3841 2532 3892 est
2555 3854 2713 3893 ocu-

1622 3916 1695 3977 lis
1723 3916 1929 3977 nitidis
1946 3926 2007 3975 et
2031 3918 2253 3996 pulcris
2282 3915 2541 4000 (ὄμματα
2556 3943 2711 3998 φαι-

1624 3999 1799 4085 δροὶ),
1840 4023 2020 4081 quam
2051 4005 2253 4082 potius
2280 4005 2359 4063 ad
2391 4006 2708 4066 oculorum

1616 4089 1926 4168 fulgorem,
1939 4091 2131 4168 qualis
2140 4092 2203 4150 in
2214 4090 2414 4151 lucido
2426 4094 2707 4152 iuventae

1619 4185 1683 4234 et
1711 4176 2138 4256 pulcritudinis
2176 4177 2328 4238 flore
2365 4197 2491 4237 esse
2535 4179 2706 4251 solet,

1618 4262 1874 4339 reseres;
1918 4283 2060 4321 nam
2105 4264 2270 4324 laeta
2317 4266 2514 4343 poetis
2558 4284 2707 4346 pro-

1618 4347 1752 4428 prie
1805 4348 1917 4409 lux
1930 4394 1947 4424 ‚
1990 4348 2179 4413 nitor.
2292 4350 2391 4410 Sic
2437 4363 2703 4430 tempom
