2882 5028
359 447 513 519 972

838 441 920 514 P.
976 438 1504 514 VIRGILII
1557 435 2122 512 MARONIS

357 627 461 702 Et
489 622 890 700 tumulum
928 625 1166 726 capit,
1203 622 1424 699 unde
1469 624 1729 697 omnis
1759 621 2004 720 longo
2036 620 2321 696 ordine
2348 630 2631 720 posset

359 727 756 806 Adversos
781 727 1086 825 legere,
1145 739 1224 802 et
1255 729 1719 803 venientum
1756 725 2061 800 discere
2088 725 2371 800 voltus,
2468 729 2630 800 755

461 837 692 908 Nunc
735 854 914 929 age,
979 830 1455 906 Dardaniam
1497 828 1817 930 prolem
1877 853 2081 929 quae
2134 824 2438 903 deinde
2501 850 2633 901 se-

1528 946 1814 1033 quatur
2169 993 2178 1009 .

361 1036 670 1133 Gloria,
726 1037 861 1136 qui
891 1048 1267 1110 maneant
1294 1034 1484 1110 Itala
1517 1037 1621 1110 de
1651 1035 1892 1133 ‘gente
1926 1048 2290 1135 nepotes,

357 1140 717 1216 Inlustris
746 1140 1079 1235 animaS,
1133 1149 1497 1214 nostrum

1505 1164 1664 1315 {ue
1694 1140 1779 1213 in
1808 1163 2112 1214 nomen
2146 1139 2416 1232 itura5‚

357 1242 794 1343 Expediam
822 1241 1081 1338 dictis,
1140 1255 1221 1319 et
1252 1255 1334 1318 te
1361 1254 1497 1317 tua
1565 1255 1684 1317 ata
1720 1242 2054 1320 docebo,

461 1369 637 1444 754.
677 1385 955 1439 Possu-

500 1515 606 1575 754
636 1530 822 1589 posset
850 1516 998 1569 multi
1028 1517 1160 1570 Pier.
1188 1517 1342 1569 etiam
1371 1518 1522 1570 Rom.
1555 1530 1607 1570 et
1639 1517 1820 1572 Heius.
1855 1533 1972 1570 cum
2015 1515 2206 1569 Medic.
2226 1555 2241 1583 ‚
2294 1515 2395 1567 sed
2443 1515 2634 1582 fragm.

360 1586 536 1670 vatic:
553 1591 752 1668 possit.
789 1597 865 1655 (ut
898 1598 953 1639 et
982 1590 1034 1642 5.
1064 1590 1115 1642 6.
1157 1590 1241 1642 W
1236 1587 1300 1653 r.)
1372 1587 1527 1656 Apud
1555 1591 1785 1639 Nonium
1812 1601 2044 1660 possent
2069 1587 2126 1638 in
2155 1588 2359 1667 legere.
2436 1589 2634 1652 (Saepe

360 1656 494 1708 haec
517 1674 734 1708 invicem
767 1667 1151 1724 permutantur3
1193 1668 1250 1709 ut
1278 1674 1375 1723 pro
1393 1671 1621 1728 posset,
1659 1658 1801 1727 quod
1837 1658 2037 1722 editur,
2077 1657 2135 1707 in
2164 1656 2283 1707 aliis

359 1726 502 1793 gitur
528 1728 568 1790 1,
594 1727 715 1781 413.
754 1728 822 1791 V,
852 1729 1001 1790 807„
1046 1737 1103 1778 et
1136 1729 1344 1798 possim
1384 1743 1485 1792 pro
1522 1745 1742 1794 possem
1783 1728 1856 1790 X,
1902 1728 2022 1780 616.
2074 1727 2198 1788 xn,
2239 1726 2392 1785 880.;

359 1806 530 1847 autem
578 1813 677 1863 pro
714 1800 896 1864 possit
935 1798 1000 1858 11,
1043 1798 1159 1851 187.
1203 1798 1268 1858 V,
1305 1798 1355 1849 6.
1395 1797 1487 1858 vl,
1526 1796 1617 1849 78.
1684 1797 1865 1864 Itaque
1903 1796 2181 1846 videndum
2224 1794 2458 1862 ubique,

2320 1658 2508 1726 possit
2542 1655 2633 1704 le-

2436 1737 2632 1793 posset

2502 1791 2631 1861 quid

358 1866 493 1916 ratio
516 1903 531 1930 ‚
563 1874 654 1915 aut
681 1866 804 1933 quid
832 1862 1117 1917 auctoritas
1144 1867 1407 1933 potiorum
1437 1865 1672 1917 codicum
1701 1876 1904 1934 poscat.
1974 1871 2134 1915 Acute
2163 1863 2377 1930 quidem
2416 1862 2628 1912 Iahnius

360 1933 598 1984 defendit
623 1938 827 2003 poesie,
865 1937 1006 2004 quod
1028 1937 1101 1986 ita
1128 1934 1275 2002 quasi
1305 1945 1611 2003 praesentes
1641 1934 1901 1986 Anchisen
1928 1933 2107 1984 videre
2136 1944 2193 1983 et
2217 1931 2323 2000 ipsi
2351 1933 2468 1982 eius
2494 1948 2627 1982 eon-

358 2003 530 2054 silium
565 2004 865 2070 perspicere
898 2005 1163 2055 videamur
1193 2014 1246 2055 et
1268 2022 1399 2124 grae
1425 2021 1491 2054 eo
1536 2014 1833 2055 narrantem
1871 2013 2085 2070 poetam
2125 2019 2298 2069 paene
2332 2001 2625 2052 oblivisca-

357 2090 498 2128 mur;
533 2072 692 2141 idque
721 2073 1001 2126 convenire
1034 2073 1241 2124 vividae

1307 2072 1629 2142 escriptioni.
1697 2072 1803 2124 Sed
1825 2071 2033 2125 codices
2073 2070 2239 2138 magis
2285 2072 2474 2134 favent
2516 2072 2626 2120 Im-

359 2142 634 2210 perfect03
670 2151 724 2192 et
750 2141 901 2192 valde
932 2154 1013 2194 est
1041 2142 1345 2212 probabile,
1376 2155 1569 2213 posset
1593 2142 1646 2192 in
1663 2143 1846 2212 possit
1872 2150 2120 2192 mutatum
2168 2158 2287 2191 esse
2324 2159 2355 2191 a
2391 2140 2627 2191 librariis

357 2211 442 2261 vel
468 2211 709 2262 similiter
741 2210 1134 2263 terminatorum
1170 2213 1344 2263 trahit
1372 2222 1427 2261 et
1453 2213 1603 2282 capit
1626 2228 1756 2261 sono
1782 2210 1993 2261 auribus
2019 2211 2336 2261 obversante
2365 2209 2624 2278 deceptis,

358 2279 445 2330 vel
468 2281 720 2330 Praesens
750 2293 870 2347 post
911 2280 1211 2332 Praesentia
1243 2279 1437 2349 requiri
1480 2280 1802 2348 putantibus.
1871 2279 2065 2330 Contra
2108 2278 2254 2330 nulla
2297 2289 2417 2329 erat
2453 2295 2624 2336 cansa,

359 2365 520 2416 qnare
543 2348 657 2415 quis
684 2352 863 2416 possit
888 2349 941 2399 in
965 2362 1157 2420 posset
1185 2359 1427 2400 mutaret.
1498 2356 1574 2402 Ac
1608 2351 1834 2400 sortasse
1875 2349 1993 2417 ipse
2032 2359 2192 2416 poeta
2242 2349 2418 2399 vitare
2459 2347 2628 2398 voluit

358 2416 770 2468 terminationem
801 2428 886 2468 ter
911 2419 1236 2470 redeuntem.
1310 2418 1445 2471 Hinc
1472 2417 1761 2469 consultius
1788 2417 1952 2469 visum
1981 2427 2062 2468 est
2080 2457 2095 2478 ‚
2130 2434 2387 2470 revocare
2414 2431 2625 2489 posset.

361 2489 446 2541 W
443 2487 510 2553 r.)
583 2486 824 2539 Parrhas.
858 2500 1051 2558 posset
1094 2489 1291 2541 ordine
1330 2492 1546 2541 circum.

356 2555 710 2626 interpolator
758 2561 971 2609 animas
1017 2558 1302 2631 cogi-tabat.
1372 2559 1644 2610 adversus·
1699 2559 1885 2624 fragm.
1928 2558 2099 2609 Vatic-

356 2628 492 2676 Ven.
511 2666 525 2688 ,
557 2626 709 2677 male.
779 2627 986 2678 discere
1015 2641 1090 2678 est
1122 2645 1453 2694 cognoscere.

1683 2489 1790 2543 755
1835 2489 2123 2540 Adversas
2156 2488 2455 2551 Montalb„
2503 2488 2625 2538 dum

2164 2577 2401 2628 poscere
2447 2578 2501 2609 ν.
2538 2557 2622 2608 ed.

1524 2628 1737 2678 vultum
1762 2626 1963 2680 zulich.
2104 2629 2207 2682 758
2254 2641 2314 2679 et
2366 2641 2623 2679 nocetam

356 2713 552 2748 nomen
591 2714 695 2749 sec.
741 2697 931 2750 Moret.
1001 2700 1182 2748 ituros
1218 2697 1354 2749 alter
1389 2697 1578 2748 Hamb.

356 2838 492 2896 dios
546 2838 610 2896 in
661 2838 920 2897 mediam
991 2839 1251 2897 turbam.
1338 2860 1439 2896 so-

355 2936 634 2994 nantem,
684 2924 759 2982 de
788 2925 1077 3002 strepitu,
1123 2944 1200 2983 ex
1225 2924 1339 2983 Od.
1372 2947 1440 2996 ω,

357 3013 399 3072 5
441 3008 539 3068 ταὶ
596 3007 662 3069 δὲ
717 3013 1022 3087 τρίζουσαι
1067 3009 1300 3071 ἕποντο.
1363 3011 1439 3067 cf.

352 3094 572 3155 Horat.
606 3095 631 3152 I
663 3097 851 3154 Serm.
881 3099 941 3167 8,
969 3100 1071 3169 41,
1113 3105 1171 3153 et
1211 3115 1340 3173 sup.
1380 3115 1441 3154 v,

351 3183 483 3242 707
511 3200 596 3255 sq.
683 3185 963 3238 adversos
993 3192 1171 3239 ornat
1207 3179 1441 3260 epithe-

354 3274 483 3322 ton.
570 3264 809 3324 Scilicet
864 3284 942 3323 ex
981 3265 1235 3324 adverso
1274 3267 1443 3324 ince-

356 3350 564 3406 dentes
610 3351 836 3409 animas
894 3354 1079 3430 legit,
1152 3361 1441 3422 recenset,

354 3436 677 3511 cognoscit.

439 3523 565 3585 756
598 3559 677 3569 —-
708 3523 852 3586 759.
912 3521 1218 3580 Enarrabo
1278 3520 1440 3579 clara

352 3606 514 3665 sacta
540 3614 601 3664 et
628 3608 749 3665 fata
774 3617 1150 3685 posterorum
1172 3607 1461 3665 tuorum..

351 3704 595 3768 nepotes
623 3724 709 3737 —
737 3698 980 3751 animas
1010 3725 1092 3738 —-
1124 3693 1438 3754 enarrabo·

353 3782 463 3855 qui
507 3791 827 3852 maneant,
894 3778 1250 3857 expectandi
1295 3779 1437 3851 sint,

350 3875 588 3937 nepotes
618 3865 788 3921 Itala
815 3864 888 3920 de
912 3876 1121 3940 gente,
1172 3862 1247 3921 de
1278 3883 1436 3921 nova

350 3950 537 4026 stirpe
565 3952 625 4006 in
655 3948 823 4006 Latio
854 3967 930 4006 ex
967 3949 1212 4006 Lavinia
1242 3949 1437 4008 susci-

351 4036 589 4111 pienda.
676 4048 940 4093 nostrum
967 4036 1032 4091 in
1061 4055 1274 4092 nomen
1312 4039 1436 4092 itu-

348 4140 450 4177 ras
471 4164 487 4191 ‚
547 4139 659 4198 pro
725 4119 957 4198 vulgari
978 4163 996 4194 ,
1072 4122 1309 4178 suturas
1364 4139 1441 4177 ex

273 4244 278 4251 »
350 4213 556 4262 nostra
602 4214 797 4282 gente.
885 4208 983 4263 Sic
1041 4208 1125 4263 ire
1170 4222 1344 4281 saepe
1383 4214 1445 4265 et

348 4288 649 4369 ἔρχεσθαι.
738 4290 919 4364 Quod
968 4300 1170 4349 autem
1212 4289 1441 4352 Anchi-

346 4393 437 4431 ses
466 4373 616 4431 haec
645 4393 947 4454 exponere
975 4385 1038 4435 et
1075 4377 1318 4435 suturas
1346 4380 1444 4434 res

345 4457 690 4534 praedicere
718 4469 954 4537 potest,
999 4460 1077 4519 ad
1125 4461 1444 4521 divinandi

1524 2858 1747 2897 munus
1773 2839 2062 2918 pertinet,
2107 2836 2271 2914 quod
2302 2837 2406 2896 ille
2441 2857 2477 2896 a
2506 2838 2624 2896 Ve-

1524 2943 1669 2983 nere
1696 2933 2024 3004 acceperat.
2068 2924 2194 2983 vid.
2229 2944 2362 3003 sup.
2396 2924 2481 2982 ad
2523 2924 2623 2981 Iib.

1523 3010 1573 3068 II
1608 3007 1858 3069 Excurs.
1898 3010 2085 3082 XVII,
2125 3010 2228 3068 ubi
2255 3009 2335 3067 de
2360 3009 2623 3068 Anchise

1526 3095 1743 3173 agitur.
1850 3097 2129 3154 Ceterum
2191 3114 2268 3153 ex
2326 3097 2621 3153 Sei-viana

1524 3190 1668 3239 nota
1697 3180 1847 3239 haec
1895 3200 2293 3259 apponemus:
2336 3183 2616 3256 „Cotem9

1526 3287 1683 3345 quae
1738 3267 1840 3324 lzic
1906 3270 2242 3324 inter-masa
2305 3279 2487 3341 sunt,
2554 3270 2619 3323 in

1527 3346 1926 3436 α’σπιὸοποιίᾳ
1948 3357 2442 3410 commemorat.“
2488 3352 2616 3427 (lib.

1524 3436 1680 3511 VIII,
1704 3441 1828 3501 628
1860 3456 2053 3514 seqq„
2099 3448 2159 3495 et
2188 3435 2303 3496 hac
2330 3439 2407 3496 de
2437 3458 2619 3495 mus-

1527 3542 1590 3579 sa
1628 3523 1819 3580 multa
1874 3523 2086 3599 utique
2122 3532 2338 3600 poetae
2381 3524 2446 3580 in
2501 3522 2619 3581 hoc

1523 3626 1777 3678 recensu
1835 3609 2371 3685 praetermittenda
2430 3610 2618 3681 suere,

1524 3711 1602 3752 ne
1666 3693 1758 3751 bis
1818 3693 2024 3752 eadem
2074 3692 2368 3775 afferret.)
2459 3698 2619 3751 unde

1525 3782 1723 3836 etiam·
1782 3782 1848 3835 in
1917 3782 2184 3857 antiquis
2242 3783 2611 3851 inveniann,

1528 3885 1678 3938 opus
1718 3863 1833 3921 Ιιοι·
1889 3866 2269 3942 appellatum
2312 3887 2441 3923 esse
2496 3887 2615 3923 nm

1523 3949 1874 4024 Aeneidem3
1905 3952 2011 4008 sed
2040 3953 2221 4008 Gesta
2244 3951 2457 4029 populi
2487 3952 2615 4009 Ro-

1522 4035 1724 4110 mani3
1779 4036 1943 4113 quod
1979 4037 2117 4094 ideo
2161 4049 2467 4095 malaciam
2500 4050 2608 4105 est,

1525 4124 1675 4201 quia
1721 4142 1937 4179 nomen
1992 4142 2113 4179 non
2158 4141 2201 4179 a
2240 4136 2462 4197 parte,
2507 4128 2613 4178 sed

1526 4228 1569 4263 a
1611 4219 1729 4264 toto
1764 4206 1932 4264 debet
1972 4210 2130 4265 dari.
2220 4207 2416 4266 Fuere
2460 4208 2611 4265 adeo

1522 4293 1588 4350 in
1634 4299 1793 4349 secta
1835 4311 2041 4351 eorum
2062 4336 2079 4365 ‚
2147 4292 2251 4368 qui
2299 4294 2363 4352 iu
2409 4292 2609 4351 hono-

1526 4395 1655 4437 rem
1713 4379 1972 4436 nominis
2038 4379 2295 4437 Romani
2369 4397 2608 4437 carmen

1524 4461 1822 4541 scriptum
1880 4463 2210 4523 narrabant
2232 4508 2252 4541 ,
2337 4462 2605 4523 nonnulli
