2882 5028
650 391 1261 481 AENEIDOS
1323 394 1507 471 LIB.
1550 395 1681 490 lv,
1736 398 2069 477 64—74

224 584 510 664 Uritur
549 578 820 657 infelix
847 555 1102 677 Dido,
1155 591 1483 681 totaque
1513 607 1562 654 v

2332 401 2484 476 605

1704 589 1834 656 t'ur

227 687 453 766 Urbe
491 683 798 761 furens:
856 683 1105 784 qualis
1135 685 1490 760 coniecta
1522 709 1747 759 cerva
1778 683 2069 781 sagitta,

229 795 497 886 Quam
529 786 815 889 procul
850 788 1243 863 incautam
1280 811 1614 863 nemora
1645 789 1855 863 inter
1892 789 2156 864 Cresia
2186 786 2350 862 fixit
2381 798 2483 878 ’ΖΟ

225 900 517 970 Pastor
549 914 787 989 agens
815 890 1028 986 telis,
1082 889 1472 991 liquitque
1498 889 1816 966 volatile
1852 888 2160 966 sermm

225 997 594 1075 Nescius:
649 993 776 1070 illa
811 991 996 1091 fuga
1030 993 1259 1068 silvas
1287 992 1688 1095 saltusque
1717 1007 2079 1094 peragrat

225 1102 639 1190 Dictaeos;
692 1096 973 1173 haeret
1009 1096 1231 1176 lateri
1265 1096 1518 1173 letalis
1548 1097 1878 1175 arundo,

227 1209 464 1282 Nunc
492 1199 761 1277 media
792 1205 1117 1276 Aenean
1149 1224 1422 1276 secum
1451 1225 1598 1301 per
1635 1200 1951 1277 moenia
1986 1197 2223 1292 ducit,
2266 1251 2275 1259 -

370 1393 442 1447 69
489 1390 692 1474 serena
753 1399 879 1442 tert.
942 1389 1160 1442 Mentel.
1241 1388 1493 1462 confecta
1555 1409 1637 1461 pr.
1699 1391 1884 1462 Hamb.
1903 1429 1921 1456 ‚

224 1465 302 1519 70
349 1466 539 1513 Cre-na
583 1460 766 1512 Heius.
811 1477 925 1510 cum
970 1460 1304 1522 melioribu⁸3
1356 1461 1514 1513 etiam
1561 1462 1643 1512 fra
1678 1480 1747 1512 m.
1801 1460 2004 1522 vatic-3
2055 1457 2144 1526 qui

223 1528 497 1600 Κρήσιος.
566 1529 740 1596 Vulgo
779 1531 1008 1581 Cressia.
1045 1530 1141 1598 (aio
1177 1530 1339 1581 Palat.
1377 1539 1432 1580 et
1468 1533 1551 1584 11.
1594 1480 1698 1581 vid.
1738 1531 1790 1581 V

226 1613 284 1654 et
334 1599 576 1669 inprimis
638 1599 707 1650 ad
763 1603 895 1650 Aen.
955 1600 1024 1662 V,
1086 1599 1206 1653 285.
1274 1599 1415 1666 Wr.)

2002 1407 2101 1459 pro
2179 1406 2287 1440 var.
2352 1386 2479 1472 lect.

1790 1568 1804 1582 .
1853 1530 1915 1580 L.
1961 1527 2031 1580 ad
2083 1530 2154 1579 Ec
2177 1458 2478 1589 FeVLKossngg

1503 1618 1558 1650 n.
1625 1601 1770 1650 inter
1821 1596 2070 1668 frondea
2126 1595 2313 1648 Hamb.
2373 1613 2477 1647 nec.

223 1673 296 1726 71
336 1671 539 1740 linquit
571 1667 746 1732 multi,
781 1668 884 1718 iam
920 1666 1059 1736 apud
1094 1667 1344 1732 Pieriam,
1380 1668 1475 1719 sed
1511 1668 1733 1719 alterum
1767 1668 2001 1728 doctius;
2037 1665 2196 1730 item,
2249 1664 2479 1716 volatile

226 1740 403 1791 telum
450 1756 512 1789 ex
546 1736 996 1806 interpretatione.
1064 1739 1149 1790 Sic
1184 1754 1391 1806 quoqne
1427 1738 1590 1788 Goth.
1627 1746 1751 1789 tert.
1796 1754 1827 1788 a
1872 1755 1941 1787 m.
1992 1753 2072 1804 pr.

226 1821 392 1860 errat
438 1808 641 1874 Hagen.
686 1815 741 1857 et
786 1823 866 1875 pr.
901 1806 1087 1864 Hamb,
1124 1824 1239 1858 cum
1274 1806 1435 1858 Goth.
1473 1816 1596 1857 tert.
1626 1824 1674 1859 v.
1711 1824 1823 1874 nup.
1874 1808 1914 1869 1,
1959 1805 2078 1860 384.

225 1895 444 1946 vasque
469 1894 529 1947 p.
571 1878 797 1927 Die-teas
830 1874 1032 1943 aliquot
1061 1875 1222 1928 Pierii
1255 1894 1370 1928 cum
1422 1877 1699 1943 fragment.
1746 1873 1917 1926 vatic.

2223 1735 2294 1788 72
2337 1753 2479 1805 pet·-

2150 1803 2331 1856 saltus
2373 1803 2479 1854 sil-

2064 1873 2135 1928 73
2179 1875 2478 1925 Dictaneoe

223 1951 413 2016 sprot.
471 1943 680 2016 fatalis
708 1963 761 1997 a.
793 1944 981 1996 Hamb.
1019 1963 1100 2016 pr.
1172 1945 1371 2016 (—74.
1406 1949 1649 1999 Aeneam
1683 1946 1834 1998 Rom.
1872 1953 1928 1996 et
1957 1943 2120 1996 Palat.
2163 1943 2306 2010 Wr.)

221 2119 378 2180 siliis
420 2128 614 2179 essent
673 2119 774 2180 dii.
845 2119 926 2180 ad
965 2119 1116 2180 haec
1152 2121 1310 2181 refer

220 2205 445 2266 eodem
501 2205 632 2265 Silii
697 2205 832 2265 loco
886 2214 1133 2266 narrata
1192 2226 1308 2265 vso.

223 2296 357 2359 116
377 2328 456 2339 —-
478 2291 619 2355 125.
688 2287 961 2371 (Sensum
986 2312 1172 2368 sacra,
1195 2312 1312 2352 va-

218 2386 364 2438 tum
391 2375 629 2436 monitu
661 2378 780 2437 rite
817 2378 1017 2437 oblata
1033 2422 1050 2451 ‚
1095 2398 1130 2437 a
1171 2377 1313 2436 satia

222 2462 595 2525 destinatum
618 2460 861 2522 irritum
899 2463 1152 2523 reddere
1202 2482 1314 2522 ne-

220 2557 485 2629 queunt.
534 2550 641 2610 W
630 2547 760 2629 elz.)
846 2549 1092 2608 delubra
1110 2594 1129 2625 ‚
1177 2549 1312 2607 adi-

218 2644 332 2695 tm
360 2633 750 2693 delubrorum
773 2654 902 2714 sup.
926 2654 986 2694 v.
1018 2637 1119 2699 56.
1182 2635 1310 2693 Ex-

219 2719 644 2781 clamationem
716 2718 877 2778 hanc
947 2739 1024 2778 ex
1100 2730 1311 2800 poetae

218 2824 489 2887 persona
524 2805 648 2863 iam
702 2805 841 2864 olim
890 2806 1162 2864 nonnulli
1207 2824 1309 2864 re-

216 2890 698 2974 prehenderunt.
784 2890 969 2963 Quod
1008 2900 1208 2949 tamen
1245 2891 1310 2949 in

219 2978 400 3057 epico
453 2985 630 3056 poeta
692 2975 1050 3056 reprehendi
1105 2976 1309 3056 possit,

217 3084 354 3123 non
383 3072 507 3120 tam
535 3059 686 3120 illud
715 3070 820 3135 est,
852 3061 898 3119 si
927 3083 999 3120 ex
1029 3083 1141 3120 aua
1166 3083 1309 3139 per-

218 3170 380 3208 sona
405 3147 681 3207 affectum
712 3147 1075 3226 interponat,
1110 3167 1307 3224 quam,

219 3234 276 3294 oi
308 3235 386 3292 de
413 3254 528 3291 aua
550 3254 811 3311 persona
851 3233 1169 3309 quicquam
1207 3232 1309 3290 in·-

220 3327 514 3392 tertexat,
550 3317 768 3397 quippe
796 3337 947 3394 quae
981 3338 1015 3375 a
1051 3316 1311 3376 carmine

219 3404 428 3484 epico,
473 3402 636 3480 quod
674 3401 1142 3482 enthusiasmum
1186 3402 1312 3482 spi-

218 3507 366 3549 rare
408 3487 675 3565 adeoque
717 3488 782 3547 in
823 3508 943 3547 una
1002 3507 1102 3563 re,
1157 3506 1310 3565 quae

221 3581 644 3653 argumentum
673 3573 835 3648 facit,
874 3582 1157 3653 occupata
1188 3593 1310 3632 esse

224 3660 407 3719 debet
432 3703 451 3735 ‚
516 3658 705 3717 aliena
762 3658 837 3717 sit
888 3678 1123 3718 necesse
1179 3668 1308 3733 est;

220 3745 342 3806 nisi
377 3745 534 3805 sorte
557 3752 767 3824 poetae
794 3763 1049 3823 persona
1082 3744 1161 3803 ad
1196 3764 1309 3802 au-

219 3829 481 3911 gendam
507 3829 784 3888 carminis
807 3832 930 3890 vim
957 3831 1166 3910 etipsa
1192 3850 1309 3890 va·-

221 3918 351 3977 lere
380 3915 598 3996 possit,
642 3924 747 3974 aut
778 3914 877 3975 ille
915 3936 1075 3975 nova
1102 3916 1307 3975 Musae

219 4002 608 4062 invocatione
631 4000 897 4059 animum
926 4000 1167 4060 lectoria
1192 4002 1307 4061 ad-

220 4096 461 4163 vertat3
515 4095 589 4146 ut
644 4085 951 4163 aliquoties
1007 4087 1185 4146 etiam
1241 4088 1306 4145 in

216 4172 514 4234 Messiade
559 4172 787 4231 sactum
837 4171 1041 4230 videas
1055 4217 1074 4248 ,
1144 4193 1203 4232 v.
1255 4194 1305 4233 c.

217 4259 325 4319 lib.
352 4258 433 4318 111
465 4278 556 4338 pr.
641 4257 842 4315 mollis
863 4258 1167 4333 flamma,
1213 4258 1305 4316 le·-

217 4346 344 4419 viz,
390 4344 662 4422 adeoque
693 4341 946 4402 mobilia.
1003 4339 1134 4425 (sed
1178 4342 1302 4403 vid.

216 4429 289 4491 V.
316 4431 384 4491 L.
447 4426 632 4510 Wr.)
718 4430 871 4487 vivit
907 4442 1000 4509 pr'.
1041 4426 1115 4486 de
1159 4428 1305 4488 vul-

1393 2139 1537 2181 nere
1583 2118 1793 2180 crudo.
1878 2118 2122 2179 Servius
2162 2127 2474 2200 acceptum

1391 2205 1512 2266 hoc
1550 2207 1636 2266 ait
1671 2225 1784 2286 pro
1825 2209 2110 2281 vescitur,
2184 2205 2350 2284 quod
2393 2204 2474 2265 ad

1392 2293 1566 2353 ulcus
1597 2291 1798 2372 potius
1826 2300 2143 2371 spectaret.

1480 2381 1562 2442 68
1588 2411 1676 2424 --
1703 2381 1806 2441 78.
1914 2376 2159 2456 Egregia
2237 2375 2475 2456 perdite

1395 2463 1650 2523 amantis
1680 2462 2078 2548 comparatio,
2127 2462 2189 2521 in
2221 2482 2338 2541 qua
2366 2482 2475 2521 or-

1391 2549 1596 2609 nanda
1623 2550 1983 2608 recentiores
2004 2547 2219 2627 passim
2262 2557 2479 2628 poetae

1391 2635 1761 2695 laborarunt.
1860 2635 1954 2694 Ex
2009 2632 2172 2693 Iliad.
2232 2638 2285 2710 λ,
2345 2632 2472 2697 475

1393 2740 1519 2799 sqq.
1580 2720 1824 2779 ductam
1873 2738 2001 2778 esse
2038 2719 2282 2793 volunt,
2336 2718 2475 2777 Ma-

1394 2806 1579 2864 crobii
1636 2807 1796 2864 sorte
1858 2804 2217 2864 auctoritate
2270 2803 2342 2877 V,
2411 2807 2470 2867 6.

1394 2891 1514 2950 Sed
1567 2891 1828 2950 Homero
1887 2899 2127 2970 poetam
2181 2887 2283 2947 hic
2320 2887 2472 2947 nihil

1396 2975 1610 3036 debere
1636 3023 1663 3054 ‚,
1736 2976 1857 3034 iam
1942 2974 2135 3035 Cerda
2219 2975 2471 3034 monuit.

1393 3083 1584 3139 agens
1640 3064 1773 3120 telis»-
1805 3106 1824 3137 ,
1897 3062 2160 3140 agitans,
2230 3078 2468 3139 urgens,

1394 3157 1635 3221 ornate,
1691 3156 1763 3205 ut
1809 3146 1984 3222 alias,
2048 3166 2109 3207 v.
2151 3165 2200 3205 c.
2257 3146 2470 3225 Georg.

1391 3233 1495 3307 III,
1529 3231 1673 3295 412.
1762 3234 2059 3306 Nescius,
2107 3250 2187 3290 sc.
2214 3250 2337 3291 non
2368 3231 2473 3291 vi·-

1393 3318 1563 3376 derat
1590 3316 1773 3376 telum
1814 3337 1954 3377 vere
1988 3317 2050 3376 in
2082 3336 2318 3377 cervam
2359 3317 2471 3376 de-

1392 3403 1716 3481 scendisse3
1756 3403 1893 3478 sed,
1936 3403 2160 3462 frustra
2197 3405 2469 3462 emissum

1395 3490 1678 3563 credens,
1747 3488 2086 3566 reliquerat.
2154 3508 2216 3548 v.
2265 3490 2469 3549 Burni.

1397 3575 1590 3655 Capra
1617 3575 1771 3633 forte
1796 3574 2006 3633 melius
2033 3595 2066 3632 a
2096 3583 2272 3654 poeta
2316 3575 2470 3634 fuis-

1394 3671 1487 3720 set
1549 3669 1869 3719 memorata
1900 3704 1917 3735 ,
1986 3660 2469 3738 quandoquidem

1394 3765 1472 3804 ex
1499 3746 1698 3805 Solino
1730 3765 1779 3805 c.
1818 3751 1897 3823 17
1939 3755 2204 3821 constat,
2249 3767 2471 3825 agrum

1396 3832 1686 3891 Creticum
1739 3831 2096 3890 silvestrium
2146 3853 2471 3910 caprarum

1393 3920 1699 3993 copiosum
1714 3916 1918 3995 fuisse
1935 3961 1953 3992 ,
2000 3938 2169 3975 cervo
2210 3921 2461 3996 egui-eae.

1391 4001 1564 4060 Adde
1594 4003 1744 4061 Plin.
1777 4001 1925 4076 VIII,
1952 4003 2053 4067 58.
2084 4023 2129 4061 a.
2154 4005 2256 4068 83.
2342 4004 2468 4063 Ex·-

1391 4088 1656 4149 cnsanda
1713 4098 1915 4147 tamen
1972 4088 2114 4147 talia
2170 4087 2232 4146 in
2271 4099 2467 4167 poeta,

1391 4174 1500 4233 etsi
1525 4195 1647 4233 non
1677 4172 2166 4233 commendanda.

1475 4260 1578 4324 74.
1620 4260 1810 4319 Totus
1835 4260 2030 4335 locus,
2076 4258 2177 4337 qui
2199 4258 2468 4335 sequitur
2534 4294 2557 4319 0

1389 4343 1468 4403 ad
1530 4366 1588 4405 v.
1645 4348 1727 4410 89
1783 4364 1962 4425 super
2018 4343 2236 4403 amoris
2279 4350 2505 4417 aestu„

1386 4429 1547 4489 inter
1606 4428 2210 4492 consummatissimus
2264 4436 2353 4485 est
2404 4437 2468 4489 et
