2882 5028
594 326 1216 406 AENEIDOS
1271 327 1493 404 LIB.
1549 327 1648 422 11,
1705 330 2147 406 650—664
2354 333 2505 409 359

216 519 477 591 Mene
519 512 821 590 efferre
851 514 1191 616 pedem,
1243 514 1598 613 genitor,
1638 526 1720 589 te
1746 536 1984 614 posse
2012 512 2297 590 relicto

223 619 648 718 sperasti?
700 631 1174 721 tantumque
1205 615 1430 694 nefas
1464 618 1720 719 patrio
1762 615 2047 692 excidit
2077 626 2271 695 ore?

225 723 321 797 Si
358 719 565 795 nihil
603 745 698 797 ex
726 733 939 797 tanta
970 724 1297 822 Superis
1323 720 1583 823 placet
1608 720 1813 798 urbe
1842 720 2048 797 relin
2166 719 2214 816 i,

221 829 340 902 Et
395 822 633 902 sedet
694 822 855 901 hoc
920 827 1227 922 animo,
1309 824 1880 947 perituraeque
1935 821 2035 901 ad
2099 848 2234 902 ere
2296 827 2503 900 Tro-

230 1035 530 1132 Teque
564 1044 911 1132 tuosque
940 1032 1189 1111 iuvat:
1240 951 1619 1132 pateltaiesti
1649 1030 1878 1106 ianua
1904 1029 2110 1126 leto;
2346 936 2503 1008 66⁰

226 1138 580 1235 Iamque
627 1134 883 1210 aderit
922 1135 1184 1211 multo
1219 1135 1513 1211 Priami
1567 1134 1672 1210 de
1713 1135 2095 1233 sanguine
2130 1130 2501 1231 PyrrhuS‚

231 1242 596 1317 Gnatum
633 1251 814 1317 ante
862 1264 1003 1316 ora
1048 1240 1330 1341 patriS‚
1383 1252 1700 1341 patrem
1754 1240 1892 1341 qui
1936 1238 2356 1315 obtruncat
2399 1236 2501 1312 ad

229 1448 415 1521 Hoc
447 1457 641 1543 erat,
691 1442 894 1520 alma
919 1470 1232 1547 parens,
1287 1366 1677 1548 quglaine
1708 1469 1859 1547 per
1884 1444 2068 1543 tela,
2119 1467 2270 1545 per
2300 1441 2500 1541 ignis

337 1591 520 1664 663.
570 1587 873 1660 Naum

300 1773 414 1828 657
452 1773 620 1824 Mene
635 1769 798 1843 serre
821 1769 1023 1824 zulich.
1052 1780 1110 1822 et
1148 1788 1232 1843 pr.
1274 1772 1528 1827 Rottend.
1599 1783 1657 1825 et
1678 1769 1844 1842 firm
1877 1769 2073 1823 Medic.
2087 1809 2103 1836 ,
2136 1770 2283 1840 quod
2313 1779 2369 1821 et
2398 1770 2501 1822 ad-

228 1839 456 1912 scripsit
486 1840 806 1911 Pomponius
831 1841 953 1893 Sab.
1092 1842 1196 1895 659
1245 1860 1313 1894 ex
1342 1855 1467 1895 tota
1497 1842 1718 1895 Ondart.
1756 1859 1788 1893 a
1813 1858 1885 1893 m.
1914 1858 2018 1892 aec.
2088 1840 2195 1897 660
2218 1841 2503 1912 periturae

223 1924 292 1963 te
326 1911 544 1963 addere
574 1927 655 1978 pr.
682 1912 881 1962 Moret.
1022 1910 1123 1965 661
1162 1914 1239 1963 Te
1260 1930 1492 1994 quoque,
1544 1929 1758 1981 noeque
1792 1912 1954 1962 iuvat
1987 1910 2178 1962 Donat.
2200 1909 2394 1978 legisse
2416 1909 2501 1961 vi-

227 1981 412 2033 detur.
484 1982 641 2033 iuvet
668 1998 749 2050 pr.
779 1980 1028 2031 Rottend.
1088 1982 1216 2033 istic
1243 1981 1457 2049 plurimi
1481 1981 1639 2036 codd.
1670 1999 1700 2032 a
1739 1979 1811 2032 ud
1836 1980 1973 2032 Pier.
2002 1988 2060 2033 et
2083 1981 2358 2031 Burmann.
2385 1997 2501 2031 cum

231 2050 377 2101 binis
408 2049 579 2101 Goth.
612 2060 671 2101 et
698 2049 782 2101 ed.
815 2048 1035 2101 Mediol.
1105 2050 1221 2101 illic
1254 2051 1339 2102 ed.
1379 2053 1517 2104 Ven.
1653 2000 1760 2106 632
1798 2050 2048 2131 Namque
2065 2049 2325 2102 Montalb.
2391 2050 2500 2101 ad-

230 2133 361 2172 ema
400 2118 606 2171 Zalich.
675 2121 892 2171 Priami
930 2119 1105 2172 multo
1152 2119 1309 2171 Leid.
1345 2130 1399 2172 et
1440 2119 1605 2175 Witt.
1638 2129 1694 2172 et
1734 2119 1963 2172 Pieriam
2000 2119 2255 2172 nonnulli.
2325 2119 2501 2170 multo

234 2189 551 2240 maculatae
597 2190 877 2259 sanguine
913 2190 1049 2241 Ven.
1200 2190 1307 2245 663
1351 2202 1586 2261 gnatum
1639 2190 1806 2259 (quod
1844 2189 2116 2252 revocavi3
2173 2188 2279 2241 vid.
2318 2191 2384 2252 Q.
2431 2190 2499 2241 V.

234 2258 549 2321 XXXVIII,
584 2261 636 2315 1.
678 2258 822 2325 Wt.)
858 2258 1094 2310 scribunt
1114 2257 1326 2326 plurimi
1355 2277 1440 2328 ap.
1467 2259 1606 2313 Pier.
1631 2269 1688 2311 et
1717 2259 1900 2311 Heins-
1929 2267 1984 2310 et
2011 2275 2136 2311 mox
2155 2270 2498 2331 patremque.

240 2328 406 2396 (qnod
427 2327 592 2380 nolim
620 2345 652 2378 a
677 2326 859 2379 lahnio
890 2328 1161 2397 praeferri.
1223 2327 1311 2381 Sic
1336 2328 1601 2381 interdum
1629 2330 1726 2399 qui
1755 2328 1812 2380 in
1833 2347 1939 2410 que
1967 2337 2242 2392 mutatum,
2278 2327 2368 2380 ubi
2392 2327 2499 2379 dno

240 2397 477 2463 nomina,
515 2406 575 2448 ut
597 2396 655 2448 h.
683 2396 722 2448 l.
749 2409 983 2467 gnaeum
1015 2407 1071 2448 et
1087 2409 1336 2469 patrem,
1369 2397 1516 2467 iungi
1541 2398 1773 2450 librariis
1808 2398 2148 2461 videbantur-3
2183 2406 2243 2448 ut
2270 2414 2428 2465 snpra
2459 2397 2498 2462 1,

236 2468 391 2523 102:
424 2471 599 2532 „Saxa
629 2477 821 2519 vocant
846 2466 1001 2532 Itali,
1034 2484 1120 2519 me
1145 2467 1246 2519 diis
1274 2484 1407 2538 quae
1446 2467 1504 2521 in
1533 2467 1805 2533 fluctibus,
1851 2471 2060 2532 Ara⁸;“
2111 2467 2203 2520 ubi
2234 2465 2290 2519 in
2320 2466 2498 2519 multi·

230 2537 394 2591 codd.
423 2548 507 2589 est
543 2538 867 2606 mediisque,
918 2538 988 2589 ob
1019 2555 1161 2589 saxa
1181 2574 1256 2590 ...
1292 2543 1462 2591 Aras.
1504 2539 1646 2608 Wr.)
1705 2540 1802 2609 qui
1829 2535 2117 2591 obtruncet
2137 2537 2500 2590 Maroniannm

224 2624 373 2671 ease,
403 2617 556 2659 notat
576 2605 760 2658 naim.
792 2615 848 2656 et
875 2606 978 2658 hoc
1005 2606 1225 2658 exhibet
1251 2608 1469 2662 Mentel.
1492 2626 1576 2679 pr.
1605 2628 1640 2661 a
1670 2626 1740 2660 m.
1768 2625 1852 2679 pr.
1906 2606 2066 2659 facile
2103 2616 2280 2659 tamen
2306 2624 2371 2659 eo
2402 2624 2497 2659 ca·-

224 2695 352 2729 rere
375 2692 683 2745 possumus:
718 2692 837 2727 cum
856 2675 986 2728 alibi
1011 2686 1251 2729 notatum
1276 2677 1378 2728 iam
1410 2677 1512 2741 ait,
1558 2688 1772 2760 poetam
1798 2676 1938 2728 hanc
1966 2685 2073 2727 tem
2114 2694 2263 2727 orum
2294 2684 2351 2727 et
2375 2693 2498 2727 mo-

225 2746 420 2799 dorum
445 2744 795 2797 subtilitatem
823 2745 1066 2797 Ciceroni
1091 2745 1223 2797 telin
1264 2763 1407 2799 uere.
1471 2747 1650 2812 Quid?
1685 2746 1829 2816 quod
1858 2754 1913 2797 et
1937 2745 2041 2798 vim
2112 2746 2236 2797 abet
2264 2743 2498 2797 obtrun-

223 2829 338 2879 σοι,
375 2814 467 2884 qui
495 2814 638 2865 solet
663 2814 994 2866 obtruncare.
1065 2816 1184 2897 (qui
1209 2765 1499 2868 offltruncet
1524 2827 1582 2869 et
1626 2819 1722 2887 qui
1760 2813 2055 2867 olm-uncae
2081 2815 2302 2867 multum
2330 2813 2498 2865 diffe-

226 2883 1251 3006 fflssssfqffiffloe'omb'kffi‘ssffiff
1267 2883 2146 3007 .’ῑζ’..“1ἱῑ-3““Νὲἓ“ξ3“ῗὲῖ“ἑ
2189 2880 2498 3021 ”33¹5ssss

665 2993 677 3004 .
1607 2995 1621 3008 .
1791 2990 1805 3004 .
2062 2990 2077 3005 .
2157 2991 2173 3017 ‚
2292 2989 2308 3005 .
2458 2989 2472 3004 .

228 3023 340 3080 664
378 3026 563 3076 Hocce
590 3024 782 3074 Mox-et.
810 3041 889 3092 pr.
920 3032 977 3074 et
999 3032 1124 3075 tert.
1153 3042 1185 3075 a
1208 3042 1273 3076 m.
1303 3043 1410 3077 aec.
1435 2991 1453 3020 '
1478 3028 1550 3077 At
1573 3024 1700 3077 olim
1724 3023 1920 3075 lectum
1943 3022 2107 3074 fuisse
2133 3023 2266 3075 hoec
2291 3030 2498 3074 testan-

228 3104 319 3144 tur
349 3092 721 3157 Grammatici‚
769 3091 1060 3144 Priscianus
1093 3091 1288 3162 aliique
1329 3113 1415 3165 ap.
1445 3096 1584 3148 Pier.
1616 3105 1673 3146 et
1713 3092 1914 3157 Heius„
1965 3092 2111 3161 quod
2146 3101 2206 3144 et
2244 3091 2497 3143 exhibent

229 3162 493 3215 Montalb.
519 3162 683 3217 Witt.
714 3172 765 3214 et
796 3162 884 3221 edi
905 3162 1122 3214 Mediol.
1173 3163 1401 3230 (videtur
1438 3165 1546 3218 hoc
1583 3182 1700 3217 eoae
1733 3163 2002 3215 inventum
2030 3160 2497 3215 Grammaticorum

235 3231 303 3283 de
328 3243 498 3284 meu-o
528 3230 905 3294 sollicitorum3
939 3230 1046 3284 vid.
1073 3249 1210 3284 nunc
1245 3232 1402 3285 etiam
1444 3239 1657 3287 Santen.
1698 3233 1769 3286 ad
1809 3234 2029 3286 Terent.
2069 3233 2235 3284 Maur.
2276 3248 2332 3301 p.
2369 3232 2494 3288 253.

234 3318 352 3371 sqq.
386 3301 526 3353 adde
562 3302 629 3354 V.
659 3301 722 3353 1..
754 3300 820 3352 ad
848 3300 958 3353 Ecl.
981 3302 1071 3366 111,
1109 3302 1163 3356 5.
1197 3305 1329 3354 Aen.
1358 3305 1452 3371 lv,
1483 3305 1571 3359 22.
1604 3305 1701 3369 xl,
1736 3304 1822 3358 16.
1892 3305 2016 3354 Hoc
2046 3301 2210 3353 breve
2241 3318 2358 3353 ease
2384 3301 2497 3354 vult

239 3371 399 3423 etiam
426 3373 652 3441 Interpr.
681 3376 743 3423 A.
769 3370 897 3423 Maii
925 3370 995 3424 ad
1022 3371 1077 3424 h.
1103 3371 1141 3425 1.
1182 3374 1267 3426 W
1262 3371 1333 3440 r.)
1397 3391 1504 3446 per
1539 3374 1729 3426 hostes
1756 3374 1890 3426 ναι.
1918 3381 1976 3423 ct
1996 3371 2238 3424 Parthae.

240 3511 380 3571 lutis
417 3510 523 3573 via
570 3521 635 3571 et
670 3511 831 3572 ratio
876 3519 1216 3593 supererat,
1272 3512 1326 3570 ai
1390 3498 1539 3574 neri
1570 3513 1810 3593 poterit.
1894 3511 2121 3573 Similia
2148 3511 2282 3571 loca
2309 3531 2373 3575 v.
2398 3531 2492 3592 ap.

238 3606 406 3678 pater
447 3599 620 3678 fugae
661 3616 859 3657 comes
905 3618 1030 3657 ease
1064 3599 1324 3659 nolebat.

320 3685 444 3751 667
477 3703 606 3763 sqq.
654 3682 756 3743 Ad
813 3693 1047 3762 patrem
1088 3682 1324 3743 Anchi-

230 3788 337 3829 sen
389 3789 721 3831 conversus
767 3767 918 3829 haec
955 3769 1123 3830 dicit.
1208 3769 1322 3830 Af-

230 3856 424 3916 fectus
492 3863 644 3916 nota
700 3855 996 3935 impetum
1013 3900 1031 3931 ‚
1113 3855 1323 3936 pulcre

230 3961 581 4023 expressum
633 3940 908 4021 abruptis
956 3941 1140 4001 etiam
1178 3961 1321 4001 sen-

226 4028 448 4087 tentiia.
536 4039 776 4086 tamum
814 4029 991 4105 nefas
1010 4071 1029 4103 ‚
1072 4038 1147 4087 ut
1180 4048 1322 4086 aua-

227 4113 400 4174 deret
443 4133 579 4174 rem
622 4120 750 4171 tam
777 4113 1085 4176 nefariam.
1173 4115 1319 4178 661.

214 4213 387 4280 patet
423 4203 534 4259 isti
570 4202 770 4258 ianua
805 4200 955 4275 leto,
1017 4199 1098 4258 ad
1140 4199 1322 4258 talem

223 4295 480 4345 mortem
544 4284 625 4344 ab
688 4282 861 4344 hoste
916 4284 1318 4364 accipiendam

222 4373 319 4434 via
358 4380 571 4455 μίας
612 4388 701 4430 ea
749 4391 913 4433 mors
955 4371 1128 4432 facile
1155 4370 1320 4433 obti-

1408 3598 1681 3660 Cerdam.
1767 3598 1933 3659 Idem
1983 3596 2148 3676 quod
2188 3596 2314 3663 645
2364 3599 2494 3675 ipse

1403 3707 1597 3745 manu
1649 3697 1896 3743 mortem
1945 3686 2273 3743 inveniam.
2343 3676 2494 3765 (aad

1406 3770 1535 3833 vid.
1589 3770 1664 3834 V.
1717 3771 1784 3830 L.
1839 3770 1920 3829 ad
1968 3789 2059 3830 vs.
2110 3768 2255 3835 645.
2319 3765 2489 3849 Wr.)

1407 3860 1555 3922 662.
1603 3859 1748 3921 668.
1805 3855 2050 3915 Refellit
2083 3855 2197 3913 ista
2247 3873 2304 3915 v.
2345 3854 2491 3919 645.

1406 3941 1534 4008 646
1561 3941 1928 4001 miserebitur
1962 3941 2148 4000 hostie
2183 3948 2297 4000 etc.
2324 3940 2491 3998 mul-

1404 4041 1467 4087 to
1495 4028 1568 4086 de
1594 4030 1914 4107 sang-uine,
1952 4047 2091 4086 cum
2118 4025 2345 4086 dilectu
2373 4045 2492 4104 po-

1405 4114 1589 4173 situm
1632 4112 1947 4194 epitheton
1964 4157 1983 4190 ,
2053 4131 2231 4192 quem
2278 4110 2492 4172 effudit

1404 4200 1533 4259 cine
1568 4200 1732 4259 omni
1772 4200 1928 4260 senia
1967 4198 2379 4272 miseratione,
2426 4205 2490 4256 et

1405 4289 1534 4353 663
1584 4286 1831 4366 respicit
1888 4306 2020 4366 sup.
2069 4304 2133 4345 v.
2179 4285 2308 4350 529
2358 4300 2486 4360 sqq.

1405 4369 1503 4455 (ln
1539 4391 1656 4434 vsa.
1686 4370 1815 4441 664
1834 4407 1906 4419 —
1931 4376 2034 4438 67.
2073 4368 2336 4450 primum
2369 4386 2486 4428 no·-
