2882 5028
792 1417 1629 1510 EXCURSUS
1738 1424 1777 1509 Ι

339 1618 465 1687 De
522 1619 870 1688 Didone
916 1626 1256 1713 eiusque
1313 1625 1740 1693 amoribus
1792 1638 1868 1693 et
1921 1638 2220 1697 aetate.

177 1773 387 1889 Cum,
446 1815 500 1873 si
555 1813 897 1874 historicam
955 1813 1139 1874 fidem
1195 1816 1489 1893 sequaris,
1555 1816 1801 1876 Didonis
1842 1826 1998 1876 aetas
2040 1820 2177 1898 plus
2220 1840 2398 1898 quam

177 1902 301 1961 CCC
341 1901 512 1959 annis
557 1921 591 1959 a
633 1901 849 1959 Troiae
892 1900 1133 1960 excidio
1178 1901 1529 1980 Aeneaeque
1570 1902 1876 1962 erroribus
1920 1904 2172 1964 abfuisse
2216 1907 2398 1984 vulgo

177 1996 439 2047 narretur
485 1983 681 2067 (quod
733 1986 850 2046 iam
893 2006 928 2044 a
970 1986 1180 2046 Servio
1237 1987 1623 2047 observatum
1681 1988 1886 2051 videas
1940 1988 2019 2048 ad
2075 2011 2136 2052 v.
2198 1989 2402 2073 459.);

176 2072 339 2133 modo
377 2074 442 2132 in
486 2071 824 2131 aecusando
868 2072 1050 2131 modo
1092 2072 1156 2132 in
1199 2072 1543 2132 excusando
1575 2082 1784 2152 poeta,
1829 2076 1931 2151 qui
1964 2074 2209 2134 Didonis
2234 2096 2406 2135 amo-

176 2160 325 2218 ribus
365 2159 629 2219 Aeneam
669 2157 993 2237 implicuit,
1051 2157 1229 2217 multi
1275 2157 1440 2218 docti
1494 2159 1611 2218 viri
1666 2160 1881 2238 passim
1939 2179 2180 2240 operam
2234 2181 2405 2221 suam

180 2254 517 2324 posuerunt.
603 2242 721 2302 Sed
765 2242 923 2302 hanc
967 2243 1429 2323 disputationem
1475 2254 1794 2322 antequam
1837 2246 2228 2326 attingamus,
2274 2248 2405 2322 alia,

176 2348 345 2410 eaque
383 2338 600 2389 nostro
641 2328 884 2408 quidem
940 2329 1162 2389 iudicio
1217 2330 1490 2409 gravior,
1544 2331 1806 2408 quaestio
1870 2341 1960 2390 est
2018 2333 2406 2411 expedienda,

177 2434 340 2493 quam
391 2417 689 2475 intactam
742 2416 866 2474 fere
917 2414 1178 2492 relinqui
1229 2414 1467 2489 videas,
1513 2415 1682 2493 quid
1735 2416 1980 2475 tandem
2036 2427 2275 2497 poetam
2329 2418 2407 2478 ad

175 2496 318 2561 hanc
355 2501 773 2581 eogitahonem
818 2521 889 2559 ae
929 2500 1242 2561 eonsilium
1285 2480 1606 2560 adduxisse
1650 2500 1843 2561 videri
1901 2503 2117 2582 possit,
2175 2514 2246 2563 ut
2301 2504 2407 2564 Di-

179 2585 336 2647 donis
377 2606 614 2647 amores
653 2589 717 2646 in
760 2606 1000 2646 carmen
1043 2603 1218 2646 suum
1273 2587 1569 2647 inseiret‘?
1632 2606 1848 2646 casune
1909 2608 1987 2647 an
2043 2591 2277 2649 ratione
2330 2610 2407 2649 an

178 2676 429 2753 exemplo
473 2672 600 2732 hoc
639 2671 1012 2752 potissimum
1055 2673 1318 2751 episodio
1361 2693 1506 2732 usus
1547 2672 1652 2748 sit,
1710 2692 1845 2731 cum
1893 2673 2005 2732 alia
2059 2676 2216 2735 sorte
2271 2694 2408 2735 cum

180 2766 499 2839 temporum
545 2758 782 2818 ratione
823 2760 1005 2837 magis
1053 2767 1448 2826 consentanea
1491 2757 1566 2816 ad
1610 2777 1855 2818 manum
1897 2761 2133 2819 essent?

331 2845 455 2905 lam
511 2843 665 2922 quid
716 2853 893 2924 poeta
947 2844 1014 2902 in
1072 2853 1204 2903 tota
1270 2842 1388 2902 hac
1439 2843 1676 2904 ratione
1744 2853 2033 2921 sequutus
2087 2845 2199 2921 sit,
2260 2844 2407 2905 dum

181 2930 422 2989 Aeneam
461 2929 548 2989 ad
591 2928 827 2990 Africae
867 2929 1038 2989 littus
1076 2938 1430 3009 tempestate
1472 2929 1836 2987 atrocissima
1878 2939 2078 2989 actum
2121 2930 2407 3007 admovit,

179 3023 235 3072 et
272 3035 447 3096 supra
509 3026 605 3074 est
656 3017 1027 3095 expositum,
1096 3024 1159 3074 et
1216 3014 1326 3094 iis,
1384 3015 1489 3093 qui
1543 3013 1869 3094 odysseam
1933 3015 2129 3075 animo
2185 3025 2408 3092 tenent,

185 3099 489 3162 obscurum
533 3119 657 3159 esse
699 3100 928 3179 nequit.
1015 3101 1165 3160 Cum
1207 3101 1364 3159 enim
1406 3100 1630 3179 Ulyssis
1673 3118 1907 3159 errores
1967 3120 2103 3160 eum
2162 3119 2241 3160 ex
2284 3102 2411 3161 aliis

181 3186 438 3263 periculis
478 3206 556 3245 ac
590 3187 822 3245 casibus
860 3195 993 3246 tum
1037 3205 1113 3245 ex
1156 3186 1464 3264 naufragio
1505 3185 1763 3243 maxime
1804 3193 1865 3243 et
1906 3186 2190 3246 eiectione
2231 3188 2406 3267 Ulys-

183 3269 252 3329 εἰε
312 3273 375 3332 in
433 3274 707 3353 ignotam
779 3281 1046 3348 terram,
1112 3272 1369 3331 multum
1425 3270 1646 3330 babere
1703 3271 2019 3331 suavitatis
2073 3273 2412 3351 variarique

185 3358 574 3418 narrationem
627 3357 891 3456 videret,
965 3377 1105 3416 cum
1167 3357 1220 3415 is
1276 3356 1388 3415 alia
1440 3356 1572 3415 loca
1629 3365 1866 3415 tantum
1929 3356 2221 3435 attigisse,
2284 3359 2411 3417 aliis

186 3439 533 3519 aliquamdiu
585 3402 941 3502 immoiatus
994 3461 1120 3502 esse
1175 3441 1507 3517 diceretur3
1574 3441 1686 3500 nisi
1754 3440 2018 3501 ieiunam
2075 3453 2138 3502 et
2196 3463 2411 3522 parum

187 3543 410 3588 suavem
477 3549 648 3588 suam
714 3527 892 3589 vellet
958 3547 1081 3587 esse
1137 3528 1543 3587 narrationem
1602 3526 1676 3585 de
1729 3525 1959 3586 Aeneae
2016 3528 2413 3607 navigatione,

187 3604 291 3670 hoc
327 3613 484 3673 idem
526 3613 641 3672 sibi
682 3614 839 3673 vidit
881 3632 1007 3673 esse
1048 3614 1448 3693 sequendum,
1498 3621 1569 3671 ut
1611 3611 1870 3671 Aeneam
1910 3614 2106 3673 ventis
2149 3634 2223 3673 ac
2262 3635 2412 3693 pro·-

189 3695 334 3756 cellis
378 3720 412 3758 a
456 3720 642 3760 cursu
685 3700 980 3760 deiectum
1035 3700 1098 3758 in
1157 3708 1453 3760 remotam
1513 3708 1767 3771 terram,
1826 3697 1903 3756 de
1955 3718 2073 3776 qua
2127 3719 2288 3758 nova
2344 3720 2414 3758 ae

188 3781 325 3840 mira
363 3784 655 3863 quaedam
698 3785 933 3845 narrari
976 3793 1244 3864 possent,
1300 3783 1639 3863 expelleret.
1726 3784 1877 3841 Cum
1918 3794 2119 3843 autem
2158 3785 2222 3843 in
2263 3786 2412 3846 mari

190 3867 637 3946 mediterraneo,
709 3891 744 3929 a
815 3869 1052 3929 Troade
1123 3885 1332 3930 versus
1403 3868 1661 3944 ltaliam,
1738 3869 2039 3947 navigatio
2095 3869 2296 3945 fieret,
2364 3871 2414 3929 si

191 3970 378 4013 omnes
419 3957 618 4016 animo
658 3956 949 4016 litterales
997 3956 1195 4035 plagas
1239 3974 1617 4035 pereenseas,
1676 3955 1840 4013 nulla
1885 3954 2056 4014 facile
2115 3965 2412 4035 opportu-

193 4036 316 4096 nior
353 4049 513 4101 terra
556 4041 803 4120 eogitari
845 4050 1073 4121 potest,
1115 4061 1329 4120 quam,
1384 4060 1500 4118 qua
1545 4060 1689 4099 usus
1747 4049 1836 4098 est
1891 4050 2101 4120 poeta,
2158 4039 2414 4100 Cartha-

193 4120 669 4196 giniensis.1am
724 4126 983 4207 primum
1037 4125 1205 4204 quod
1266 4127 1525 4188 australe
1581 4125 1953 4204 potissimum
2016 4127 2190 4185 littus
2252 4123 2414 4184 adire

193 4211 491 4287 tempestas
545 4213 736 4293 coegit
809 4211 1098 4288 Aeneam,
1168 4213 1394 4271 sactum
1466 4211 1683 4299 partim
1752 4223 2068 4291 poetarum
2141 4210 2414 4288 exemplo

193 4295 396 4367 partim
436 4308 758 4358 ventorum
802 4307 1039 4357 natura.
1124 4296 1274 4356 Nam
1317 4297 1384 4357 in
1423 4297 1604 4355 maris
1644 4294 1826 4355 huius
1872 4297 2056 4376 plagis
2114 4295 2414 4369 austrinis,

190 4372 338 4435 mfra
369 4381 654 4459 Cycladas
691 4382 899 4443 saltem
943 4403 1015 4442 ac
1060 4383 1329 4455 cretam,
1373 4382 1751 4460 gravissimae
1794 4381 1869 4439 ab
1913 4380 2190 4458 aquilone
2231 4389 2415 4439 vento

193 4463 518 4527 excitantur
582 4478 1003 4550 tempestates,
1081 4467 1421 4545 durantque
1492 4475 1655 4526 certo
1713 4467 1852 4525 anni
1916 4476 2184 4545 tempore
2237 4465 2417 4525 ssatus
2524 4495 2529 4506 ²
