2882 5028
422 279 578 353 258
947 270 1850 347 EXCURSUS
1953 272 2160 346 XXI

423 476 682 550 possent,
783 465 1037 525 Invento
1092 462 1298 541 itaque
1351 471 1657 522 terrarum
1714 461 1958 522 nomino
1998 462 2222 542 partim
2261 462 2423 523 inter
2479 462 2683 521 tribu-

391 555 512 614 les
570 573 641 612 ac
696 549 1056 631 populares,
1121 550 1346 629 partun
1389 547 1465 606 ab
1502 546 1775 608 advenis.
1873 547 2098 607 Prioris
2141 547 2376 630 generis
2420 548 2685 624 nomina,

422 640 489 699 id
532 637 700 719 quod
748 638 878 716 ipsa
926 636 1018 697 rei
1059 635 1218 694 ratio
1262 633 1509 694 credere
1548 629 1735 711 iubet,
1776 633 1857 694 ad
1900 643 2183 713 angustos
2224 642 2475 711 tractus,
2530 655 2687 733 quos

424 727 622 803 aliqua
666 723 877 802 stin-,ps
919 721 1148 796 tribus,
1206 721 1304 780 vel
1342 740 1487 798 gens
1511 705 1788 795 tenebat,
1845 729 2228 799 speetu-unt,
2282 720 2399 780 alia
2439 721 2687 780 nomina

423 812 490 871 in
543 810 639 869 his
693 808 1041 883 substitere,
1104 806 1221 866 alia
1289 806 1436 865 inde
1494 804 1674 865 latius
1744 805 1825 864 ad
1880 807 2159 884 proxima
2224 824 2497 885 quaeque
2551 805 2685 866 lom

421 896 680 978 proferri
724 905 1071 973 coeperunt.
1175 891 1374 953 Aliter
1424 911 1525 951 res
1578 910 1641 950 se
1700 888 1889 950 baben
1879 911 1922 950 e
1961 892 2165 972 potuit
2216 892 2282 952 in
2318 892 2685 967 nominibus,

419 1002 576 1062 quae
617 982 694 1041 ab
737 980 984 1039 advenis
1027 998 1134 1038 seu
1177 977 1525 1056 negotiandi
1570 997 1679 1038 seu
1720 977 1956 1038 visendi
2010 998 2219 1037 caussa
2258 978 2409 1039 fines
2448 979 2688 1058 ingres-

421 1070 502 1128 sis
555 1067 1012 1141 invenirentur3
1082 1064 1307 1144 quippe
1361 1082 1517 1142 quae
1570 1083 1854 1142 magnum
1899 1072 2199 1124 terrarum
2253 1073 2521 1125 tractum
2561 1064 2687 1124 iam

424 1154 500 1214 ab
539 1155 713 1213 initio
758 1151 1064 1211 declarare
1109 1157 1392 1230 possunt,
1429 1144 1795 1226 dummodo,
1838 1149 1988 1209 fines
2031 1159 2141 1210 eut
2184 1171 2353 1210 orem
2397 1170 2468 1209 ec
2508 1151 2687 1210 littus
2744 1166 2757 1174 ·

425 1250 534 1301 aut
575 1238 871 1320 populum
926 1245 1049 1296 tam
1093 1236 1215 1294 lete
1257 1234 1576 1315 protendi,
1638 1235 1836 1315 primo
1877 1235 2084 1297 statim
2128 1236 2300 1295 aditu
2346 1236 2687 1297 constabat.
2718 1304 2739 1319 ἢ

421 1327 498 1386 cf.
531 1327 675 1385 Exc.
704 1325 759 1383 11
792 1331 950 1382 extr.
978 1320 1059 1381 ad
1086 1321 1189 1381 lib.
1221 1321 1368 1382 vm.
1454 1320 1664 1380 Potuit
1717 1320 1868 1380 adeo
1923 1322 2023 1381 isti
2079 1333 2382 1382 terrerum
2435 1321 2684 1397 trechii,

420 1432 603 1491 quam
645 1410 881 1473 ltaliam
940 1407 1343 1506 appellamus,
1398 1406 1603 1467 ἰηὶιίο
1615 1427 1650 1464 ι
1707 1415 1869 1467 certa
1922 1426 2065 1466 orae
2120 1409 2458 1467 maritimae
2506 1416 2684 1490 purte

421 1497 522 1559 vel
563 1498 696 1557 loeo
742 1498 936 1570 facto,
980 1512 1200 1554 nomen
1239 1492 1590 1572 impositum
1630 1512 1756 1551 esse
1796 1514 1828 1551 a
1876 1492 2311 1569 Phoenicibus,
2365 1492 2536 1572 quod
2576 1502 2683 1555 e·-

421 1602 562 1643 men
606 1603 774 1642 nunc
815 1580 1181 1660 ignoremus.
1280 1578 1564 1655 Nomina,
1641 1596 1795 1658 quae
1858 1587 2161 1654 tenemus,
2236 1580 2502 1640 Graecae
2554 1580 2684 1639 sere

421 1669 666 1747 originis
708 1676 878 1728 sunt:
942 1685 1159 1729 verum
1202 1663 1414 1725 Graeci
1458 1682 1581 1724 non
1624 1665 1739 1724 nisi
1779 1665 2025 1744 exiguos
2064 1665 2285 1725 littoris
2324 1674 2559 1726 tractu·
2605 1665 2684 1724 ab

420 1755 593 1814 initio
643 1754 915 1833 cognitos
954 1750 1240 1812 habuere.
1341 1751 1664 1810 Salamine
1720 1750 1966 1830 quidem
2008 1770 2258 1828 nomen,
2324 1751 2492 1829 quod
2530 1752 2683 1810 Dio·-

420 1840 631 1920 nysius
672 1839 868 1899 Halie.
908 1837 957 1913 1,
1000 1838 1084 1902 34
1121 1834 1413 1917 putebat,
1458 1836 1568 1897 vix
1608 1836 1726 1896 suit
1768 1855 2082 1897 commune
2125 1857 2197 1897 ac
2237 1838 2511 1916 vulgare,
2566 1837 2681 1896 »ed

423 1933 516 1984 est
559 1935 913 2004 poetarum3
963 1923 1076 1983 etsi
1134 1921 1332 2001 primo
1375 1922 1456 1981 ad
1494 1921 1696 1980 locum
1739 1922 1995 2001 aliquem
2037 1923 2197 1983 eirca
2237 1924 2495 1983 Tiberim
2532 1941 2681 2001 spe-

379 2064 380 2067 ,
420 2004 615 2069 ιιιιιι
677 2011 935 2070 dieitur:
1004 2006 1136 2068 vid.
1192 2007 1272 2067 ad
1325 2008 1430 2067 lib.
1473 2007 1607 2067 vm
1656 2009 1803 2068 Exc.
1843 2019 2000 2069 extr.
2046 2011 2385 2087 Herpa-eae
2438 2027 2682 2085 nomen,

422 2105 647 2156 terram
690 2095 772 2155 sd
813 2094 1188 2155 occidentem
1223 2092 1402 2155 sitem
1441 2093 1787 2166 declarans,
1854 2114 2171 2155 commune
2213 2095 2327 2154 fuit
2382 2116 2518 2155 cum
2559 2094 2685 2155 Ei-

421 2182 666 2263 spania3
707 2190 782 2243 ut
824 2181 969 2240 satis
1012 2188 1329 2262 appareat,
1386 2180 1629 2239 Graecis
1684 2200 1764 2240 ex
1805 2181 1971 2242 omni
2013 2182 2253 2261 Europa
2290 2180 2547 2261 primum
2576 2180 2689 2241 in·-

421 2269 684 2328 notuisse
726 2267 993 2344 Italia‘m,
1050 2283 1165 2326 nee
1221 2264 1339 2327 nisi
1383 2265 1769 2345 navigatione
1821 2267 1902 2327 ad
1954 2267 2247 2327 ulteriora
2300 2268 2489 2344 facta,
2539 2266 2690 2327 Ibe-

417 2355 572 2414 riam
615 2365 858 2433 quoque
900 2353 963 2412 in
1006 2351 1286 2412 notitiam
1324 2352 1577 2412 venisse.
1662 2352 1915 2431 Reliqua
1954 2354 2161 2414 Italiae
2205 2353 2482 2428 nomina,
2534 2373 2686 2413 eum

417 2447 587 2500 certo
631 2459 776 2520 agro
819 2439 919 2499 vel
963 2447 1163 2498 certae
1203 2437 1469 2517 regioni,
1528 2457 1710 2517 quam
1751 2439 2012 2519 primum
2055 2439 2329 2499 adierant
2368 2439 2468 2500 vel
2509 2440 2687 2499 eolo—

418 2527 536 2587 niis
583 2528 1041 2606 frequentarunt
1079 2525 1293 2584 Graeei
1309 2568 1328 2600 ,
1385 2533 1586 2584 essent
1625 2525 1869 2605 propria
1890 2570 1908 2602 ,
1965 2525 2045 2584 ad
2086 2526 2434 2586 remotiores
2463 2535 2683 2602 ten-u,

418 2612 602 2674 modo
647 2611 954 2692 angustius
995 2610 1179 2671 modo
1220 2611 1431 2687 latius,
1465 2609 1828 2688 tandemque
1860 2610 1949 2670 ‘od
1991 2621 2189 2672 totum
2232 2609 2398 2672 hune
2424 2612 2685 2692 Alpibus

417 2707 878 2781 procurrentem
934 2706 1202 2757 tractum
1261 2698 1428 2756 suere
1483 2695 1785 2756 traducta.
1881 2698 2163 2757 Oenotria
2213 2697 2287 2755 ab
2329 2698 2503 2756 initio
2562 2698 2685 2757 fuit

419 2806 557 2864 ager
598 2786 760 2845 inter
800 2784 1169 2843 Lameticum
1197 2804 1242 2841 ι.
1278 2783 1638 2842 Terinaeum
1678 2783 1873 2842 sinum
1918 2803 1990 2842 ιο
2029 2783 2395 2862 Scylaeium,
2443 2783 2547 2862 qui
2579 2803 2685 2842 se—

419 2871 682 2932 rioribus
701 2870 1096 2951 ·temporibus
1137 2867 1521 2928 Bruttiorum
1566 2877 1709 2928 erat.
1795 2868 2195 2948 Appulerunt
2221 2869 2380 2928 enim
2422 2869 2685 2929 Oenotri

415 2957 638 3035 Pelasgi
681 2956 743 3016 in
782 2957 991 3015 littore
1027 2953 1149 3014 hoc
1173 2954 1379 3013 Italiae
1420 2953 1726 3028 interiore,
1770 2962 1951 3033 atque
1991 2954 2333 3015 Ausonibua
2372 2952 2518 3014 hinc
2550 2955 2684 3013 eie-

418 3042 533 3101 ctis
575 3041 964 3122 protulerunt
998 3039 1147 3099 fines
1190 3059 1329 3100 suos
1369 3043 1636 3120 primum
1671 3058 1880 3099 versus
1920 3038 2109 3100 Laum
2150 3040 2408 3101 fluvium
2440 3050 2505 3100 et
2541 3039 2684 3100 Me-

416 3136 740 3207 tapontum
792 3127 1034 3200 urbem,
1092 3145 1239 3184 mox
1295 3143 1486 3203 usque
1540 3125 1621 3185 od
1674 3125 1937 3186 Silerum
1978 3134 2043 3185 et
2080 3127 2459 3201 Bradanum,
2513 3126 2682 3185 sorte

417 3214 598 3272 etiam
640 3212 854 3286 latius3
922 3212 1119 3290 Dion)
1121 3211 1242 3269 sius
1295 3211 1539 3289 quidem
1592 3209 1706 3271 hos
1762 3211 1923 3291 ipsos
1979 3212 2249 3290 Pelasgos
2312 3212 2391 3271 ad
2433 3211 2676 3270 Latium

415 3317 759 3381 progressos
795 3289 1040 3356 Umbris
1082 3295 1410 3375 Siculisque
1449 3297 1714 3377 expulsis
1771 3307 1835 3357 et
1888 3317 2027 3356 cum
2070 3296 2487 3378 Aboriginibus
2524 3315 2678 3376 per-

416 3384 639 3444 mixtos
682 3402 754 3442 ea
793 3384 928 3442 loca
969 3382 1230 3442 tenuisse
1274 3392 1520 3459 narrat3
1589 3382 1696 3443 sed
1739 3402 1816 3442 ex
1861 3382 2207 3463 opinatione
2249 3385 2325 3442 ita
2370 3393 2680 3481 statuens3

416 3490 555 3529 eum
600 3490 723 3528 non
767 3469 1163 3544 meminisset,
1210 3468 1461 3529 alteram
1503 3469 1887 3548 Pelasgorum
1918 3469 2425 3530 multitudinem
2408 3489 2471 3528 m
2504 3488 2681 3528 mare

414 3555 787 3617 Adriaticum
846 3564 1117 3615 evectam
1162 3554 1405 3616 aliunde
1460 3574 1570 3637 per
1615 3554 1922 3614 Umbriam
1979 3554 2059 3614 ad
2120 3558 2234 3615 ista
2290 3556 2421 3616 loe·
2481 3573 2681 3635 pene-

413 3652 623 3702 trasse.
707 3640 964 3723 Propter
1007 3644 1421 3720 eognationem
1473 3651 1676 3701 tamen
1706 3641 1925 3721 stirpis,
1970 3651 2078 3701 aut
2119 3643 2297 3702 etiam
2338 3640 2679 3701 secundum

411 3728 576 3788 illam
620 3726 899 3806 Dionysio
941 3746 1182 3807 quoqne
1222 3730 1541 3809 probatem
1585 3725 1954 3807 opinionem,
2012 3727 2262 3787 Oenotri
2302 3735 2499 3786 totam
2545 3726 2681 3786 It·-

412 3815 554 3874 liam
597 3812 926 3873 obtinuisse
970 3812 1089 3874 diei
1126 3824 1380 3894 possunt
1420 3823 1485 3873 et
1532 3814 1659 3893 ipsa
1701 3813 1873 3871 ltalia
1926 3814 2239 3891 Oenotria,
2282 3814 2377 3873 uti
2418 3833 2455 3871 a
2499 3812 2681 3892 prio-

415 3899 582 3960 ribus
623 3899 836 3959 ineolis
878 3900 1159 3959 Ausonia
1178 3944 1195 3974 ,
1243 3910 1304 3959 et
1345 3922 1380 3959 a
1422 3897 1761 3974 chonibus,
1806 3899 2216 3960 Oenotrorum
2260 3908 2456 3979 perte,
2508 3898 2681 3958 mo-

410 3989 542 4046 nia.
631 3984 988 4045 Aoeurstius
1041 3983 1221 4062 haee,
1277 3986 1387 4045 etsi
1444 3985 1657 4065 primis
1710 3984 1915 4061 lineis,
1978 3986 2311 4045 seeundum
2367 3983 2681 4045 Aristote—

415 4072 529 4131 lem
578 4069 653 4131 de
693 4090 820 4152 rep.
871 4070 1010 4147 vn,
1062 4075 1145 4135 10
1206 4080 1265 4132 ιι
1306 4071 1667 4132 Strabonem
1716 4070 1795 4130 vt
1833 4091 1895 4151 p.
1938 4074 2058 4136 391
2120 4079 2473 4152 comparat·
2518 4069 2681 4131 ni·-

410 4158 580 4237 nysio
607 4158 654 4232 1,
705 4162 777 4220 11
820 4176 906 4235 sq.
956 4156 1038 4223 35
1083 4176 1170 4235 oq.
1212 4167 1352 4241 post
1389 4153 1740 4219 Cluverium
1786 4176 1821 4215 a
1864 4156 2038 4216 nobis
2082 4158 2358 4238 exposita
2416 4165 2573 4217 sunt
2606 4156 2679 4216 in

414 4242 746 4304 Gulhriani
786 4242 981 4322 operia
1025 4238 1430 4324 (Allgemeim
1478 4245 1585 4305 W
1573 4240 2018 4326 augeschaehoe)
2060 4243 2411 4304 reeenoioue
2453 4242 2524 4304 Τ.
2574 4241 2681 4304 IV.

409 4349 470 4410 p.
510 4329 593 4396 75
621 4349 709 4409 sq.
751 4337 814 4390 et
856 4328 934 4389 al.
1039 4329 1334 4391 Successit
1373 4332 1603 4395 Ιιαίἰαε
1656 4346 1911 4404 nomen,
1974 4329 2159 4410 idque
2200 4329 2411 4411 paullo
2453 4328 2681 4389 serius:
