2882 5028
464 348 617 421 208

958 337 1039 411 Ρ.
1099 333 1623 412 VIRGILII
1675 329 2217 407 MARONIS

461 527 610 603 Hic
642 522 851 599 canit
879 533 1280 596 errantem
1308 517 1607 616 lunam,
1648 516 1834 594 solis
1893 542 1997 594 ue
2030 516 2389 610 lahore53

465 628 702 708 Unde
729 624 1158 702 hominum
1184 647 1460 722 geum,
1499 636 1581 699 et
1613 647 1823 724 pecu
1885 647 2007 718 es;
2061 620 2285 698 unde
2322 618 2614 718 imber,
2657 631 2742 696 et

1637 727 1896 824 igne83

465 839 919 928 Arcturum,
937 828 1399 931 pluviasque
1427 829 1753 928 Hyada5‚
1779 829 2310 929 geminosque
2346 827 2741 918 Triones;

470 935 685 1034 Quid
754 946 1065 1011 tantum
1120 934 1451 1012 Oceano
1520 946 1966 1036 properent
2025 957 2109 1007 se
2167 931 2530 1030 tinguere
2600 952 2742 1003 so-

2576 1036 2742 1113 745

1635 1035 1753 1112 les

465 1140 845 1239 Hiberni‚
895 1137 1027 1216 vel
1059 1163 1265 1240 quae
1298 1137 1544 1214 tardis
1572 1164 1802 1215 mora
1828 1137 2200 1215 noctibus
2232 1135 2518 1215 obstet.

606 1349 713 1405 742
747 1343 1020 1428 scripsisse
1043 1311 1320 1428 nonnullos
1351 1346 1419 1411 ia,
1451 1344 1651 1398 Pierius
1678 1355 1879 1424 monet.
1947 1344 2169 1399 Scilicet
2201 1346 2291 1399 hic
2328 1344 2441 1427 eius
2472 1344 2600 1397 loco
2626 1363 2740 1427 po-

469 1419 644 1472 situm.
715 1422 885 1486 Atque
917 1433 961 1466 ιε
988 1416 1199 1484 quidem
1229 1415 1427 1484 (Iopas)
1467 1415 1609 1467 canit
1633 1427 1735 1469 etc.
1770 1416 2073 1486 (falluntur,
2123 1415 2214 1485 qui
2247 1416 2322 1467 ita
2350 1417 2442 1467 luc
2468 1432 2572 1483 pro
2612 1433 2668 1467 es
2706 1433 2741 1467 a

467 1489 644 1560 poetis
672 1487 803 1556 poni
831 1495 1048 1554 putant3
1094 1485 1201 1537 vid.
1242 1488 1308 1548 Q.
1346 1486 1414 1536 V.
1456 1486 1630 1550 XVII,
1665 1487 1718 1552 5,
1754 1506 1798 1540 c.
1867 1487 1973 1538 Vix
2011 1486 2228 1537 tulerint
2268 1488 2534 1537 Romanae
2562 1502 2739 1549 aurea,

470 1558 615 1629 quod
642 1556 861 1609 Bothiua
908 1554 1132 1607 invexit:
1190 1560 1276 1608 Ae
1307 1554 1475 1607 canit.
1531 1557 1675 1624 Wr.)

462 1627 738 1702 pecudum
767 1655 833 1665 —
864 1624 1051 1677 Hamb.
1092 1642 1174 1694 pr.
1214 1624 1490 1695 pecudea,

471 1716 538 1750 ex
561 1696 755 1766 glossa.
825 1707 882 1746 ec
906 1698 929 1746 ι’
967 1696 1057 1746 nis
1082 1698 1258 1769 Sprot.
1284 1703 1340 1744 et
1364 1642 1619 1746 Rottenffi

1079 1764 1091 1776 ‘
1250 1761 1356 1817 744
1393 1764 1624 1817 Pliadas
1661 1783 1730 1817 ue
1771 1767 1903 1832 Hya
1944 1781 2009 1816 as
2043 1764 2221 1833 plures
2267 1763 2404 1832 apud
2433 1762 2650 1826 Heius„
2687 1773 2739 1814 et

470 1785 659 1819 rarum
701 1764 894 1816 Medic.
976 1763 1112 1814 ierii.

472 1836 579 1888 duo
615 1834 776 1887 Goth.
848 1833 1101 1902 Ρζγαάω
1137 1850 1205 1883 ue
1244 1832 1457 1900 hyades
1484 1834 1568 1885 ed.

472 1906 717 2026 fluoniam
758 1902 888 1954 alias
936 1901 1058 1953 Plei

1815 1556 1922 1611 743
1972 1556 2117 1608 unde
2142 1574 2325 1625 genua
2363 1554 2649 1606 hominum
2684 1567 2741 1605 ec

1623 1644 1725 1689 ua,
1772 1624 1942 1679 imber
1977 1638 2033 1676 ec
2069 1627 2105 1676 i.
2144 1625 2226 1676 ed.
2255 1627 2391 1676 Ven.
2431 1623 2548 1677 scil.
2588 1642 2739 1694 aqua

1648 1704 1776 1747 tert.
1847 1708 1902 1747 et
1974 1695 2201 1757 ecudes,
2246 1712 2428 1765 genus
2458 1694 2614 1745 unde
2634 1692 2739 1765 se-

1648 1852 1728 1885 en.
1798 1834 2167 1903 Pleiadasque
2207 1833 2471 1899 Parthas„
2528 1832 2742 1884 scilicet

1163 1919 1296 1971 sque
1330 1903 1665 1972 Hyadesque
1702 1903 1846 1972 iungi
1881 1913 2072 1955 norant
2119 1906 2253 1973 (sup.
2294 1904 2490 1971 Georg.
2534 1904 2575 1964 1,
2616 1903 2738 1958 138-

518 1974 622 2026 iad.
663 1987 713 2038 σ,
746 1970 868 2027 486.
906 1971 1056 2023 ovid.
1083 1972 1211 2023 Met.
1243 1972 1391 2035 xm,
1426 1973 1584 2037 293):
1621 1973 1787 2025 invito
1812 1983 2001 2036 metro,
2038 1972 2194 2042 plane
2233 1983 2291 2024 ut
2322 1978 2451 2025 Aen.
2482 1974 2577 2035 m,
2612 1974 2737 2034 516,

475 2042 568 2095 ubi
600 2043 741 2094 idem
779 2059 958 2093 verena
993 2041 1236 2108 recurrit,
1269 2040 1464 2092 factum
1489 2041 1757 2105 videmuu
1804 2061 1839 2095 v
1856 2081 1870 2095 .
1899 2043 2080 2094 Heius.
2117 2044 2184 2096 ad
2228 2061 2275 2095 e.
2314 2042 2352 2094 l.

473 2114 685 2166 triones
708 2111 994 2178 Hamburg.
1023 2109 1175 2161 alter.

474 2201 535 2235 ee
558 2183 837 2251 intingere
860 2198 941 2249 pr.
968 2181 1181 2244 Mon-et„
1216 2177 1306 2249 qui
1329 2188 1385 2231 et
1412 2198 1563 2245 mox,
1600 2181 1797 2236 obstat.

2422 2055 2740 2123 namqu?

1312 2110 1417 2165 745
1455 2113 1561 2177 Qui
1583 2113 1744 2164 Goth.
1787 2130 1893 2165 aec.
1958 2125 2265 2184 properant
2293 2122 2404 2163 tres
2433 2114 2737 2163 Burmanni.

1935 2181 2041 2237 746
2074 2195 2192 2234 tum
2233 2200 2374 2252 quae
2413 2181 2584 2232 Goth.
2632 2198 2739 2232 see.

470 2267 581 2304 non
603 2250 755 2302 male.
825 2250 989 2301 Iidem
1029 2248 1089 2300 hi
1126 2248 1231 2301 duo
1267 2267 1459 2311 ¹versus
1498 2251 1621 2306 745.
1663 2254 1771 2306 746
1810 2270 1968 2322 supra
2008 2253 2205 2321 Georg.
2246 2253 2321 2316 11,⁴
2344 2252 2469 2306 481.
2495 2252 2612 2305 482
2638 2267 2737 2303 oc·

473 2320 772 2374 currebant.

475 2480 591 2542 bun
646 2476 840 2539 omnia
881 2474 1258 2557 philosophia
1304 2488 1559 2541 naturae

475 2565 878 2647 qualicunque
894 2563 1393 2643 contemplatione
1410 2587 1563 2626 con-—

473 2651 813 2726 tinebatur,
869 2650 1133 2709 rationes
1148 2693 1164 2724 ‚
1214 2649 1378 2728 quod
1424 2673 1563 2712 car..

474 2738 653 2799 minis
682 2744 1098 2816 argumentum
1129 2754 1208 2794 ex
1251 2758 1565 2817 cosmogo-

474 2824 576 2885 nia
616 2834 679 2884 et
722 2842 803 2882 ex
846 2820 1109 2903 physicis
1152 2826 1410 2901 petitum
1459 2832 1566 2884 est.

475 2910 662 2987 Quod
718 2918 922 2968 autem
976 2908 1284 2986 Atlantem
1346 2920 1562 2971 cantus

475 2996 827 3077 magiatrum
859 2993 1022 3070 facit,
1065 2994 1332 3056 fabulam
1368 2997 1562 3057 alicu-

475 3083 569 3142 ius
611 3089 825 3161 poetae
862 3079 1076 3140 Graeci
1109 3082 1563 3160 exquisitior-em

474 3166 743 3241 redolet,
787 3165 979 3225 veluti
1013 3165 1178 3242 quod
1211 3168 1329 3227 Ecl.
1362 3170 1438 3228 vl
1467 3168 1564 3226 Si-

476 3254 650 3313 lenus
678 3250 927 3333 physica
967 3249 1242 3313 docebat.
1328 3253 1563 3313 Atlanti

476 3339 660 3417 vulgo
686 3337 918 3397 tributa
948 3336 1212 3398 siderum
1247 3340 1459 3398 notitia
1497 3359 1568 3397 ac

478 3423 767 3505 sphaerae
811 3421 1150 3482 inventum.
1239 3425 1316 3482 cf.
1366 3425 1568 3505 Intpp.

478 3510 761 3572 Ovid.1v
787 3508 1064 3573 Met.681
1097 3520 1240 3570 etc.:
1284 3510 1361 3569 ad
1374 3510 1566 3591 Apol-

477 3595 603 3658 lod.
629 3595 769 3656 Not.
802 3615 861 3675 p.
889 3596 1008 3659 681
1044 3613 1130 3672 υς.
1216 3594 1382 3656 Idem
1399 3597 1569 3656 inter

477 3683 705 3764 primos
774 3677 1161 3760 philosophos
1219 3693 1569 3743 recensetur

478 3789 514 3828 a
573 3768 828 3846 Diogene
895 3766 1091 3827 Laert.
1163 3768 1227 3827 in
1297 3789 1565 3850 prooem.

479 3855 863 3931 Quamquam
906 3851 1056 3910 haec
1101 3854 1300 3913 omnia
1339 3855 1415 3914 ad
1459 3874 1564 3915 so-

477 3941 604 4000 lum
634 3938 1031 3998 astronomiae
1060 3939 1323 4000 studium
1355 3943 1567 4002 referri

478 4034 749 4108 poscunt.
860 4026 1010 4084 Cum
1082 4027 1251 4106 lopas
1322 4029 1563 4108 Tyrius,

478 4132 644 4172 nunc
670 4112 922 4186 Poenus,
957 4110 1344 4172 citharoedus
1371 4115 1564 4175 indu-

479 4198 708 4259 condus
755 4206 904 4256 esset
943 4217 979 4254 a
1008 4208 1184 4278 poeta
1205 4243 1222 4274 ,
1267 4209 1437 4259 acute
1475 4200 1565 4260 A-

476 4285 732 4346 tlantem
796 4301 830 4342 e
889 4282 1101 4343 vicinis
1157 4284 1566 4347 Mauretaniae

477 4369 785 4432 montibus
846 4378 1155 4431 auctorem
1208 4372 1564 4451 carminum,

1645 2502 1797 2561 quae
1826 2490 2089 2559 caneret,
2132 2481 2186 2541 ei
2211 2480 2538 2556 arcessivit.
2587 2502 2738 2540 ma-

1647 2574 1848 2629 ximus
1894 2569 2098 2628 Atlas.
2180 2569 2326 2628 Aen.
2379 2568 2550 2643 vm,
2610 2570 2737 2634 136

1642 2660 1953 2714 maximus
1970 2655 2173 2728 Aclaa,
2197 2687 2270 2699 -
2292 2653 2589 2712 aetherios
2611 2653 2735 2712 Ιιιι-

1647 2763 1805 2800 mero
1828 2743 1944 2820 >qui
1966 2742 2210 2799 etc-simet
2241 2761 2409 2798 area.
2475 2740 2589 2799 Est
2621 2759 2735 2798 au-

1647 2837 1770 2886 tem
1802 2825 2149 2905 simpliciter
2180 2825 2406 2885 dictum
2446 2846 2564 2905 pro
2600 2846 2737 2883 ma-

1641 2931 1814 2993 gnuS.
1897 2913 1998 2971 Sic
2024 2915 2301 2970 maxima
2325 2914 2481 2970 Iuno
2506 2920 2574 2970 et
2601 2912 2737 2970 alia.

1730 2996 2111 3064 742—746.
2158 2999 2473 3056 Etr-antem
2497 2998 2738 3065 lenzam,

1643 3106 1756 3167 pro
1818 3086 2001 3143 lunae
2053 3105 2267 3141 errores
2333 3102 2441 3143 seu
2498 3103 2735 3144 cursua-

1644 3172 1788 3230 solis
1815 3170 2047 3229 labores
2067 3214 2085 3244 ,
2135 3168 2401 3229 defectus
2417 3217 2435 3248 ,
2480 3187 2737 3229 eorum-

1645 3276 1763 3335 que
1793 3276 2046 3316 caussas.
2092 3256 2304 3335 Georg.
2329 3255 2401 3331 11,
2422 3253 2552 3320 478
2595 3258 2735 3314 De-

1632 3344 1843 3423 fictus
1884 3343 2037 3418 aelia⁸
2061 3344 2262 3401 varios
2292 3343 2592 3420 &tuaeque
2630 3342 2735 3399 la-

1651 3429 1837 3488 bores·
1946 3427 2227 3487 Attamen
2287 3427 2445 3485 Solia
2496 3427 2742 3486 labores

1651 3523 1711 3572 et
1739 3515 1852 3594 ipsi
1881 3514 1955 3573 de
1985 3534 2169 3573 cursu
2197 3512 2337 3572 solis
2368 3511 2560 3592 accipi
2587 3534 2737 3593 pos-

1651 3610 1814 3660 sunt.
1859 3600 2048 3659 imber
2086 3612 2141 3657 et
2179 3601 2373 3678 ignea,
2421 3595 2483 3658 h.
2517 3617 2570 3658 e.
2610 3599 2737 3658 sul-

1648 3707 1830 3765 gnra,
1876 3706 1953 3745 ex
1994 3685 2249 3745 nubium
2289 3684 2537 3744 afflictu.
2608 3686 2737 3743 Ar·

1649 3786 1850 3832 υιιιηιε
1876 3772 2049 3831 stella
2072 3773 2268 3851 posita
2291 3771 2356 3830 in
2380 3771 2551 3850 signo
2572 3771 2737 3829 Boo·

1649 3866 1777 3933 tae,
1824 3868 1886 3918 et
1913 3859 2172 3938 Hyades
2201 3857 2403 3916 stellae
2440 3859 2503 3915 in
2537 3858 2737 3916 fronte

1650 3945 1851 4004 Tauri.
1898 3945 1974 4003 cf.
2000 3946 2169 4004 Serv.
2197 3943 2276 4002 ad
2300 3942 2363 4002 h.
2387 3943 2428 4001 l.
2462 3946 2736 4021 gemini-

1649 4052 1763 4110 que
1801 4033 2083 4091 Diones.-
2127 4039 2272 4089 sunt
2296 4028 2499 4088 Helice
2529 4037 2591 4087 et
2615 4029 2737 4108 ey-

1649 4136 1904 4191 nosura,
1948 4116 2099 4174 Ursa
2155 4117 2347 4175 maior
2403 4123 2464 4172 et
2515 4115 2736 4186 minor,

1650 4206 1926 4274 teriones,
1976 4199 2038 4261 h.
2074 4222 2123 4262 e.
2163 4203 2367 4277 boves,
2412 4200 2615 4260 dictae
2654 4199 2736 4282 (v.

1649 4289 1728 4346 ad
1755 4288 1968 4367 Georg.
1995 4288 2097 4364 Ill,
2126 4290 2298 4366 381),
2344 4287 2485 4366 quia
2513 4287 2592 4345 ab
2628 4307 2737 4345 an·

1649 4373 1830 4453 tiquia
1859 4373 2199 4435 homiuibus
2241 4373 2354 4434 aub
2381 4372 2595 4452 boum,
2640 4372 2736 4432 iu·-
