2882 5028
523 380 1134 457 AENEIDOS
1195 381 1405 458 LIB.
1469 383 1565 478 V,
1614 390 2054 462 310—326
2262 388 2413 466 769

141 671 473 747 Tertius
502 671 906 769 Euryalus,
1170 697 1177 701 ·

137 771 750 879 Euryalumque
796 773 1179 873 Helymus
1241 774 1643 895 sequitur;
1703 800 1867 876 quo
1915 775 2215 855 deinde
2260 778 2408 856 sub

143 984 358 1057 Ecce
398 980 645 1082 volat,
699 936 1157 1082 calcemque
1186 901 1565 1056 teri1pispm
1598 979 1812 1056 calce
1842 982 2150 1081 DioreS‚

148 1085 638 1161 Incumbens
665 1084 1049 1177 humero;
1081 1083 1326 1183 spatia
1354 1084 1513 1160 etsi
1534 1080 1764 1185 plura
1784 1088 2204 1186 supersint,
2254 1095 2409 1171 325

155 1193 539 1264 Transeat
569 1188 876 1265 elabsus
901 1189 1158 1290 prior,
1213 1188 1775 1286 ambiguumve
1806 1188 2222 1292 relinquat.

135 568 608 668 Insequitur
636 567 922 662 Salius3
954 567 1228 670 spatio
1254 580 1441 669 post
1469 565 1765 646 deinde
1795 568 2078 646 relicto

285 1364 390 1417 321
430 1382 511 1435 φ.
540 1376 623 1414 est
649 1363 847 1415 deinde
871 1362 1035 1416 Goth.
1063 1372 1186 1414 tert.
1254 1362 1386 1414 inde
1425 1361 1530 1413 duo
1574 1364 1744 1414 Burm.
1879 1364 1987 1419 322
2031 1364 2195 1418 Deest
2232 1365 2408 1418 hemi-

137 1433 394 1485 stichium
421 1432 583 1484 Goth.
612 1442 734 1484 tert.
871 1435 977 1488 323
1011 1433 1318 1500 Euryalum
1347 1434 1597 1501 sequitur
1633 1433 1903 1500 Heb‘mus
1932 1436 2035 1485 Erf.
2052 1473 2068 1499 ,
2116 1452 2222 1487 non
2251 1436 2405 1490 male.

137 1503 273 1570 (vid.
317 1505 384 1565 Q.
437 1504 506 1554 V.
550 1503 791 1564 XXXV,
837 1502 888 1556 4.
961 1505 1106 1568 Wt.)
1178 1520 1332 1571 quem
1375 1501 1615 1552 Parthas.
1725 1502 1836 1552 uod
1875 1503 2065 1555 Medic.
2172 1506 2233 1556 ui
2284 1516 2404 1559 tert.

135 1572 401 1625 Rottend.
432 1590 463 1622 a
493 1589 559 1622 m.
589 1590 692 1623 sec.
762 1572 868 1623 Sed
900 1581 1011 1623 est:
1060 1569 1163 1623 sub
1200 1590 1306 1640 qao
1345 1573 1467 1641 ipso
1504 1572 1659 1622 volat
1740 1607 1754 1622 .
1793 1587 1839 1622 e.
1881 1571 1932 1622 ei
1969 1575 2132 1625 subvo
2157 1584 2240 1636 at,
2289 1592 2407 1626 eum

137 1642 318 1705 subit,
357 1640 605 1693 succedit.
676 1642 817 1711 (ipso
846 1642 912 1692 de
938 1658 1003 1692 eo
1021 1681 1035 1706 ,
1071 1640 1159 1709 qui
1188 1639 1457 1709 proximus
1485 1650 1566 1689 est
1592 1639 1743 1702 loco;
1780 1640 1884 1692 vid.
1914 1644 1978 1705 Q.
2007 1645 2072 1694 V.
2109 1645 2307 1708 xvm,
2347 1648 2406 1710 2,

137 1730 182 1764 r.
230 1711 379 1776 Wr.)
517 1709 623 1764 324
654 1713 784 1781 Ipse
810 1712 963 1762 volat
997 1729 1081 1780 ap.
1108 1709 1414 1760 Diomedem
1449 1710 1730 1761 Grammat.
1780 1710 1943 1779 (quod
1972 1710 2239 1765 induxisse
2263 1716 2406 1766 Wa-

136 1779 446 1833 kefieldium
475 1780 544 1831 ad
566 1780 780 1831 Lucret.
811 1782 873 1842 Η,
905 1783 1024 1835 790.
1049 1780 1287 1842 videtur,
1339 1789 1396 1830 ut
1427 1778 1706 1845 Virgilium
1743 1780 2017 1848 scripsisse
2057 1782 2405 1834 existimaret:

139 1870 253 1921 quo
279 1850 336 1902 d.
365 1847 466 1899 sub
498 1849 611 1918 ipse
637 1854 698 1900 Ε.
728 1868 781 1900 v.
822 1848 966 1917 Wr.)
1106 1850 1211 1903 325
1245 1849 1488 1899 humeris
1514 1866 1636 1917 pars
1675 1848 1859 1912 codd.,
1899 1851 1997 1901 sed
2033 1862 2087 1903 et
2127 1852 2404 1919 singularia

134 1920 313 1972 minus
347 1918 602 1988 vulgaris,
640 1928 693 1970 et
725 1918 880 1970 alteri
905 1928 1102 1970 tantum
1146 1918 1363 1968 humero
1402 1917 1716 1970 imminebat.
1767 1917 1891 1987 (vid.
1936 1921 2000 1982 Q.
2046 1923 2112 1972 V.
2150 1922 2315 1985 vnn,
2350 1924 2404 1977 2.

134 2009 182 2043 c.
228 1992 313 2042 W
312 1989 382 2056 r.)
520 1989 625 2041 326
660 1986 802 2039 ambi
841 2007 1073 2058 numque
1098 1987 1277 2038 Heius.
1305 2003 1559 2039 consensu
1588 1986 1840 2039 librorum
1883 1989 2113 2058 recepit,
2161 1991 2305 2059 quod
2348 2000 2405 2041 et

130 2078 263 2131 pars
291 2057 649 2110 Pieriauorum
682 2057 818 2108 habe
859 2070 942 2118 at;
980 2056 1119 2109 ratio
1148 2067 1320 2107 tamen
1348 2073 1409 2107 ac
1447 2073 1531 2107 res
1567 2056 1784 2124 respuit.
1853 2059 2022 2123 Nam,
2071 2059 2117 2110 si
2155 2059 2404 2111 transiis-

49 2126 218 2181 ,δεῖ
262 2127 495 2189 socium,
547 2144 631 2178 res
673 2143 778 2177 uon
819 2127 1059 2193 ambigua
1094 2128 1197 2178 iam
1232 2126 1448 2186 fuisset,
1500 2134 1618 2177 uter
1652 2127 1800 2195 prior
1852 2137 2009 2180 esset.
2082 2129 2269 2181 Verius
2314 2129 2404 2180 alii

128 2198 275 2251 editi
304 2205 361 2247 et
384 2196 595 2265 scripti:
638 2194 1038 2284 ambaegguumve:
1084 2197 1293 2246 ductum
1325 2195 1464 2245 euim
1504 2204 1588 2245 est
1634 2213 1697 2247 ex
1735 2213 1786 2246 v.
1836 2197 1944 2251 382
1987 2197 2082 2250 Ilia
2232 2238 2247 2263 ,
2287 2197 2399 2252 Καὶ

124 2264 205 2323 ,6
246 2283 349 2319 κεν
392 2258 431 2334 ἢ
474 2261 760 2332 παρέλασσ
846 2257 884 2333 ἢ
943 2261 1302 2334 ἀμφήριστον
1359 2260 1563 2332 ἔθηκεν
1613 2267 1704 2333 (sc.
1749 2260 1964 2333 αὐτὸν,
2009 2284 2116 2319 non
2153 2268 2402 2336 πρᾶγμα,

125 2339 283 2409 quod
306 2336 522 2403 vulgare
551 2345 720 2398 esset,
758 2344 812 2386 et
844 2334 1055 2403 Virgilii
1081 2333 1374 2385 imitatione
1407 2333 1693 2394 refellitur-3
1729 2334 2038 2405 ambiguum
2087 2356 2163 2390 sc.
2200 2339 2408 2405 socium

123 2406 495 2477 reliquisset).
564 2407 657 2454 Est
682 2405 817 2455 alter
853 2404 998 2456 locus
1033 2405 1216 2455 similis
1251 2404 1287 2455 1.
1329 2422 1373 2456 c.
1423 2421 1475 2454 v.
1512 2405 1632 2457 526.
1671 2405 1792 2469 527,
1838 2404 1918 2474 τῷ
1957 2402 2057 2459 κέν
2093 2423 2191 2474 μιν
2226 2403 2400 2475 παρέ-

122 2469 325 2543 λασσ’,
378 2468 514 2528 οὐδ’
558 2469 913 2542 ἀμφήριστον
951 2470 1171 2543 ἔθηκεν.
1209 2473 1304 2525 sed
1342 2472 1454 2524 eius
1500 2474 1758 2526 sententia
1798 2474 1966 2526 minus
2007 2478 2402 2530 accommodata

124 2558 216 2600 est
262 2556 450 2596 nostro
492 2556 699 2613 poetae.
771 2544 1171 2616 (ambiguumve
1209 2544 1281 2595 iu'
1312 2542 1584 2595 codicibus
1627 2544 1735 2596 suis
1787 2544 2032 2597 omnibu·
2075 2556 2301 2598 testatur
2340 2566 2398 2599 se

119 2616 404 2669 invenisse
432 2616 704 2676 Heinsius3
736 2614 857 2677 sed,
931 2625 1104 2665 raeter
1123 2632 1277 2665 unum
1301 2613 1624 2677 Palatinum,
1669 2613 1839 2665 nullus
1880 2614 2049 2665 codex
2090 2616 2398 2668 nominatim

122 2686 410 2746 laudatur,
449 2686 536 2753 qui
569 2684 761 2735 habeat
790 2634 1195 2755 amgguumvm
1233 2695 1414 2734 contra
1441 2681 1856 2754 ambiguumque
1894 2682 2090 2751 legitur
2119 2684 2174 2735 in
2207 2686 2396 2738 Medic.

126 2775 217 2825 ap.
251 2753 475 2820 Foggin.
503 2763 558 2804 et
590 2767 758 2821 utroq.
788 2753 963 2822 Lips.,
998 2754 1138 2804 idem
1165 2771 1228 2804 ex
1257 2754 1410 2803 Hafa.
1447 2754 1513 2804 11.
1560 2763 1613 2803 et
1649 2753 1716 2807 V.
1761 2761 2027 2804 enotatum
2070 2753 2249 2806 video.
2300 2757 2396 2807 cfr.

129 2831 198 2891 Q.
226 2827 296 2877 V.
324 2824 588 2889 XXXVI,
617 2825 665 2876 1.
705 2826 789 2876 W
782 2823 851 2892 r.)
921 2823 1182 2893 relinquit
1209 2821 1407 2879 Zalich.

126 2985 383 3029 versum
427 2963 665 3023 Horatii
712 2964 762 3039 1,
813 2968 912 3039 12,
970 2968 1065 3028 18.
1124 2964 1230 3024 ubi
1313 2981 1438 3023 uno
1471 2971 1706 3023 tantum
1750 2962 2065 3044 ille-passu
2107 2983 2398 3044 praever-

128 3056 279 3114 Nec
309 3052 813 3130 vigetquiequam
836 3052 1029 3107 simile
1047 3046 1225 3131 (Iovi)
1311 3058 1419 3108 tat.
1506 3049 1712 3126 ltaque
1772 3050 1976 3108 Diores
2044 3050 2129 3109 sic
2185 3050 2394 3129 instat,

120 3152 245 3199 aut
272 3139 639 3208 secundum;
665 3138 975 3213 proximos
1003 3137 1100 3194 illi
1123 3149 1225 3194 ta-
1310 3143 1382 3194 ut
1411 3134 1721 3194 immineat
1744 3135 1869 3194 eius
1891 3133 2157 3195 humeris
2183 3146 2245 3195 et
2281 3157 2394 3197 ve-

120 3247 273 3284 men
316 3226 639 3299 occupavit
673 3223 899 3280 Pallas
949 3222 1217 3281 honores.
1309 3220 1477 3300 stigia
1509 3229 1773 3301 premat,
1824 3222 2013 3281 altero
2038 3222 2190 3301 pede
2221 3232 2392 3282 ante-

118 3313 216 3372 rbi
259 3308 455 3367 Pallas
482 3328 602 3366 non
640 3317 731 3366 est
763 3307 1055 3382 secunda,
1116 3308 1222 3366 sed

119 3395 449 3479 proxima.·
481 3402 543 3452 at
574 3394 636 3452 in
665 3403 873 3452 nostro
908 3394 1101 3452 Salius
1131 3402 1222 3452 est

119 3480 433 3542 secundas
467 3492 523 3537 et
558 3483 896 3557 proximus.
988 3478 1222 3538 Scilicet

118 3567 431 3627 semidae
470 3564 550 3623 ad
597 3583 914 3624 numerum
936 3599 969 3639 ,¹
1004 3569 1219 3643 proxi-

119 3675 268 3713 mus
327 3650 407 3709 ad
465 3651 665 3710 locum
745 3671 909 3709 nunc
970 3660 1219 3730 spectat.

117 3742 208 3800 At
228 3738 302 3796 in
333 3736 587 3796 Horatio
622 3739 937 3815 prox-inme
977 3737 1219 3815 quidem

117 3827 316 3886 etiam
354 3830 446 3881 est
480 3823 649 3897 loco,
692 3830 757 3881 at
794 3823 1099 3882 secundus
1129 3832 1220 3883 est

119 3913 367 3972 virtute
410 3918 473 3966 et
510 3909 808 3989 potentia,
862 3927 973 3967 nec
1022 3909 1218 3968 multo

115 3996 381 4058 inlerior
410 4039 428 4069 ,
517 3993 622 4052 sed
670 3995 795 4053 fere
860 4013 1216 4073 exaequans,

116 4085 247 4143 Pro
282 4080 560 4158 exemplo
591 4100 758 4139 nunc
795 4098 919 4138 esse
963 4089 1237 4160 possunt

117 4167 421 4229 Consules
444 4165 789 4225 Galliarum.

202 4253 367 4320 324.
396 4253 541 4317 825.
593 4254 892 4331 Expressa
934 4269 1008 4309 ex
1049 4251 1217 4310 nied.

113 4357 191 4418 ψ,
223 4336 381 4405 764.
407 4339 550 4413 765,
590 4357 663 4397 ue
697 4338 925 4397 dubita.
1013 4336 1220 4397 Diores

114 4425 217 4487 ἰῑεις
250 4442 445 4484 cursu
487 4432 705 4504 aequat
742 4424 1097 4503 Helymum,
1148 4432 1220 4483 ut

223 4527 548 4624 Vmen..
602 4527 820 4603 Tou.
866 4523 964 4601 ΙΙ.

1304 3307 1466 3367 riore
1495 3327 1794 3385 occupans
1823 3307 1947 3366 eius
1985 3307 2197 3387 pedem
2238 3309 2392 3368 cite-

1304 3393 1547 3452 riorem.
1633 3393 1724 3452 lta
1754 3392 1831 3451 ad
1872 3393 2123 3453 verbum
2157 3395 2390 3454 calcem

1304 3479 1466 3537 calce
1486 3479 1725 3557 premit.
1810 3479 1939 3550 Etsi
1977 3498 2089 3538 nec
2127 3478 2246 3540 hoc
2279 3501 2392 3540 ne-

1304 3583 1478 3625 cesse.
1572 3564 1675 3622 Est
1705 3564 1864 3624 enim
1901 3564 2132 3624 dictum
2171 3567 2390 3644 exqui-

1301 3650 1476 3709 sitius
1502 3670 1646 3729 pro,
1678 3651 1897 3727 pedem
1926 3652 2105 3728 pede.
2195 3651 2388 3716 Alium

1301 3736 1606 3796 rationem·
1636 3735 1854 3795 Burm.·
1894 3738 2168 3815 sequitur
2191 3755 2254 3814 ,s
2278 3738 2389 3805 sed

1300 3821 1480 3882 valde
1548 3821 1781 3880 duram.
1886 3820 2238 3901 Argutatur‘
2272 3823 2386 3885 Ios.

1302 3908 1577 3986 Scaliger.
1618 3908 1763 3972 825.
1807 3909 1952 3974 826.
1987 3917 2052 3967 et
2075 3953 2095 3985 ,
2165 3909 2218 3968 si
2251 3910 2386 3989 plus

1302 3994 1483 4074 spatii
1517 3992 1885 4072 superesset,
1943 4013 2055 4052 nec
2101 3993 2385 4054 curriculi

1301 4089 1497 4140 metae
1539 4079 1779 4139 iamiam
1815 4078 2384 4159 adpropinquarent,

1305 4176 1414 4227 aut
1472 4165 1643 4224 illum
1708 4184 1892 4224 cursu
1945 4164 2383 4244 praevertisset,

1303 4262 1411 4312 aut
1452 4252 1662 4311 saltem
1715 4260 2042 4329 aequasset.
2124 4249 2260 4309 Hoc
2292 4258 2385 4310 est

1303 4337 1661 4416 ambiguam
1695 4336 1994 4415 relinquat
2051 4352 2191 4394 eum
2227 4333 2293 4395 h.
2331 4354 2383 4396 e.

1301 4423 1697 4503 ambigentem
1750 4420 1827 4481 de
1897 4440 2109 4481 cursus
2166 4420 2384 4503 palma,
2433 4441 2438 4445 ’

1865 4520 2018 4610 49,
2297 4581 2311 4592 .
2369 4591 2383 4604 ,

1933 4627 1944 4642 ..⁸
2009 4625 2020 4640 θ
2077 4623 2134 4645 ὸ“ο
2175 4611 2248 4630 ..ὁ
2301 4611 2338 4640 ό·
2369 4610 2406 4645 ‘z

1931 4663 1940 4670 =
2007 4653 2019 4667 δ
2069 4663 2079 4677 0
2137 4649 2218 4680 0⁸0
2299 4641 2351 4666 ·‘
2398 4665 2407 4676 1

1937 4687 1944 4700 ‘
2011 4689 2021 4703 θ
2081 4695 2088 4708 t
2130 4677 2184 4710 ο·
2352 4683 2360 4696 ⁸
