2882 5028
409 305 566 381 568
988 291 1909 372 EXCURSUS
2019 291 2109 365 11

577 483 889 546 Hiemem
874 504 936 543 ιιι
966 484 1218 545 'I'hracia
1257 483 1344 566 (h.
1374 504 1424 544 e.
1454 476 1737 567 Pallene)
1768 501 1803 538 a
1831 480 2108 540 Troianis
2138 489 2445 552 exactam,
2488 477 2672 536 etiarn

413 575 653 652 Dionys.
680 590 761 629 ex
789 572 1089 630 communi
1122 572 1355 630 ratione
1379 570 1575 630 tradit
1602 568 1773 641 1,49
1801 575 1862 623 et
1891 571 1993 642 63,
2037 576 2097 625 et
2109 567 2148 625 i
2189 563 2511 644 superioris
2549 562 2674 621 iam

414 659 589 734 anni3
632 675 772 715 nam
802 654 985 715 huius
1034 656 1175 715 anni
1217 657 1472 717 hiemem
1515 656 1579 713 in
1612 652 1812 712 Sicilia
1857 653 1929 710 ab
1972 652 2041 711 iis
2070 661 2442 710 consumtum
2467 649 2673 729 ponit;

413 755 484 806 ut
531 743 679 801 adeo
721 752 1003 820 sequente
1044 762 1203 803 anno
1247 741 1511 802 secundo
1543 760 1579 797 a
1608 740 1691 799 Τι
1695 737 1788 799 oia
1834 747 2008 836 capta
2041 737 2120 796 ad
2157 758 2364 815 agrum
2402 736 2672 793 Lauren·

419 841 539 889 tem
565 827 970 907 pervenerint.
1053 830 1131 888 Et
1162 827 1323 888 hanc
1359 827 1657 888 rationem
1693 822 1934 902 sequuti
1962 834 2108 884 sunt
2150 823 2283 882 alii:
2325 832 2398 882 ut
2429 823 2494 881 L.
2522 825 2670 883 Cas-

417 915 540 975 sius
571 912 824 973 Hemina
850 913 1011 995 apud
1035 915 1221 974 Solin.
1247 937 1298 974 c.
1326 919 1386 977 2.

586 1019 640 1058 a.
684 999 748 1058 C.
790 997 862 1058 N.
1195 1019 1230 1058 a
1260 997 1441 1060 Troia
1486 1004 1661 1077 capta
1990 994 2196 1054 Error.
2227 992 2461 1054 Aeneae

646 1086 814 1148 1182
1356 1104 1409 1143 a.
1454 1088 1496 1147 2
2169 1101 2223 1140 e.
2268 1084 2308 1143 3

567 1168 716 1228 Inde
765 1166 871 1227 ubi
893 1170 1102 1245 prima
1121 1167 1291 1242 fides
1321 1170 1511 1247 pelag
1488 1189 1594 1242 σο,
1640 1166 2021 1272 placataque
2060 1169 2223 1227 venti
2264 1168 2444 1224 Dant
2474 1169 2675 1225 maria

424 1265 538 1314 etc.
584 1253 727 1312 Aen.
766 1252 868 1330 111,
916 1257 1017 1317 69.
1105 1254 1257 1315 Vere
1310 1255 1590 1327 ineunte,
1661 1251 1836 1330 ἔαρος
1878 1250 2245 1333 αρχομὲνου,
2306 1250 2459 1311 mari
2500 1262 2676 1331 pate-

422 1342 618 1417 sacto,
687 1356 897 1398 versus
940 1337 1400 1420 Archipelagum
1455 1296 1775 1416 navigant,
1844 1336 2055 1396 Delum
2108 1338 2490 1416 perveniunt.
2583 1339 2674 1398 Ab

420 1427 575 1487 Anio
619 1422 912 1483 Anchisae
959 1424 1198 1506 hospite
1259 1426 1510 1505 benigne
1570 1421 1801 1502 excepti
1847 1423 2183 1503 Apollinem
2226 1424 2586 1501 consulunt3
2640 1446 2676 1483 a

423 1532 544 1590 quo
574 1530 710 1569 cum
740 1511 1046 1588 antiquam
1075 1521 1329 1571 matrem
1375 1509 1728 1588 exquirere,
1770 1505 1833 1567 h.
1865 1528 1914 1567 e.
1957 1528 2087 1567 eam
2130 1517 2357 1568 terram
2385 1520 2676 1589 repetere,

423 1597 567 1656 iussi
608 1604 836 1671 essent,
891 1596 1054 1655 unde
1099 1598 1354 1660 maiores
1395 1597 1801 1656 Troianorum
1847 1593 2139 1673 progressi
2172 1594 2253 1654 ad
2297 1595 2513 1655 Troiae
2545 1597 2673 1656 10oe

426 1682 567 1743 olim
601 1691 1031 1762 pervenerant,
1075 1682 1361 1742 Anchises
1395 1702 1525 1740 eam
1558 1680 1797 1738 Cretam
1825 1679 2278 1760 interpretatus,
2322 1681 2488 1739 unde
2515 1679 2677 1758 Teu-

426 1787 597 1827 crum
634 1766 712 1825 ad
757 1767 1054 1826 Troadem
1101 1769 1399 1848 appulisse
1449 1788 1483 1826 a
1523 1764 1850 1824 maioribus
1888 1776 2230 1845 acceperat,
2289 1785 2419 1825 eam
2474 1777 2677 1848 petere

425 1853 610 1912 iubet.
696 1849 791 1910 Ad
825 1850 984 1911 hanc
1012 1853 1194 1930 igitur
1235 1853 1492 1913 insulam
1528 1852 1688 1910 bona
1723 1869 1826 1929 spe
1863 1850 2088 1910 alacres
2121 1871 2361 1911 cursum
2391 1852 2677 1932 dirigunt,

428 1938 1346 2014 11,73—131.1d0meneus
1387 1939 1508 1997 iam
1555 1946 1689 1996 tum
1730 1936 1905 1996 Creta
1953 1945 2086 1996 erat
2139 1958 2174 1995 a
2233 1938 2353 1997 suis
2393 1940 2677 2019 expulsus

426 2044 488 2083 v.
517 2025 659 2085 121.
747 2022 1031 2082 Conduut
1060 2025 1162 2085 hic
1200 2024 1414 2084 urbem
1445 2019 1891 2100 Per-gamem,
1933 2021 2250 2082 instruunt
2289 2023 2531 2102 domos,
2574 2045 2677 2084 eo-

428 2109 569 2169 lunt
605 2126 809 2185 agros,
853 2117 916 2166 et
942 2118 1107 2170 terra
1137 2130 1199 2170 se
1226 2130 1263 2168 a
1287 2110 1425 2169 satis
1454 2115 1792 2167 monstrata
1821 2127 1988 2167 nunc
2018 2107 2262 2168 tandem
2296 2109 2529 2190 potitos
2558 2130 2675 2169 esse

426 2193 751 2267 laetantur,
793 2211 853 2252 v.
887 2198 1268 2261 132—187.

611 2276 777 2336 lnter
831 2274 982 2338 haee
1037 2300 1227 2341 annus
1283 2299 1445 2339 unus
1500 2287 1565 2337 et
1620 2277 1773 2337 alter
1814 2277 1981 2337 exire
2034 2277 2276 2356 debuit3
2328 2299 2529 2358 neque
2569 2282 2672 2342 ali-

428 2372 527 2423 ter
582 2381 869 2422 numerus
924 2365 1025 2424 ille
1085 2365 1456 2447 septenarius
1516 2383 1815 2424 annorum
1870 2363 2083 2424 confici
2123 2322 2341 2445 possit,
2423 2366 2543 2426 nisi
2596 2368 2673 2427 ita

431 2448 730 2508 statueris.
817 2447 1006 2528 Igitur

601 2553 656 2594 a.
700 2533 763 2596 C.
808 2535 880 2594 Ν.
1211 2557 1248 2597 a
1286 2533 1472 2596 Troia
1512 2545 1687 2618 capta
2019 2534 2223 2596 Error.
2267 2535 2500 2597 Aeneae

653 2621 815 2685 1181
1403 2641 1460 2680 a.
1506 2625 1545 2687 8
2172 2640 2226 2681 a.
2265 2620 2308 2685 4

431 2706 497 2766 in
540 2723 703 2765 nova
745 2703 977 2765 colonia
1020 2707 1232 2768 Cretae
1281 2706 1676 2766 consumitur.
1762 2704 1992 2767 Interea

603 2811 656 2850 a.
701 2790 763 2849 C.
807 2791 878 2851 N.
1210 2812 1247 2852 a
1287 2792 1470 2853 Troia
1512 2801 1689 2872 capta
2012 2791 2221 2852 Error.
2264 2791 2501 2853 Aeneae

668 2878 832 2940 1180
1419 2898 1473 2937 a.
1519 2874 1562 2940 4
2198 2898 2252 2936 a.
2295 2880 2336 2943 5

432 2961 668 3023 siccitas
712 2981 991 3039 agrorum
1005 3006 1022 3039 ,
1099 2961 1251 3023 aeris
1293 2963 1587 3043 gravitas,
1642 2962 1771 3021 lues
1815 2961 2167 3042 corporibus
2214 2963 2446 3024 infesta.
2537 2965 2679 3025 Cum

431 3047 654 3107 iterum
693 3046 1000 3106 Phoebum
1045 3047 1107 3107 in
1146 3049 1291 3109 Delo
1324 3048 1635 3108 consulere
1677 3048 1932 3124 vellent,
1977 3049 2234 3112 Aeneam
2269 3068 2379 3131 per
2407 3070 2678 3110 somnum

435 3132 659 3194 docent
716 3132 998 3207 Penates,
1070 3154 1194 3195 non
1247 3135 1487 3194 Cretam
1538 3133 1645 3192 sed
1694 3133 1927 3193 Italiam
1968 3134 2168 3194 sedem
2227 3156 2262 3193 a
2300 3135 2442 3195 satis
2497 3136 2670 3196 desti·

433 3219 585 3278 nari.
681 3216 892 3294 Itaque
951 3219 1153 3296 paucis
1196 3219 1262 3278 in
1308 3218 1544 3279 colonia
1602 3219 1831 3280 relictis
1885 3219 2110 3279 iterum
2153 3240 2338 3282 naves
2390 3243 2678 3283 conscen-

435 3301 611 3379 dunt,
650 3301 750 3378 111,
800 3305 1018 3365 137—
1034 3307 1174 3367 191.

605 3385 812 3446 Evecti
850 3386 918 3445 in
950 3386 1137 3447 altum
1166 3387 1335 3467 gravi
1373 3395 1733 3468 tempestate
1773 3389 2232 3470 opprimuntur,
2275 3400 2373 3452 ιιι
2386 3392 2681 3472 procello-

436 3492 572 3531 sum
602 3471 665 3530 in
703 3466 799 3529 his
829 3471 1016 3552 plagis
1053 3492 1219 3533 mare
1259 3492 1384 3532 esse
1411 3476 1566 3533 solet
1610 3472 1697 3556 (v.
1737 3474 1875 3536 Not.
1918 3476 1997 3535 ad
2047 3475 2362 3557 111‚192).
2448 3478 2681 3552 Quarto

438 3556 536 3616 die
566 3556 644 3614 ad
678 3555 1078 3637 Strophades,
1123 3578 1275 3638 quae
1303 3558 1458 3618 Ionii
1495 3562 1676 3621 maris
1719 3561 1949 3621 insulae
1991 3520 2347 3621 occiilentali
2387 3563 2677 3644 Pelopon·

436 3642 563 3700 nesi
611 3642 806 3701 littori
851 3643 1137 3704 obversae
1193 3653 1369 3720 sunt,
1428 3642 1695 3726 appulsi,
1764 3668 1904 3707 cum
1943 3647 2018 3706 ab
2061 3646 2345 3728 Harpyiis
2384 3668 2679 3709 vexaren-

437 3735 561 3801 tur,
590 3737 833 3806 accepto
877 3748 912 3786 a
945 3731 1193 3790 Celaeno
1223 3729 1541 3807 vaticinio,
1576 3731 1798 3792 iterum
1832 3732 1979 3793 hine
2012 3732 2278 3810 solvunt,
2322 3733 2420 3811 111,
2470 3740 2675 3800 192—

439 3815 569 3876 267
595 3820 659 3871 et
690 3812 835 3872 alias
861 3811 1046 3876 huius
1084 3815 1265 3887 maris
1307 3815 1532 3875 insulas
1558 3818 1966 3896 praetervecti
1992 3817 2232 3878 Actium
2269 3820 2333 3879 in
2361 3821 2502 3880 sinu
2540 3820 2675 3880 Am·

436 3896 641 3957 bracio
679 3901 1061 3979 perveniunt.
1145 3901 1261 3960 Hic
1293 3901 1573 3961 lustratio
1614 3913 1676 3961 et
1703 3904 1856 3963 Ludi
1896 3902 2108 3979 habiti,
2152 3903 2254 3979 111,
2298 3908 2673 3969 268—283·

439 3983 679 4043 Interea
721 4004 1018 4063 magnam
1063 3987 1172 4055 Sol
1204 3988 1694 4047 circumvolvitur
1729 4011 1960 4049 annum
1974 4034 1992 4066 ,
2038 3991 2122 4048 Ec
2160 3990 2454 4068 glacialia
2497 3990 2671 4049 hiem

442 4068 834 4149 aquilonibus
847 4083 1094 4152 asperat
1117 4070 1315 4131 undas
1343 4091 1402 4131 v.
1430 4071 1577 4136 284.
1606 4071 1753 4139 285.

610 4172 664 4213 a.
703 4153 767 4214 C.
809 4153 882 4216 Ν.
1219 4173 1254 4213 a
1299 4156 1480 4216 Troia
1523 4166 1697 4239 capta
2024 4159 2231 4221 Error.
2276 4156 2506 4219 Aene'ae

671 4242 835 4313 1179,
1420 4262 1474 4301 a.
1518 4243 1561 4309 5
2205 4266 2256 4307 a.
2301 4249 2344 4313 6

591 4325 913 4386 Transacta
955 4325 1117 4406 apud
1148 4324 1387 4387 Actium
1419 4326 1611 4389 hieme
1648 4329 1815 4409 Epiri
1854 4328 2054 4391 littore
2099 4330 2253 4391 lecto
2297 4330 2376 4391 ad
2416 4327 2657 4390 Buthro-
