2882 5028
465 320 1083 400 AENElnos
1137 279 1347 398 Lm.
1404 323 1551 414 vl,
1605 285 2051 403 433—441
2231 333 2387 411 913

132 507 537 583 Proiecere
570 509 889 588 animas,
997 512 1258 603 Quam
1293 505 1593 584 vellent
1628 506 1955 586 aethere
1990 510 2071 585 in
2102 510 2259 588 alto

131 616 349 688 Nunc
384 623 462 686 et
490 612 958 712 pauperiem
993 625 1075 688 et
1104 611 1350 688 duros
1381 609 1746 710 perferre
1778 611 2125 692 labores!

128 717 272 791 Fas
303 713 599 812 obstat,
651 715 1010 816 tristique
1040 714 1266 816 palus
1295 713 1733 792 inamabilis
1766 715 1987 793 unda

127 815 459 915 Adligat,
517 830 597 893 et
623 819 900 894 novies
938 822 1120 916 Styx
1152 816 1536 893 interfusa
1574 833 1912 899 coercet.
2089 912 2100 921 .

121 926 288 1000 Nec
377 919 663 1022 procul
759 921 948 997 hinc
1032 935 1344 1024 partem
1432 919 1587 998 fusi
1663 923 2213 1001 monstrantur
2295 924 2377 999 in

1286 1048 1624 1101 omnem
2224 1032 2379 1106 440

117 1130 511 1224 Lugentes
545 1129 834 1230 campi:
886 1129 996 1204 sic
1031 1128 1210 1205 illos
1246 1128 1583 1206 nomine
1621 1128 1910 1209 dicunt.
1978 1230 1981 1234 Q

255 1315 357 1371 436
393 1321 542 1384 Quas
578 1318 800 1384 Medic„
839 1329 893 1371 et
929 1318 1169 1387 quidem,
1204 1319 1347 1388 quod
1381 1321 1700 1387 notandum,
1754 1338 1786 1372 a
1819 1337 1974 1373 manu
2023 1319 2376 1373 emendatori·
2489 1367 2494 1372 .

113 1386 416 1456 Aproniani.
491 1387 689 1453 (Quam
726 1401 805 1440 est
842 1389 1016 1455 prior,
1058 1393 1208 1455 Quae
1241 1390 1411 1440 altera
1447 1390 1673 1442 Medicei
1705 1390 1888 1443 lectio.
1930 1392 2077 1456 Wr.)
2150 1393 2219 1443 Et
2269 1390 2383 1442 ha-'

115 1458 212 1508 bet
246 1455 300 1506 id
334 1473 457 1507 sane
492 1467 696 1508 acutum
732 1459 893 1526 quid;
932 1458 1072 1526 quod
1108 1468 1282 1509 tamen
1314 1475 1420 1510 non
1460 1477 1666 1528 sequar.
1803 1459 1907 1515 438
1944 1460 2186 1528 Quinque
2221 1477 2376 1512 voce·

112 1535 331 1579 notatae
364 1536 483 1575 sunt
517 1527 678 1577 rubro
715 1528 769 1579 in
805 1527 996 1579 Medic.
1066 1531 1180 1579 Fae
1213 1526 1395 1579 obstat
1428 1531 1685 1598 tristique
1726 1547 1788 1599 p.
1827 1527 2138 1581 inamabilis
2173 1529 2375 1581 undae.

114 1597 377 1664 (trisque,
412 1612 518 1645 non
554 1598 834 1667 tristique,
867 1596 1065 1665 legitur
1100 1597 1155 1647 in
1188 1597 1464 1662 Mediceo,
1502 1598 1550 1649 ei
1586 1598 1698 1662 eius
1733 1598 2046 1666 scripturam
2078 1608 2225 1651 recte
2278 1616 2375 1649 ex-

110 1663 309 1735 pressit
341 1664 642 1731 Fogginius.
714 1668 909 1718 Puncta
943 1676 1118 1718 autem
1151 1667 1341 1730 rubra,
1386 1684 1522 1735 quae
1571 1667 1963 1735 conspiciuntur
2010 1669 2067 1719 in
2113 1667 2375 1732 Mediceo,

109 1743 330 1805 praeter
364 1734 598 1785 ultimum
619 1774 635 1800 ‚
682 1752 786 1804 quo
822 1755 854 1787 e
887 1735 942 1786 in
993 1736 1178 1787 undae
1223 1745 1439 1787 notatur
1484 1746 1747 1804 tamquam
1793 1737 2051 1803 delenda,
2097 1754 2205 1789 nou
2250 1746 2376 1789 eunt

112 1822 179 1856 ex
227 1819 405 1854 eorum
455 1821 680 1871 genere,
743 1821 847 1873 quo
908 1821 1006 1873 pro
1070 1804 1241 1855 obelis
1286 1804 1363 1856 uti
1410 1804 1549 1857 solet
1595 1823 1774 1857 manue
1826 1805 2171 1859 emendatrix.
2228 1807 2374 1874 Wr.)

109 1872 221 1926 Sed
256 1871 521 1924 videamus
556 1873 623 1925 de
654 1872 891 1943 singulis.
959 1878 1073 1925 Fas
1106 1872 1289 1926 obstat
1322 1874 1465 1925 haud
1501 1875 1661 1927 dubie
1708 1875 1844 1926 bene
1866 1912 1883 1939 ,
1929 1875 1986 1929 h.
2040 1893 2087 1927 e.
2136 1884 2374 1941 naturae,

107 1942 533 2010 inferorumque,
565 1943 697 1995 iura.
766 1948 880 1995 Fas
913 1952 967 1994 et
999 1946 1092 1995 ius
1123 1943 1192 1994 ad
1224 1943 1339 1995 iura
1374 1943 1550 1995 divina
1588 1954 1645 1995 et
1677 1943 1903 1997 humana
1953 1945 2143 1996 referri
2192 1955 2374 1998 notum

110 2021 230 2075 est,
265 2022 321 2062 et
353 2012 569 2080 copiose
603 2011 832 2064 illustrat
867 2012 923 2064 h.
957 2011 995 2064 l.
1033 2012 1210 2064 Heius.
1279 2015 1366 2066 Sic
1396 2012 1533 2080 legit
1565 2016 1708 2065 Serv.
1745 2032 1859 2065 cum
1911 2014 2146 2066 Donato:
2193 2014 2373 2084 sicque

105 2085 264 2134 Rom.
300 2081 435 2133 Gud.
471 2100 502 2132 a
537 2100 604 2132 m.
639 2100 721 2151 pr.
759 2085 913 2134 Voss.
959 2082 1123 2146 alter,
1171 2098 1287 2134 cum
1337 2082 1474 2133 binis
1525 2099 1555 2133 e
1609 2082 1793 2147 Goth„
1843 2083 1971 2135 item
2023 2084 2292 2136 Benedict.
2343 2102 2373 2136 e

104 2151 231 2204 cod.
264 2150 431 2203 Palat.
469 2160 524 2202 et
556 2152 681 2203 inde
716 2152 801 2203 ed.
838 2155 971 2203 lunt.
1009 2153 1106 2220 (ita
1143 2151 1299 2203 etiam
1332 2153 1385 2207 3.
1420 2153 1474 2205 6.
1522 2154 1608 2207 11.
1667 2155 1810 2218 Wr.)
1878 2149 2055 2204 Ceteri
2089 2153 2230 2224 sata
2273 2152 2374 2207 ob-

106 2232 297 2284 etant,
348 2223 486 2286 (cum
518 2220 683 2273 Palat.
728 2221 1019 2289 Ambrogii.
1074 2220 1219 2287 Wr.)
1272 2239 1335 2273 ex
1383 2219 1459 2273 lv
1507 2225 1635 2273 Aen.
1684 2221 1805 2277 440.
1876 2223 2042 2275 Porro
2089 2225 2375 2294 tristisque

99 2290 307 2360 palus,
341 2289 485 2357 quod
518 2291 727 2343 Servius
762 2291 1059 2358 improbat,
1092 2308 1159 2342 ne
1195 2291 1300 2342 duo
1336 2289 1445 2342 nint
1481 2290 1747 2359 epitheta,
1804 2290 2023 2343 exhibet
2058 2289 2281 2345 Dor'vill.
2316 2303 2375 2345 et

101 2377 226 2412 cum
261 2360 411 2410 Rom.
451 2376 574 2426 pars
610 2360 764 2411 codd.
800 2361 986 2425 Pierii,
1021 2360 1112 2432 qui
1144 2360 1280 2411 bene
1315 2369 1528 2424 mouet,
1573 2359 1932 2428 accipiendum
1969 2379 2115 2414 esse:
2160 2365 2374 2415 tristis-

99 2447 214 2500 que
239 2428 441 2500 palus,
477 2429 787 2482 inamabilis
819 2430 987 2482 unda.
1057 2430 1144 2481 Sic
1193 2447 1401 2498 quoque
1448 2429 1585 2481 Gud.
1618 2447 1650 2480 a
1682 2447 1752 2482 m.
1788 2448 1871 2497 pr.
1910 2442 1965 2482 et
1998 2450 2079 2500 pr.
2114 2433 2371 2486 Rotteud.

100 2519 133 2551 a
169 2516 241 2549 m.
278 2514 384 2550 aec.
453 2498 559 2551 Alii
595 2498 779 2551 etiam:
828 2501 1112 2569 tristisque
1185 2541 1195 2551 .
1233 2502 1270 2552 i.
1307 2499 1508 2553 undae.
1575 2499 1663 2550 Sic
1699 2499 1836 2550 Gud.
1870 2518 1902 2550 a
1938 2518 2007 2552 m.
2042 2518 2150 2553 aec.
2219 2503 2371 2553 Tau-

98 2570 229 2620 dem
263 2565 523 2620 innabilis
556 2580 677 2621 eunt
712 2569 801 2638 qui
832 2569 1012 2637 legant
1033 2588 1119 2638 ap.
1143 2518 1291 2620 q‘ier.
1328 2568 1456 2620 item
1490 2567 1666 2619 Schol.
1704 2569 1886 2621 Horat.
1940 2578 1997 2621 et
2039 2588 2122 2639 pr.
2173 2572 2367 2624 Hamb.

136 2654 207 2689 ro
244 2654 355 2689 var.
388 2636 514 2689 lect.
551 2648 606 2690 et
639 2649 748 2690 tres
783 2657 868 2707 ap.
906 2640 1101 2701 Burm.,
1140 2639 1277 2706 (cum
1311 2642 1458 2691 Serv.
1491 2637 1680 2689 Dreed.
1723 2638 1867 2705 Wr.)
1902 2638 2071 2690 minus
2110 2639 2276 2705 bene,
2312 2650 2372 2692 ut

149 2706 293 2759 eins.
326 2706 502 2760 docet.
569 2708 764 2759 Eadem
797 2708 1022 2760 varietas
1069 2710 1266 2775 Georg.
1315 2708 1407 2772 W,
1455 2707 1579 2762 479.
1621 2708 1742 2771 480,
1789 2707 1880 2758 ubi
1927 2707 1986 2759 hi
2032 2708 2137 2759 duo
2187 2726 2371 2761 versut

97 2786 407 2831 occurrunt.
479 2777 699 2829 Omnino
747 2788 962 2847 recepta
1014 2777 1170 2829 lectio
1224 2777 1365 2828 haud
1425 2776 1587 2828 dubie
1650 2775 1943 2843 elegantior
2007 2787 2106 2829 eet.
2189 2780 2371 2849 (optat

97 2852 257 2902 Rom.
302 2845 450 2912 Wr.)
590 2845 695 2902 440
729 2848 818 2899 hie
848 2850 1000 2899 Rom.
1038 2856 1094 2898 et
1141 2845 1232 2898 alii
1281 2846 1419 2898 Pier.
1476 2847 1657 2914 (etiam
1706 2845 1902 2897 Medic.
1956 2846 2099 2914 apud
2146 2847 2369 2917 Foggin.

97 2916 260 2984 Wt.)
330 2914 511 2987 infusi
541 2916 677 2969 alter
711 2918 920 2986 Menag.
1057 2916 1159 2972 441
1195 2917 1407 2969 ducum
1448 2916 1553 2968 duo
1587 2933 1672 2985 ap.
1706 2916 1878 2969 Burm.

97 3080 271 3137 bant.
362 3074 621 3139 Gravius
649 3077 737 3136 illi
767 3077 1104 3157 puniuntur
1132 3076 1199 3136 in

97 3160 319 3223 Dantia
375 3161 633 3222 Inserno.
685 3184 743 3223 v.
799 3165 968 3224 Cant.
1039 3163 1199 3223 xm.

97 3251 401 3310 ›reice-ere
445 3252 689 3307 animas
708 3293 726 3324 ,
777 3269 913 3309 cum
954 3249 1197 3325 dilectu,

97 3333 278 3415 {nasi
310 3352 438 3392 rem
466 3334 678 3410 vilem,
721 3344 796 3394 ut
833 3335 983 3395 bene
1027 3337 1199 3397 Serv.

97 3424 186 3481 {x
239 3420 353 3494 iia,
411 3439 562 3497 quae
602 3418 853 3480 laudant
898 3420 1089 3480 Cerdu
1136 3429 1200 3479 et

97 3504 411 3579 {nenium
447 3525 637 3566 uuum
670 3507 955 3566 convenit
985 3516 1201 3567 notum

97 3590 257 3655 llud
313 3590 557 3650 Ovidii:
623 3593 958 3671 Sanguinis
1017 3605 1199 3672 atque

97 3680 353 3740 mimae
370 3678 629 3756 prodige
664 3679 848 3739 Galle
878 3691 1039 3738 tuae.
1116 3678 1200 3736 At

97 3767 191 3827 ua
228 3787 247 3822 z
326 3762 534 3840 Quam
593 3765 808 3823 vellent
856 3764 1088 3824 aethere
1129 3767 1199 3822 in

97 3854 222 3911 :leo
244 3893 264 3924 ‚
322 3867 402 3906 ex
422 3858 571 3908 nota
600 3849 702 3909 illa
747 3860 810 3909 et
856 3872 890 3909 a
933 3849 1197 3909 Luciano

98 3934 409 4015 txagitata
442 3936 739 3995 sententia
777 3935 1024 3995 Achillis
1075 3936 1196 3995 du·-

97 4033 186 4084 :ta
239 4027 398 4079 sunt
444 4020 660 4101 Odyss.
709 4026 761 4094 λ,
806 4020 1193 4089 488—490.

97 4109 285 4170 nabet
333 4112 536 4165 tamen
592 4108 719 4167 vim
769 4108 968 4168 nescio
1013 4128 1196 4187 quam

100 4196 153 4257 d
241 4190 443 4252 animi
508 4191 786 4253 affectum
872 4194 1194 4254 declaratio

97 4298 242 4343 ‚aec
297 4278 749 4358 poenitentiae*
835 4279 981 4345 488.
1039 4282 1189 4339 Fas.

97 4385 224 4432 arn
263 4364 628 4426 inferorum.
666 4387 728 4426 v.
767 4366 838 4427 V.
877 4367 943 4427 L.
1033 4363 1195 4449 (Ad-

186 4468 534 4545 Vmcu..
581 4467 794 4543 Tom.
845 4466 940 4544 Π.

1262 3076 1474 3154 lig-at,
1523 3075 1745 3134 Lucan.
1790 3072 1865 3150 11,
1908 3073 2042 3140 50.:
2100 3070 2370 3150 ‚,Masea-'

1278 3169 1450 3241 geten
1510 3159 1828 3240 Scythicus
1893 3179 2018 3220 non
2077 3160 2370 3240 adliget

1279 3247 1549 3306 Ister.“
1618 3247 1743 3307 vid.
1806 3244 1892 3303 ibi
1944 3246 2106 3306 Cort.
2190 3246 2366 3330 Wr.)

1283 3334 1432 3410 Styx
1482 3334 1726 3408 novies,
1796 3328 1915 3390 hoc
1967 3340 2058 3391 est
2113 3333 2365 3412 saepius,
2434 3406 2438 3411 ὓ

1280 3417 1538 3479 flexibus
1570 3418 1693 3476 suis
1712 3436 1897 3496 regna
1925 3417 2112 3477 infera
2143 3419 2370 3479 ambire

1284 3503 1508 3584 dicitur
1524 3526 1541 3561 ε
1595 3505 1751 3563 conf.
1812 3502 2022 3581 Georg.
2076 3502 2176 3580 lv,
2221 3503 2367 3570 480.

1281 3609 1412 3669 sup.
1441 3589 1588 3655 295.
1620 3609 1680 3648 v.
1706 3590 1957 3649 Excute.
1984 3590 2089 3649 lx.

1367 3676 1496 3740 440
1551 3694 1678 3751 sqq.
1771 3674 1997 3752 Campi
2070 3674 2363 3753 lugentem

1279 3760 1535 3820 Ponitur
1564 3758 1685 3819 hoc
1722 3759 1905 3839 vulgo
1951 3760 2025 3821 ab
2063 3759 2371 3840 interpre-

1278 3846 1470 3920 tibus,
1499 3845 1701 3906 locum
1726 3844 1895 3907 hunc
1923 3859 2199 3906 amantes
2225 3856 2368 3906 tan-

1278 3942 1411 3991 tum
1443 3933 1723 4009 seminas
1762 3934 1992 4012 capere.
2076 3932 2224 3991 Inde
2266 3950 2369 3991 re-

1281 4016 1706 4099 prehensiones
1743 4027 1955 4097 poetae
1998 4027 2062 4078 et
2101 4016 2367 4077 difficul-

1279 4114 1437 4164 tates
1468 4111 1716 4163 movent
1747 4104 1891 4163 alias
1925 4122 2001 4162 ex
2031 4102 2188 4179 aliis,
2219 4121 2369 4181 qun

1283 4211 1406 4251 non
1431 4188 1665 4250 felicius
1683 4190 1907 4250 tollunt
1929 4208 2111 4267 quam
2128 4197 2369 4265 cramt3

1281 4276 1423 4336 vide
1460 4297 1519 4337 v.
1553 4296 1603 4337 c.
1631 4276 1716 4336 Io.
1759 4273 2073 4334 Schrader.
2111 4273 2191 4333 ad
2226 4273 2368 4334 Mu*

1280 4382 1486 4423 saeum
1515 4381 1576 4443 p.
1602 4365 1728 4429 288
1758 4380 1892 4441 sqq.
1980 4360 2154 4420 Certe
2178 4360 2244 4420 in
2273 4360 2368 4421 se-

1848 4458 1951 4532 58
