2882 5028
451 346 654 421 1006
1003 330 1908 411 EXCURSUS
2011 329 2100 406 11

445 540 613 592 tator
656 526 771 589 loci
814 524 1155 601 Petronius,
1192 523 1357 604 quod
1399 531 1465 582 et
1501 522 1699 603 ipsum
1733 519 2013 580 amdere
2028 521 2256 620 potuit
2297 521 2381 581 ad
2428 521 2706 594 alterum,

448 637 588 676 cum
631 613 880 673 eandem
923 619 1200 671 naturam
1248 608 1665 690 sulphurariae
1708 607 1970 685 aliaeque
2025 606 2088 666 in
2141 607 2214 666 iis
2251 608 2403 667 locis
2469 608 2710 688 spelun-

451 719 557 762 cae
617 698 895 759 babeant.
1010 696 1359 774 contagium
1415 696 1558 754 tetri
1615 693 1767 753 aeris
1823 695 1982 752 fama
2038 693 2177 752 olim
2235 694 2301 752 in
2347 695 2714 754 miraculum

451 794 706 848 auxerat
725 828 744 861 ,
800 792 875 845 ut
933 801 1074 842 aves
1116 781 1265 842 adeo
1322 780 1826 860 supervolitantes
1871 779 2104 839 foetore
2144 789 2387 838 enectus
2437 780 2714 839 decidere

453 865 874 933 ammanus·
908 867 1035 928 vid.
1078 867 1298 927 Strabo
1345 866 1417 940 V,
1457 886 1518 945 p.
1555 867 1683 930 244
1724 866 1792 924 Β.
1856 864 2021 942 quod
2067 885 2224 923 nunc
2265 866 2452 925 aliter
2503 887 2576 924 se
2618 866 2717 924 ha·

453 959 594 1019 bere
638 956 858 1015 docent
900 953 1168 1014 Breislak
1209 961 1271 1010 et
1314 952 1431 1011 alii.
1518 950 1741 1026 Colles,
1785 970 1936 1028 quos
1982 950 2272 1025 diximus,
2333 953 2546 1012 variis
2592 971 2718 1031 per-

456 1043 600 1105 fossi
641 1039 936 1122 specubus
977 1039 1104 1098 vias
1143 1036 1490 1098 babuerunt
1532 1035 1984 1113 subterraneas,
2032 1036 2380 1115 caliginosas
2432 1047 2508 1096 et
2548 1048 2724 1097 tetras

456 1127 914 1208 hospitibusque
953 1125 1300 1205 impervias,
1344 1142 1600 1202 quarum
1644 1122 1837 1196 binae,
1881 1082 1985 1180 sed
2031 1132 2092 1182 et
2134 1121 2246 1181 hae
2287 1124 2423 1184 fere
2475 1123 2725 1183 obstru-

458 1224 623 1289 ctas,
682 1220 1039 1292 supersunt,
1095 1209 1171 1271 de
1228 1209 1445 1287 quibus
1499 1208 1656 1274 infra
1698 1207 2053 1268 videbimus.
2138 1209 2330 1268 Locus
2375 1210 2584 1288 igitur
2628 1230 2727 1288 sp-

459 1300 651 1382 prima
691 1299 943 1358 idoneus
989 1295 1068 1355 ad
1110 1294 1425 1355 hominum
1467 1294 1693 1354 animos
1747 1293 2100 1376 religionum
2156 1296 2513 1356 terroribus
2570 1296 2731 1356 solli-

461 1384 754 1446 citandos.
2790 1415 2791 1462 ¹

635 1522 858 1601 Specus
902 1517 1044 1579 olim
1089 1516 1266 1578 fuisse
1307 1516 1370 1577 in
1413 1515 1509 1576 his
1549 1515 1698 1577 locis
1739 1515 1969 1595 plures,
2013 1515 2195 1575 modo
2240 1516 2568 1593 diximus,
2635 1518 2737 1577 etsi
2792 1497 2795 1586 ¹,

465 1617 666 1668 terrae
721 1605 985 1665 motibus
1041 1603 1287 1682 ipsaque
1344 1611 1537 1662 aetate
1588 1601 1764 1660 multi
1822 1610 2214 1678 corruerunt,
2282 1611 2358 1661 ut
2417 1602 2592 1663 adiri
2636 1623 2739 1663 ne-

466 1700 712 1772 queant.
798 1690 995 1750 Habet
1037 1690 1217 1749 etiam
1261 1690 1436 1748 littus
1491 1687 1646 1747 circa
1687 1686 1977 1747 Misenum
2021 1696 2222 1748 cautes
2274 1688 2515 1768 passim
2563 1710 2741 1750 exca-

466 1788 676 1852 vatas,
721 1795 868 1855 quas
910 1796 946 1835 a
987 1774 1380 1856 Lycophrone
1421 1795 1539 1833 vss.
1587 1776 2038 1839 1278-1280
2084 1777 2448 1856 Ζωστηρίου
2497 1798 2570 1839 τε
2616 1781 2742 1838 κλι-

468 1860 584 1926 τύν
623 1872 734 1921 etc.
778 1861 949 1923 innui
993 1870 1159 1940 puto.
1245 1860 1591 1921 Admodum
1613 1861 1817 1937 itaque
1848 1860 2155 1938 probabile
2187 1869 2308 1931 est,
2356 1870 2422 1920 et
2467 1861 2743 1941 opinioni

471 1948 651 2010 fidem
696 1948 845 2007 facit
900 1947 1063 2027 apud
1119 1947 1476 2006 Strabonem
1516 1946 1621 2008 lib.
1676 1943 1759 2019 V,
1810 1966 1870 2024 p.
1914 1945 2039 2008 244
2074 1947 2141 2006 D.
2185 1943 2513 2024 Ephorus,
2575 1948 2743 2007 cuius

472 2053 685 2112 magna
725 2031 844 2091 hac
884 2033 951 2091 iu
991 2051 1059 2092 re
1102 2033 1431 2092 auctoritas
1476 2040 1595 2106 est,
1650 2051 1788 2089 cum
1847 2030 1971 2109 ipse
2015 2032 2319 2090 Cumanus
2368 2031 2744 2111 diligensque

473 2120 735 2199 scriptor
777 2118 993 2193 suerit,
1037 2118 1229 2197 prisca
1281 2126 1476 2176 aetate
1521 2136 1620 2176 eas
1662 2135 1945 2176 cavernas
1987 2115 2329 2177 hominibus
2376 2137 2497 2197 pro
2544 2118 2747 2177 domi-

475 2206 588 2264 bus
630 2204 811 2262 fuisse
859 2201 1266 2290 (Troglodytis
1307 2204 1510 2281 itaque
1551 2203 1638 2261 illi
1681 2201 2091 2284 accensendi),
2159 2204 2355 2263 donec
2397 2203 2476 2263 ad
2521 2204 2744 2262 melio-

474 2309 604 2350 rem
648 2287 810 2347 vitae
858 2290 1085 2347 cultum
1126 2288 1558 2367 procederent,
1614 2285 1935 2365 natamque
1989 2287 2139 2347 hinc
2176 2308 2301 2348 esse
2347 2288 2423 2347 de
2466 2288 2737 2346 &bame-

477 2377 584 2433 riis
628 2372 890 2431 fabulam
937 2372 1152 2451 Odyss.
1195 2376 1263 2448 λ,
1309 2376 1387 2436 13
1433 2393 1592 2450 sqq.;
1646 2373 1759 2431 etsi
1801 2372 2062 2431 tenebris
2104 2374 2226 2434 illis
2274 2374 2576 2454 perpetuis
2617 2373 2733 2431 sil-

476 2477 589 2521 vae
618 2477 858 2538 quoque
893 2457 1248 2531 continuae,
1304 2458 1521 2538 quibus
1564 2459 1867 2519 convalles
1912 2460 2214 2521 montium
2264 2459 2485 2521 obsitae
2530 2468 2738 2534 eraut,

479 2546 764 2607 maiorem
807 2543 1124 2605 horrorem
1172 2543 1393 2604 addere
1435 2544 1795 2606 debuerunt.

655 2698 1121 2759 succedentibus
1163 2698 1533 2779 temporibus
1586 2699 1857 2758 locorum
1895 2707 2175 2759 naturam
2217 2698 2570 2780 superstitio
2623 2700 2753 2760 suis

484 2785 693 2847 usibus
747 2784 1260 2860 accommodavit,
1339 2794 1400 2844 et
1441 2786 1893 2862 necyomanfion
1949 2784 2031 2842 ibi
2081 2785 2427 2845 institutum
2484 2796 2611 2859 est,
2682 2796 2757 2846 ut

485 2871 691 2930 Manes
735 2872 964 2930 evocati
1007 2869 1440 2929 sciscitantibus
1497 2871 1623 2928 sata
1677 2869 2022 2948 praedicere
2065 2871 2493 2945 crederentur,
2562 2871 2755 2951 idque

488 2957 735 3016 Homeri
781 2956 981 3014 adhuc
1023 2963 1216 3013 aetate
1260 2955 1680 3014 auctoritatem
1719 2952 1967 3031 habuit,
2024 2958 2126 3034 qui
2170 2958 2440 3035 Ulyssem
2499 2976 2573 3014 ea
2619 2958 2756 3017 loca

489 3042 704 3101 adiisse
747 3050 975 3100 narrat.
1062 3042 1252 3100 Erant
1293 3041 1651 3113 sacerdotes,
1696 3041 1799 3118 qui
1842 3061 2009 3101 sacra
2052 3051 2480 3116 monstrarent,
2528 3043 2759 3120 quibus

489 3127 694 3186 Manes
748 3134 943 3185 essent
994 3126 1271 3206 placandi
1330 3124 1416 3206 (v.
1475 3125 1693 3186 Strabo
1739 3125 1820 3200 V,
1864 3148 1923 3206 p.
1968 3128 2095 3192 244
2142 3130 2215 3201 C,
2277 3128 2379 3187 ubi
2442 3127 2762 3200 εἰςὲπλεω

490 3232 708 3293 parum
755 3221 1028 3270 accurate
1074 3232 1150 3270 ex
1199 3232 1305 3270 sua
1351 3220 1541 3270 aetate
1585 3212 1800 3270 dixisse
1825 3211 2086 3290 videtur,
2136 3222 2211 3273 ut
2232 3212 2572 3272 Maximum
2609 3216 2761 3294 Tyr.

493 3298 642 3357 Diss.
686 3297 829 3356 XIV
874 3298 1134 3376 aliosque
1180 3296 1500 3377 omittam).
1588 3298 1679 3355 Ex
1722 3299 2013 3357 maiorum
2053 3299 2183 3358 vita
2224 3311 2627 3359 servaverant
2660 3322 2765 3358 sa-

494 3383 767 3441 cerdotes
815 3402 1077 3458 morem,
1137 3392 1210 3442 ut
1263 3382 1531 3462 religioni
1595 3383 1882 3442 ducerent
1921 3384 2105 3443 solem
2157 3383 2396 3459 videre,
2466 3404 2589 3444 nec
2648 3387 2767 3446 nisi

494 3476 681 3527 noctu
723 3468 1020 3545 speluncis
1062 3467 1409 3547 prodirent,
1469 3478 1543 3527 ut
1585 3468 1862 3548 Ephorus
1905 3469 2066 3548 apud
2108 3471 2459 3530 Strabonem
2499 3469 2544 3529 l.
2595 3491 2652 3531 c.
2698 3473 2765 3531 D.

497 3562 713 3612 auctor
762 3561 870 3611 est.
958 3553 1291 3634 Κερβέριον
1338 3550 1464 3615 ὑπὸ
1512 3554 1697 3634 χθονὶ
1762 3561 2046 3636 μαντεῖον
2089 3556 2154 3615 in
2208 3554 2303 3615 his
2359 3555 2509 3615 locis
2572 3559 2767 3617 etiam

497 3642 790 3719 scymnus
833 3640 1191 3699 memoravit
1230 3659 1293 3699 v.
1338 3637 1485 3703 248.

676 3773 942 3833 Tandem
987 3773 1254 3833 Manium
1297 3775 1467 3834 sedes
1508 3784 1571 3833 et
1608 3774 1720 3854 ipsi
1761 3775 1969 3850 inseri,
2028 3775 2246 3852 quibus
2288 3776 2623 3838 evocandis
2662 3800 2765 3838 sa-

503 3882 611 3921 cra
650 3861 715 3919 in
758 3858 850 3919 his
892 3859 1039 3918 locis
1079 3859 1339 3936 fiebant,
1406 3859 1509 3919 hic
1564 3879 1691 3919 esse
1732 3862 1832 3921 vel
1879 3859 2089 3920 crediti
2131 3870 2275 3921 sunt
2325 3858 2435 3939 Q
2469 3884 2506 3921 a
2562 3867 2769 3944 poetis

503 3946 755 4007 narrati.
841 3946 1009 4005 Conf.
1052 3945 1333 4005 Strabon.
1392 3946 1432 4004 l.
1479 3966 1528 4005 c.
1588 3955 1648 4006 et
1691 3946 1963 4006 Eustath.
2028 3946 2107 4005 ad
2146 3941 2368 4027 Odyss.
2403 3972 2441 4009 ιι
2482 3968 2607 4027 pr„
2661 3954 2769 4030 qui

507 4052 648 4093 eum
693 4031 1023 4111 exscripsit.
1108 4030 1383 4091 Habebat
1425 4042 1629 4091 autem
1669 4033 1941 4092 locorum
1981 4034 2133 4092 situs
2170 4043 2233 4092 et
2282 4042 2503 4093 natura
2546 4037 2769 4111 multa,

504 4136 658 4196 quae
719 4117 799 4176 ad
841 4116 1104 4177 fabulam
1160 4116 1321 4175 hanc
1373 4136 1479 4176 seu
1531 4117 1713 4178 fidem
1772 4118 2210 4179 accommodari
2268 4128 2542 4198 possent,
2610 4141 2768 4198 quae

507 4222 704 4262 unum
744 4205 809 4262 in
852 4204 1057 4263 locum
1095 4212 1376 4281 congesta
1401 4202 1633 4262 videbis
1677 4204 1840 4282 apud
1866 4203 2162 4284 Lycophr.
2206 4207 2334 4271 695
2383 4224 2511 4282 sqq.
2548 4205 2769 4265 Silium

509 4288 644 4363 ΧΠ,
696 4292 817 4352 120
859 4309 1010 4368 sqq„
1053 4288 1205 4348 sicut
1249 4289 1493 4347 omnino
1535 4290 1938 4349 vetustiorum
1979 4290 2318 4349 fabularum
2371 4309 2585 4367 magna
2626 4311 2771 4370 pan

513 4372 593 4432 ad
633 4371 876 4433 insolita
915 4375 1116 4453 aliqua
1155 4383 1410 4437 naturae
1448 4372 1893 4457 phaenomena,
1951 4375 2029 4435 ad
2070 4384 2271 4438 motus
2309 4375 2585 4458 inprimis
2626 4375 2765 4435 hia-

2434 4620 2477 4667 'Q
