2882 5028
425 326 579 401 394
1048 284 2091 395 ExcUR'snsl

426 508 722 570 trahenda
742 527 868 567 esse
903 506 1181 587 videtur,
1225 518 1298 568 ut
1338 529 1450 568 nec
1481 508 1793 570 Phormios
1832 503 2025 572 Ἰλίου
2067 504 2408 611 πόρθησις,
2459 519 2526 568 at
2572 511 2682 569 Ti-

423 595 651 656 mothei
677 588 965 696 πέρσαι“
922 619 963 675 η
1006 588 1325 669 Ναύπλιος
1354 595 1466 674 leg.
1497 595 1722 675 πυρσοὶ
1759 595 1858 654 vel
1897 590 2125 676 πυρσᾶ.
2213 594 2528 675 Sophoclis
2568 616 2684 655 au·—

424 692 548 742 tem
574 675 763 743 ’Πίου
793 675 1016 754 αλωσις
1055 700 1304 759 prorsus
1346 681 1751 741 commentitia
1788 690 1912 759 est;
1956 703 2026 762 Ρι
2029 701 2141 740 ava
2179 692 2311 741 erat
2353 683 2684 741 verborum

421 765 845 872 interpretatio
898 765 1060 845 apud
1122 767 1319 826 Str.ab
1375 768 1546 843 xm,
1601 788 1659 846 Ρ.
1701 771 1856 832 608·
1911 772 2242 847 Σοφοκλῆς
2282 771 2441 850 γοῦν
2483 767 2552 830 ἐν
2602 772 2686 853 τῇ

424 847 648 916 ἁλώσει
672 857 782 914 τοῦ
812 844 1003 913 Ἰλίου
1039 852 1397 959 παρδαλέαν
1417 851 1575 957 φησὶ
1605 847 1723 933 πρὸ
1767 857 1879 932 τῆς
1923 850 2124 934 θύρας
2162 857 2275 915 τοῦ
2316 846 2682 935 Ἀντήνορος

421 942 802 1020 προτεθῆναι
846 931 1156 1018 σύμβολον
1203 963 1308 1000 του
1355 932 1713 1020 οἷπὸρθητον
1756 937 2021 1019 ἕαθῆναι
2055 935 2170 1020 τήν
2212 938 2439 1001 οἰκίαν.
2529 939 2678 997 Nam

420 1033 717 1084 memorat
742 1023 840 1081 ille
860 1043 1022 1099 rem,
1067 1043 1219 1102 quae
1240 1025 1399 1084 inter
1424 1023 1926 1105 expugnationem
1959 1025 2047 1084 nii
2080 1023 2340 1083 evenisse
2369 1033 2679 1084 narratur.

421 1109 717 1170 Meliora
701 1129 821 1168 iam
859 1108 1041 1168 allata
1079 1119 1225 1169 sunt
1270 1110 1336 1169 in
1378 1111 1652 1170 Excursu
1694 1109 1769 1168 de
1809 1110 2115 1170 Antenoie
2155 1130 2287 1189 sup.
2335 1110 2680 1169 Exc.vl1.*

422 1196 502 1256 ad
534 1196 654 1255 libs
674 1196 717 1255 1.
766 1215 893 1254 non
938 1196 1240 1274 iungenda
1280 1215 1403 1256 esse
1445 1199 1773 1276 Σοφοκλῆς
1818 1196 1885 1259 ἐν
1921 1201 2000 1282 τῇ
2040 1191 2260 1258 ἁλώσει
2298 1199 2414 1259 τοῦ
2460 1190 2676 1270 ’Πίσῃ

420 1281 529 1341 sed
556 1285 884 1361 Σοφοκλῆς
908 1300 1092 1360 φησι,
1135 1292 1272 1341 tum
1300 1302 1436 1341 cum
1468 1282 1644 1342 Ilium
1681 1291 2031 1362 caperetur,
2080 1282 2397 1342 Antenoris
2439 1282 2679 1341 foribus

419 1366 635 1448 pellem
667 1367 913 1425 affixam
942 1367 1137 1426 fuisse.
1224 1367 1385 1426 Res
1367 1389 1497 1447 ipsa
1526 1368 1704 1426 etiam
1738 1366 1901 1448 apud
1929 1368 2180 1427 Pausan.
2214 1369 2294 1441 X,
2328 1372 2413 1431 27
2451 1368 2518 1426 in
2556 1368 2679 1426 Po-

419 1455 486 1534 l>
485 1453 654 1533 gnoti
677 1452 886 1512 tabula
921 1453 1206 1513 occurrit.
1279 1454 1560 1534 Exposita
1595 1473 1662 1512 ea
1695 1473 1820 1512 esse
1857 1454 2055 1535 potuit
2096 1454 2159 1513 in
2203 1453 2404 1512 sabula
2430 1451 2677 1533 Sopho-

420 1540 548 1599 clea
575 1534 1019 1620 Ἀντηνορίδαι,
1065 1539 1280 1619 passim
1308 1560 1341 1598 a
1371 1539 1678 1599 veteribus
1719 1539 1995 1615 laudata,
2039 1559 2190 1619 quae
2221 1539 2299 1597 ad
2347 1558 2480 1598 eam
2525 1559 2676 1598 nar-

419 1625 717 1685 rationem
774 1624 1050 1684 instituta
1106 1625 1285 1684 fuisse
1329 1624 1604 1701 videtur,
1676 1646 1855 1705 quam
1898 1626 2102 1705 Dictys
2144 1625 2424 1704 exposuit
2469 1626 2573 1685 lib.
2622 1624 2676 1684 V

419 1721 603 1786 extr„
649 1731 785 1770 cum
821 1710 1112 1770 Antenori
1142 1731 1390 1790 regnum
1422 1712 1750 1772 Troianum
1778 1731 1855 1771 ex
1883 1720 2060 1792 pacto
2104 1731 2242 1771 cum
2282 1712 2524 1771 Graecis
2566 1729 2674 1771 re-

417 1798 628 1857 lictum
658 1798 732 1856 ab
763 1796 959 1855 Aenea
986 1797 1211 1856 frustra
1235 1807 1528 1857 tentatur.

589 1884 708 1942 Sed
734 1883 852 1941 iam
878 1882 1113 1942 dudum
1141 1903 1381 1962 possum
1407 1883 1604 1943 videri
1641 1881 1694 1942 si
1737 1902 1861 1942 non
1899 1882 2097 1956 inani,
2153 1882 2343 1942 aliena
2382 1891 2592 1942 tamen
2638 1904 2674 1942 a

414 1978 624 2050 poeta,
670 1988 850 2049 opera
878 1969 1194 2028 defunctus
1221 1988 1377 2046 esse,
1409 1969 1702 2048 siquidem
1731 1968 2200 2028 luculentissimo
2231 1968 2518 2028 Macrobii
2544 1972 2673 2028 Sat.

419 2057 489 2130 V,
522 2060 562 2118 2
590 2055 723 2114 loco
753 2055 892 2113 satis
917 2055 1036 2113 iam
1065 2054 1406 2134 expositum
1433 2064 1554 2130 est,
1598 2074 1777 2133 quem
1804 2054 2087 2133 Virgilius
2112 2055 2176 2114 in
2213 2052 2331 2113 hoc
2357 2055 2516 2114 libro
2559 2055 2671 2114 sibi

414 2142 790 2222 propositum
832 2140 1137 2214 habuerit:
1196 2141 1334 2216 „vel
1375 2141 1542 2219 quod
1582 2141 1950 2200 eversionem
2000 2140 2216 2198 Troiae
2263 2160 2398 2198 cum
2444 2141 2674 2200 Sinone

412 2248 564 2303 „suo
608 2236 666 2285 et
705 2245 858 2304 equo
893 2226 1086 2305 ligneo
1129 2227 1459 2304 ceterisque
1500 2226 1808 2304 omnibus,
1877 2246 2030 2304 quae
2072 2226 2292 2284 librum
2336 2226 2675 2286 secundum

414 2314 688 2388 „faciunt
701 2357 717 2387 ,
764 2333 799 2370 a
822 2313 1131 2370 Pisandm
1170 2331 1356 2391 paene
1393 2313 1473 2371 ad
1515 2313 1769 2372 verbum
1806 2311 2325 2390 transscripserit?
2370 2313 2475 2389 qui
2506 2312 2674 2372 inter

413 2401 713 2475 „Graecos
738 2407 947 2478 poetas
983 2399 1204 2456 eminet
1248 2418 1456 2477 opere,
1512 2397 1712 2476 quod,
1770 2418 1805 2455 a
1844 2398 2071 2476 nuptiis
2113 2397 2270 2456 Iovis
2316 2406 2377 2456 et
2417 2397 2674 2457 Iunonis

413 2484 769 2565 „incipiens,
809 2485 1121 2544 universas
1147 2481 1460 2560 historias,
1507 2504 1658 2563 quae
1697 2483 1911 2543 mediis
1949 2483 2226 2544 omnibus
2263 2483 2514 2544 saeculis
2557 2503 2672 2543 us-

412 2592 568 2649 „que
594 2572 672 2630 ad
697 2581 952 2630 aetatem
982 2564 1165 2651 ipsius
1198 2570 1469 2629 Pisandri
1503 2572 1917 2650 contigerunt,
1960 2571 2023 2629 in
2067 2590 2248 2629 unam
2277 2571 2486 2630 seriem
2517 2590 2670 2630 coa-—

412 2668 581 2734 „ctas
602 2657 900 2736 redegerit
925 2667 986 2716 et
1016 2677 1209 2717 unum
1250 2676 1325 2715 ex
1357 2656 1607 2716 diversis
1636 2655 1901 2716 hiatibus
1930 2653 2015 2737 (h.
2044 2675 2093 2716 e.
2123 2656 2492 2732 intervallis3
2541 2658 2671 2716 noli

410 2753 713 2822 „tentat-e,
769 2741 1090 2826 tractibus)
1151 2751 1495 2822 temporum
1555 2763 1776 2823 corpus
1830 2742 2106 2801 effecerit.
2196 2742 2261 2800 ln
2322 2762 2443 2822 quo
2484 2761 2672 2822 opere

408 2832 610 2908 „inter
636 2830 912 2889 historias
938 2838 1165 2888 ceteras
1187 2828 1470 2888 interitus
1496 2848 1733 2907 quoque
1763 2829 1976 2887 Troiae
2003 2832 2070 2887 in
2094 2826 2258 2886 hune
2283 2828 2532 2887 modum
2559 2848 2672 2887 re-

408 2917 608 2995 „latus
641 2926 748 2976 est.
834 2916 1006 2990 Quae
1034 2915 1294 2975 fideliter
1328 2915 1498 2974 Maro
1542 2914 2000 2995 interpretando
2035 2913 2363 2973 fabricatus
2407 2925 2500 2973 est
2553 2916 2671 2975 sibi

409 3005 660 3079 „Iliacae
690 3002 857 3062 urbis
883 3002 1141 3060 ruinam.
1229 3000 1349 3060 Sed
1382 3010 1444 3059 et
1470 2999 1620 3061 haec
1651 3010 1711 3058 et
1738 3001 1879 3059 talia
1917 2996 2155 3081 (nempe
2203 3000 2449 3059 omnino
2493 3002 2669 3078 quod

408 3090 730 3167 „Virgilius
760 3088 1018 3146 Graecos
1061 3096 1270 3165 poetas
1303 3087 1574 3145 imitatus
1614 3084 1716 3167 sit)
1758 3094 1830 3145 ut
1868 3084 2074 3166 pueris
2113 3085 2433 3145 decantata
2477 3107 2669 3166 prae-

407 3178 672 3249 „tereo.“
756 3172 1067 3232 Praeclara
1094 3172 1395 3246 narratio,
1441 3182 1504 3231 et
1543 3172 1605 3230 in
1634 3192 1752 3250 qua
1795 3172 2008 3231 vellem
2063 3172 2434 3249 acquiescere
2469 3193 2666 3252 posse.

405 3259 524 3319 Sed
581 3258 961 3339 dispiciamus
1016 3276 1145 3314 eam
1197 3258 1565 3333 accuratius,
1623 3268 1684 3317 et
1730 3258 1995 3336 primum
2040 3256 2285 3335 quidem
2335 3258 2665 3332 videamus,

405 3346 677 3425 quisnam
711 3344 810 3403 ille
838 3343 1174 3415 Pasanda,
1226 3353 1288 3401 et
1314 3344 1488 3421 quale
1513 3342 1631 3401 hoc
1655 3344 1780 3402 eius
1812 3363 1965 3423 opus
1988 3343 2194 3405 fuerit.

575 3433 807 3490 Nomen
863 3428 1018 3488 illud
1053 3448 1163 3509 per
1211 3428 1333 3488 duo
1380 3430 1642 3488 maxime
1687 3429 1972 3488 inclaruit
2020 3438 2250 3508 poetas.
2333 3429 2501 3488 Alter
2547 3430 2668 3489 fuit

404 3517 624 3592 serior,
668 3520 792 3578 τῶν
826 3513 1141 3597 Ἡρωῖκοῖν
1174 3519 1530 3595 θεογαμιῶν
1574 3526 1825 3589 auctor,
1881 3515 1957 3574 de
2009 3535 2130 3592 quo
2176 3523 2383 3594 postea
2430 3515 2668 3591 dicam3

405 3603 557 3662 alter
601 3602 884 3681 antiquus
920 3610 1097 3679 poeta
1145 3601 1465 3676 Pisander,
1531 3601 1638 3679 qui
1684 3600 1842 3660 circa
1882 3601 2152 3659 XXXIII
2195 3600 2436 3681 Olymp.
2478 3603 2665 3677 vixit,

402 3709 766 3767 quamquam
797 3686 897 3746 alii
925 3686 1188 3746 Hesiodo
1231 3687 1632 3764 antiquiorem
1675 3696 1738 3744 et
1775 3687 2072 3766 Eumolpo
2110 3688 2418 3766 aequalem
2461 3688 2664 3747 tradi-

403 3775 660 3849 derunt,
704 3773 942 3833 Camiro
972 3771 1171 3832 Rhodi
1207 3772 1535 3845 oriundus,
1579 3774 1917 3837 Heracleae
1952 3773 2096 3833 libb.
2127 3772 2178 3832 11
2217 3782 2467 3849 auctor,
2511 3773 2576 3835 h.
2605 3792 2657 3833 e,

400 3862 677 3920 carminis
707 3860 782 3919 de
823 3860 1002 3919 rebus
1048 3859 1123 3917 ab
1170 3858 1427 3919 Hercule
1464 3859 1675 3938 gestis,
1734 3858 1907 3918 cuius
1946 3880 2072 3918 non
2112 3858 2460 3937 infrequens
2500 3861 2664 3920 inter

400 3946 835 4006 Grammaticos
871 3946 1116 4004 mentio.
1204 3946 1429 4004 Diserte
1479 3944 1554 4002 de
1599 3964 1669 4005 eo
1707 3943 1830 4017 agit
1866 3944 2100 4004 Suidas.
2167 3945 2242 4004 cs.
2283 3946 2533 4006 Kuster.
2584 3946 2662 4005 ad

397 4053 447 4093 e.
474 4033 514 4093 L
541 4032 760 4092 Meurs.
787 4032 851 4090 in
878 4029 1100 4089 Rhodo
1131 4030 1205 4105 11,
1236 4036 1335 4094 11.
1381 4034 1616 4090 Staver.
1645 4040 1707 4088 et
1736 4029 2047 4090 Muncker.
2066 4029 2144 4089 ad
2167 4030 2387 4113 Hygin.
2412 4032 2661 4092 Astron

395 4118 497 4185 24.
540 4120 871 4179 Burmann.
900 4118 1029 4175 Sec.
1070 4115 1149 4174 ad
1181 4115 1782 4191 Vales.Emend.1V‚
1834 4115 1933 4192 14,
1973 4116 2079 4194 qui
2127 4116 2403 4178 Pisandri
2440 4138 2660 4179 nomen

395 4206 702 4286 praeclare
766 4202 1058 4263 adversus
1123 4201 1515 4262 substitutum
1561 4160 1899 4282 'lerpaiidri
1953 4211 2199 4279 tuetur,
2257 4215 2320 4264 et
2360 4205 2661 4286 Koppiers

396 4293 565 4353 Obss.
600 4312 654 4372 p.
689 4294 831 4355 110.
929 4287 1200 4347 Tertium
1240 4287 1484 4365 quidem
1522 4289 1781 4367 aliquem
1822 4287 2180 4348 Pisandrum
2226 4300 2470 4371 poetam
2517 4291 2660 4351 facit

396 4379 585 4439 Vales.
623 4378 701 4438 ad
730 4373 990 4457 Hesych.
1031 4373 1097 4433 in
1148 4377 1321 4449 Νοῦς
1366 4397 1441 4437 ου
1481 4371 1646 4458 παραὶ
1694 4368 2096 4457 Κενταύροις,
2141 4383 2202 4433 et
2247 4398 2387 4438 cum
2433 4397 2506 4437 eo
2542 4377 2659 4436 alii.
