2882 5028
548 312 698 387 852

634 500 824 560 Etiam
840 498 957 558 hoc
971 499 1298 579 episodium
1313 498 1452 558 libri
1467 498 1623 557 sexti

546 586 621 646 ab
679 585 1009 664 argumenti
1063 585 1338 644 Aeneidis
1391 604 1619 642 summa

548 673 834 745 alienum,
877 670 1077 749 paullo
1109 671 1337 748 longius
1367 672 1619 749 petitum

548 767 609 817 et
667 760 731 815 in
788 776 997 834 magna
1058 757 1351 815 suavitate
1420 765 1619 814 tamen

546 842 902 903 narrationis
934 849 1025 916 et,
1064 862 1243 919 quam
1277 842 1378 899 illa
1422 840 1619 913 habet,

546 925 953 989 delectationis
980 947 1219 986 cursum
1247 926 1465 1000 sistere,
1503 927 1620 983 im·-

544 1022 752 1095 petum
797 1011 1101 1088 inhibere,
1181 1012 1432 1072 Homius
1477 1031 1620 1069 cen-

546 1100 730 1160 sebat.
814 1098 946 1158 Hoc
973 1119 1117 1157 vero
1150 1108 1240 1156 est
1277 1107 1515 1177 poetam
1558 1096 1618 1153 in

547 1185 818 1244 ordinem
861 1202 1067 1261 cogere
1094 1228 1110 1258 ‚
1192 1182 1268 1241 ad
1319 1183 1619 1241 annalium

545 1270 863 1330 formulam
918 1288 1234 1343 revocare,
1296 1277 1357 1326 et
1416 1286 1622 1326 omnes

545 1355 765 1435 ingenii
828 1354 986 1414 vires
1066 1355 1402 1432 infringere.
1519 1354 1623 1411 Est

546 1443 705 1500 enim
738 1440 855 1500 hoc
884 1441 1044 1499 inter
1068 1450 1275 1519 poetae
1322 1438 1471 1519 epici
1517 1458 1622 1496 ar-

546 1527 765 1601 tificia,
809 1546 944 1584 cum
969 1526 1032 1584 in
1066 1546 1185 1584 una
1231 1525 1462 1583 actione
1512 1524 1622 1582 de-

545 1611 805 1672 texenda
866 1630 1103 1670 carmen
1160 1611 1392 1689 epicum
1450 1629 1623 1669 coer-

546 1709 791 1773 ceatur,
851 1706 920 1755 ut
950 1740 966 1771 ‚
1031 1697 1348 1754 variandae
1408 1715 1621 1754 narra-

545 1785 724 1843 tionis
790 1782 1238 1862 depellendique
1314 1780 1622 1840 subeuntis

546 1868 769 1930 fastidii
814 1888 1061 1942 caussa,
1135 1867 1214 1925 ad
1265 1867 1379 1925 alia
1440 1886 1622 1925 orna-

546 1965 779 2029 menta,
824 1954 998 2012 etiam
1030 1952 1106 2012 ad
1136 1953 1385 2011 seriores
1421 1951 1621 2010 histo-

543 2043 679 2115 rias,
715 2038 1052 2097 descendat.
1138 2038 1397 2097 Maronis
1421 2047 1621 2096 autem

545 2146 674 2185 mos
703 2125 800 2184 ille
833 2133 922 2183 est
950 2134 1297 2203 perpetuus,
1340 2132 1430 2199 ut,
1475 2123 1621 2181 dum

544 2211 860 2269 miratione
883 2228 1087 2267 rerum
1116 2230 1408 2268 novarum
1436 2217 1498 2266 et
1522 2209 1623 2266 in-

543 2296 854 2355 solitarum
881 2294 1105 2352 animos
1129 2294 1500 2353 audientium
1527 2302 1623 2352 te-

545 2389 715 2455 neat,
757 2380 1072 2453 vaticinia,
1129 2381 1388 2453 somnia,
1447 2378 1623 2437 etiam

545 2475 926 2528 mortuorum
978 2485 1261 2544 responsa
1288 2509 1304 2541 ,
1380 2465 1622 2545 suturae

544 2553 765 2614 subolis
808 2571 1118 2611 recensum
1179 2553 1240 2611 in
1292 2551 1624 2610 subsidium

546 2639 839 2698 adhibeat.
907 2638 1108 2714 Neque
1139 2656 1282 2696 vero
1307 2645 1432 2695 tam
1460 2637 1623 2696 otio-

546 2746 678 2786 sum
715 2733 804 2784 est
842 2723 1195 2803 episodium,
1241 2742 1420 2800 quam
1470 2721 1624 2780 alte-

544 2832 683 2873 rum
733 2810 932 2889 paullo
990 2819 1129 2868 ante
1183 2809 1258 2868 de
1313 2807 1623 2867 Palinuro:

548 2918 685 2957 nam
713 2896 932 2975 inipso
976 2895 1055 2954 ad
1092 2895 1321 2953 Italiam
1363 2913 1620 2966 accessu,

550 2982 625 3041 de
664 3001 868 3040 rerum
919 2988 1137 3040 eventu
1176 2979 1241 3038 in
1285 2999 1446 3038 nova
1484 2979 1621 3038 sede

549 3066 833 3147 capienda
850 3066 1130 3145 Sibyllam
1148 3065 1472 3140 consulere,
1499 3085 1624 3124 non

546 3153 818 3232 ineptum
858 3161 1021 3228 erat3
1063 3169 1315 3228 cumque
1353 3151 1458 3210 illa
1493 3150 1623 3210 An-

551 3237 756 3297 chisen
810 3237 876 3296 in
930 3237 1134 3296 inferis
1192 3236 1625 3295 consulendum

549 3342 671 3382 esse
712 3323 936 3381 diceret
959 3367 976 3398 ,
1050 3341 1286 3380 necesse
1339 3331 1469 3381 erat
1519 3340 1625 3381 re-

549 3429 766 3488 sponso
821 3407 1248 3488 obtemperare.
1331 3407 1626 3466 A'nimad-

549 3493 908 3554 vertendum
948 3514 1130 3572 porro
1178 3501 1269 3552 est
1292 3537 1310 3569 ,
1363 3492 1627 3572 primum

553 3578 783 3637 Aeneae
825 3579 903 3637 ad
945 3580 1176 3638 Italiam
1223 3578 1455 3638 aditum
1510 3577 1627 3637 hac

552 3666 896 3725 narratione
928 3664 1233 3743 dignitatis
1258 3673 1319 3723 et
1345 3664 1627 3724 maiesta-

553 3753 630 3810 tis
646 3750 949 3828 religiosae
973 3751 1097 3809 vim
1120 3758 1182 3808 et
1205 3749 1496 3809 honorem
1522 3771 1627 3809 ac-

555 3836 780 3916 cipere3
821 3854 935 3893 nec
962 3835 1218 3894 alienum
1251 3837 1339 3899 ab.
1353 3835 1626 3895 Aeneidis

557 3929 905 4000 argumento
928 3921 1290 3998 posteritatis
1315 3941 1627 3981 recensum

557 4008 765 4068 haberi
799 4024 1008 4086 posse3
1067 4005 1352 4084 inprimis*
1375 4027 1454 4065 ex
1497 4008 1626 4066 Ro-

559 4112 906 4163 manorum,
949 4091 1164 4167 quibus
1198 4111 1368 4150 suam
1407 4091 1627 4150 Aenei-

562 4181 696 4239 dem
733 4177 1027 4240 condebat
1061 4185 1270 4256 poeta,
1311 4177 1521 4235 animis
1565 4185 1629 4235 et

1027 312 1109 384 P.
1162 307 1687 383 v1RG1L11
1739 301 2283 422 MARole

1700 497 1953 558 iudiciis.
2074 497 2370 558 Videntur
2445 493 2689 555 utilitates

1704 582 1880 643 huius
1904 584 2138 643 inventi
2152 629 2167 660 ‚
2210 582 2490 641 avocandi
2510 581 2691 639 lectore

1705 669 1781 727 ad
1808 689 1903 727 res
1929 670 2161 738 inferas,
2190 669 2435 727 sensisse
2462 666 2571 741 alii3
2604 685 2690 722 uam

1702 753 1976 816 videmus
2007 800 2023 831 ‚
2099 753 2345 814 Homeri
2393 753 2456 812 in
2504 753 2690 830 odyssea

1704 841 2006 920 exemplo,
2051 841 2294 919 Necyias
2329 859 2366 897 a
2404 838 2581 897 multis
2606 856 2691 915 pas-

1705 927 1812 984 sim
1838 926 2029 1006 poetis
2057 927 2233 1005 epicis
2264 943 2389 983 esse
2433 925 2691 1001 frequenta-

1706 1020 1827 1088 tas3
1868 1012 2023 1070 cons.
2045 1012 2147 1071 ins.
2178 1013 2427 1069 Excurs.
2458 1010 2508 1085 15
2546 1008 2690 1066 debem

1704 1098 1860 1155 enim
1928 1097 2039 1154 hae
2117 1096 2482 1155 narrationes
2545 1092 2690 1152 haben

1705 1203 1973 1261 magnam
2018 1182 2135 1241 vim
2179 1180 2257 1240 ad
2310 1181 2527 1240 animos
2572 1178 2690 1237 mira-

1701 1288 1838 1328 rum
1860 1288 2062 1327 rerum
2086 1269 2276 1348 specie
2303 1266 2586 1326 tenendos.
2630 1262 2690 1318 Vt·

1706 1354 1797 1412 dit
1836 1363 2139 1432 praeterea
2162 1353 2476 1432 Virgilius,
2514 1370 2602 1431 pro
2627 1345 2690 1406 he·

1701 1440 1941 1512 roibus‚
1985 1459 2133 1515 quos
2174 1439 2475 1497 Homerus
2514 1450 2692 1494 comm

1704 1534 1932 1599 morat,
1977 1544 2037 1582 se
2066 1524 2391 1583 Platonicis
2436 1518 2692 1580 commenti·

1709 1606 1783 1670 de
1831 1610 2135 1668 animabus
2161 1654 2177 1684 ,
2253 1621 2561 1685 antequam
2599 1605 2691 1663 huc

1704 1696 1894 1756 vitam
1922 1695 2215 1773 ingressae
2252 1695 2394 1769 sint,
2419 1694 2479 1751 in
2505 1692 2597 1750 alio
2617 1690 2691 1747 Ιοοο

1706 1780 2077 1860 degentibus,
2122 1780 2438 1840 commode
2464 1780 2542 1839 uti
2577 1792 2691 1855 pm,

1704 1877 1777 1926 ut
1819 1867 2047 1925 Aeneae
2087 1876 2363 1946 posteros
2420 1874 2476 1923 et
2516 1883 2594 1923 res
2620 1861 2692 1916 Ro·

1705 1973 1907 2012 manas
1962 1952 2209 2012 carmini
2264 1955 2564 2011 intexeret.
2626 1944 2694 2002 Ne-
2751 1944 2752 1996 Ῑ

1704 2058 1818 2115 que
1859 2057 2006 2097 vero
2051 2035 2234 2113 nihil,
2291 2037 2457 2114 quod
2501 2035 2569 2092 ad
2595 2031 2695 2089 hunt

1706 2124 2049 2182 descensum
2114 2122 2193 2181 ad
2249 2123 2471 2181 inferos
2516 2120 2696 2179 duceret

1707 2221 1810 2268 aut
1854 2210 1979 2266 eius
2014 2208 2488 2288 expectationem
2535 2208 2695 2264 sat-mk

1707 2295 2033 2353 antecessit.
2130 2292 2359 2352 Anhon
2411 2289 2696 2351 meminimus

1707 2380 1780 2438 ab
1813 2379 2098 2438 Anchisae
2121 2379 2343 2438 umbra
2361 2378 2515 2439 bunc
2529 2378 2696 2436 desem-

1706 2486 1837 2525 sum
1868 2466 1992 2525 filio
2018 2465 2198 2524 fuisse
2244 2465 2524 2524 mandato
2546 2471 2595 2520 et
2615 2476 2695 2516 mo·

1708 2554 1843 2611 nitu
1864 2553 2196 2611 iniunctum
2218 2552 2347 2626 (nb.
2367 2538 2695 2625 v,731sqq·)³

1708 2648 1770 2696 et
1813 2637 2003 2696 multo
2046 2646 2182 2695 ante
2221 2637 2345 2695 iam
2387 2634 2575 2696 Heleni
2615 2646 2694 2686 m·

1706 2724 1840 2782 nitu
1877 2722 1979 2781 lib.
2026 2722 2124 2797 ΙΙΙ,
2194 2721 2320 2786 441
2381 2721 2538 2800 sqq.‘l
2604 2716 2693 2773 eus

1705 2817 1905 2867 autem
1932 2816 2127 2868 totum
2155 2826 2372 2887 poema
2402 2819 2461 2867 et
2481 2796 2693 2883 dignitati*

1705 2894 1902 2972 epicae
1940 2895 2276 2972 plurimum
2317 2903 2380 2952 et
2438 2891 2622 2970 gratiae
2656 2897 2692 2936 Ε

1707 2979 2113 3038 delectationis
2179 2998 2258 3037 ex
2319 2977 2591 3038 vaticiniis
2628 2969 2693 3026 111-

1704 3067 1872 3125 beat:
1928 3084 2111 3142 quae,
2168 3074 2244 3123 ut
2293 3065 2408 3124 alio
2445 3064 2562 3121 loco
2596 3053 2695 3137 (113¹-

1707 3151 1857 3228 quis.
1886 3171 1931 3209 s.
1963 3150 2044 3209 VI
2072 3149 2146 3209 de
2174 3170 2298 3209 rer.
2327 3149 2389 3208 in
2420 3148 2552 3207 Aen.
2579 3146 2693 3202 md.

1705 3233 2075 3316 inventione)
2118 3244 2209 3294 est
2251 3235 2625 3300 observatum,
2651 3220 2694 3278 1)

1709 3321 2148 3381 obscurioribus
2221 3321 2548 3397 ambagibus
2602 3329 2695 3392 ΡΝ·

1707 3426 1902 3486 gressa
1931 3427 2076 3464 mox
2105 3406 2183 3464 ad
2208 3405 2516 3464 disertiora
2542 3411 2592 3459 et
2616 3395 2693 3453 ὰ·

1705 3513 1869 3552 nora
1919 3511 1935 3550 ε

1705 3587 1881 3637 ratur
1927 3599 1935 3631 ε

1708 3665 1935 3722 animus
2665 3731 2674 3742 ι

1704 3749 1874 3809 Latio
1916 3767 2201 3808 eventum
2249 3748 2568 3817 nanituras,
2614 3753 2690 3815 μ’

1708 3855 1875 3894 mum
1916 3834 2173 3912 Sibyllae
2213 3851 2518 3911 responso,
2575 3844 2623 3883 v·
2645 3820 2691 3879 5⁴

1710 3924 1922 3994 —97,
1977 3929 2112 3979 tum
2162 3916 2449 3978 Anchisae
2499 3908 2690 3974 oration*

1710 4014 1773 4063 et
1837 4024 2086 4065 recensu
2160 4005 2480 4064 anisnarum
2508 4042 2525 4072 ,
2596 4000 2691 4068 φ’

1708 4111 1853 4149 mox
1929 4091 2233 4170 progenies
2314 4090 2527 4148 Aeneae
2595 4078 2691 4135 Μ

1706 4177 1928 4236 futura.
