2882 5028
384 280 396 292 ¹
509 340 600 409 ιο
1093 331 2022 423 DISQUISITIO
2128 333 2164 406 1

501 517 646 594 cile
700 516 1250 617 unusquisque
1313 518 1678 594 carminis
1737 520 2130 620 interpres
2160 525 2259 616 *).
2368 516 2750 617 Voluptas

499 634 768 699 autem
808 619 1031 695 aliter
1060 645 1151 695 ex
1175 634 1476 717 nostro,
1532 622 1754 699 aliter
1782 648 1871 698 ex
1896 627 2453 701 Romanorum
2485 645 2748 715 sensu,

501 725 790 826 quibus
818 723 952 799 ille
981 724 1408 819 scribebat,
1468 738 1586 800 est
1621 726 2143 803 diiudicanda.
2248 728 2427 826 lpse
2473 749 2750 800 rerum

497 842 986 904 narratarum
1017 852 1262 903 nexus
1298 852 1480 903 cum
1507 816 1748 905 rebus
1774 831 2192 925 RomaniS,
2248 829 2527 904 animis
2569 828 2748 928 qui-

498 931 689 1009 dem
731 931 1115 1006 revocatis
1156 930 1256 1006 ad
1302 957 1578 1008 earum
1616 934 1959 1031 origines
2006 946 2085 1010 et
2128 890 2228 1007 aii
2266 933 2522 1030 gentis
2567 932 2745 1006 stir-

495 1059 675 1136 pes:
729 1034 967 1110 altera
1002 1060 1093 1109 ex
1118 1048 1342 1136 parte
1377 1036 1729 1113 subiecta
1770 1051 2178 1137 tamquam
2221 1032 2522 1111 fundus
2562 1060 2746 1109 nar-

495 1139 696 1215 ratio
758 1138 1218 1234 Homerica,
1310 1139 1433 1220 cui
1492 1153 1798 1239 partem
1861 1140 2224 1216 carminis
2275 1140 2394 1215 sui
2464 1162 2745 1239 super-

495 1255 869 1338 strueret,
925 1240 1168 1318 altera
1208 1267 1299 1318 ex
1342 1243 1803 1343 antiquitate
1836 1243 2103 1319 ltaliae
2138 1243 2416 1343 petita:
2476 1267 2633 1343 qua
2667 1254 2749 1317 et

497 1347 561 1421 is
604 1344 1175 1440 delectabatur,
1251 1347 1387 1446 qui
1437 1350 1773 1422 Graecas
1822 1347 2117 1423 litteras
2170 1346 2589 1441 didicerat,
2666 1358 2748 1420 et

494 1450 560 1524 is
597 1451 733 1551 qui
767 1448 1046 1525 Italicis
1077 1449 1533 1528 tenebatur.
1588 1449 1783 1526 haec
1812 1451 2119 1545 omnia,
2175 1462 2553 1550 quantam
2599 1473 2744 1523 vo-

493 1552 882 1676 luptatem
928 1550 1220 1629 afferre
1254 1555 1607 1630 Maronis
1644 1553 2159 1655 popularibus
2206 1566 2421 1629 certe
2453 1551 2743 1627 saeculi

494 1658 868 1754 Augustei
901 1656 1294 1741 debuere·

697 1764 864 1839 VII.
921 1766 1205 1838 Rerum
1235 1760 1566 1862 quidem
1593 1767 2191 1836 inveniendarum
2228 1759 2550 1835 laudem
2573 1759 2744 1837 Vir-

491 1862 716 1961 gilius
759 1863 1003 1939 habet
1048 1863 1492 1939 admodum
1542 1863 1932 1939 diversam
1988 1863 2084 1938 ab
2134 1868 2535 1957 Homero,
2591 1887 2744 1938 nec

489 1981 761 2042 tamen
809 1966 1111 2043 nullam
1153 1972 1285 2042 aut
1337 1967 2032 2045 contemnendam.
2139 1967 2284 2042 Hic
2329 1967 2743 2041 materiam

489 2083 763 2147 nactus
808 2085 975 2147 erat
1014 2083 1321 2146 tantum
1364 2094 1531 2152 non
1587 2070 1917 2162 rudem;
1987 2070 2117 2146 ille
2169 2072 2325 2146 iam
2386 2097 2427 2147 a
2470 2070 2744 2144 multis

488 2186 915 2253 tractatam.
1037 2178 1440 2250 Homerus
1484 2171 1777 2249 famam
1835 2187 2279 2274 acceperat,
2366 2198 2569 2275 quae
2612 2197 2743 2248 res

488 2290 898 2377 tamquam
941 2303 1130 2354 vere
1174 2291 1429 2374 gestas
1475 2302 1659 2352 cum
1723 2276 1889 2353 fide
1938 2291 2325 2369 narraret3
2412 2277 2739 2353 easdem

484 2379 931 2457 multorum
989 2394 1413 2481 poetarum
1487 2382 1821 2479 ingeniis
1894 2395 2205 2455 ornatas
2261 2395 2341 2456 et
2398 2382 2742 2471 variataS,

486 2498 894 2584 tamquam
966 2485 1427 2581 materiem,
1504 2486 1587 2560 in
1663 2510 1818 2586 qua
1878 2484 1989 2561 illi
2047 2509 2134 2561 se
2204 2497 2741 2581 exercuerant,

485 2588 853 2686 Virgilius
885 2589 1181 2689 accipit,
1234 2613 1450 2663 novo
1481 2613 1713 2664 more
1742 2614 1828 2664 ac
1859 2589 2190 2664 consilio
2227 2587 2740 2684 tractandam,

486 2691 629 2767 alia
668 2704 943 2780 aetate,
999 2693 1209 2767 inter
1236 2692 1429 2768 alios
1469 2692 1867 2789 homines,
1919 2692 2510 2794 hominumque
2554 2717 2741 2768 sen-

484 2821 615 2872 sus
647 2808 727 2871 et
764 2795 1048 2871 iudicia
1080 2796 1402 2875 diversa.
1496 2795 1858 2873 Alterum
1890 2821 2072 2871 cum
2107 2821 2206 2871 eo
2250 2820 2739 2896 comparem,

486 2900 624 3000 qui
655 2924 887 2976 verae
925 2899 1298 2974 historiae
1336 2902 1935 2976 exornationem
1985 2901 2340 3000 suscipit,
2394 2899 2737 2975 alterum

485 3027 671 3078 cum
716 3000 1067 3078 Milesiae
1116 3003 1583 3078 narrationis
1632 3016 1975 3081 auctore.
2086 3002 2399 3079 Scilicet
2440 3008 2738 3078 Home-

482 3130 617 3182 rus
648 3105 730 3181 id
768 3106 1077 3203 agebat,
1128 3119 1219 3181 ut
1254 3108 1793 3184 narrationem
1836 3108 2283 3183 institueret
2319 3108 2435 3182 rei
2467 3132 2559 3182 ex
2596 3132 2735 3182 sua

648 3416 705 3498 ¹'¹)
750 3419 1032 3500 Egregius
1063 3429 1155 3478 est
1196 3418 1275 3479 ad
1319 3418 1503 3479 animi
1544 3421 1660 3481 mei
1701 3419 2053 3481 sententiam
2105 3417 2525 3480 declarandam
2568 3419 2735 3479 locus

476 3503 731 3562 Buconis
761 3504 833 3563 de
869 3526 1061 3586 augm.
1089 3504 1338 3564 Scientt.
1374 3505 1475 3565 lib.
1525 3507 1596 3582 11,
1642 3528 1692 3566 c.
1738 3511 1836 3583 13,
1880 3527 1939 3584 p.
1976 3508 2079 3569 80.
2122 3505 2277 3584 Opp.
2309 3505 2431 3563 Τ.Ι
2473 3525 2593 3564 non
2632 3526 2735 3565 re-

476 3587 940 3670 prehendendus
972 3592 1103 3666 ille,
1146 3591 1196 3650 si
1227 3591 1306 3650 ad
1327 3592 1555 3671 epicam
1584 3592 1791 3671 poesin
1834 3600 2187 3650 revocetur:
2252 3591 2442 3664 „Cum
2473 3592 2733 3649 mmuim

478 3674 772 3734 sensibilis
797 3681 875 3735 sit
901 3681 1114 3736 anima
1147 3678 1439 3736 rationali
1468 3679 1766 3756 dignitate
1795 3677 2061 3756 inferior,
2099 3676 2334 3734 videtur
2353 3680 2554 3754 poesis
2581 3677 2733 3735 staec

478 3759 787 3819 humanae
832 3775 1086 3821 naturae
1132 3765 1354 3840 largiri
1368 3807 1384 3837 ,
1453 3785 1611 3843 quae
1655 3763 1904 3822 historia
1945 3763 2205 3839 denegat
2225 3806 2243 3836 ,
2307 3774 2487 3841 atque
2525 3766 2732 3820 animo

476 3844 700 3904 umbris
723 3869 918 3906 mrum
961 3861 1257 3927 utcunque
1297 3853 1449 3906 eatis
1473 3849 1694 3927 facete
1709 3894 1727 3924 ,
1773 3869 1915 3906 cum
1959 3849 2158 3907 solida
2189 3845 2399 3905 haben*
2431 3869 2552 3906 non
2577 3870 2731 3926 pos-

476 3934 619 3989 sint.
712 3933 782 3990 Sa·
808 3937 943 4012 quis
983 3936 1143 3992 enim
1172 3955 1296 3992 rem
1324 3939 1563 3993 acutia&
1586 3937 1965 4011 ιἠινοερίοἰαί
1982 3977 2000 4007 ,
2043 3934 2302 4007 sumum
2326 3954 2402 3991 ex
2424 3937 2602 4011 poesi
2622 3955 2729 3992 su-

474 4019 658 4075 mitur
681 4032 1141 4096 argumentum,
1188 4023 1671 4097 mag-numliaeaem
1713 4041 1904 4078 rerum
1936 4021 2141 4096 magis
2182 4019 2472 4077 ι’ἰίιωιιεηι
2488 4062 2507 4093 ,
2565 4019 2728 4079 ordi-

472 4123 608 4159 nem
634 4106 840 4181 magis
859 4104 1195 4183 perfec-leun
1214 4149 1231 4179 ‚
1277 4117 1332 4162 et
1361 4109 1712 4165 varietatem
1739 4107 1944 4182 magis
1964 4105 2249 4184 pulcram
2268 4147 2284 4179 ‚
2340 4108 2586 4163 animae
2610 4105 2729 4163 hu-

472 4208 694 4246 manae
731 4193 1101 4268 complacere
1119 4234 1137 4264 ,
1211 4212 1397 4268 quam
1447 4195 1514 4250 in
1556 4204 1776 4250 natura
1824 4194 1964 4269 ipsa
2004 4202 2144 4268 post
2189 4191 2434 4267 lapsum
2482 4193 2730 4270 reperire

466 4276 680 4348 possit.
783 4276 1163 4356 Quapropter
1199 4281 1353 4336 etc.“
1443 4278 1664 4358 Dignus
1700 4277 1857 4337 enim
1896 4284 2062 4335 totus
2102 4276 2274 4337 locus
2307 4284 2398 4335 est
2443 4276 2544 4355 qui
2584 4296 2726 4357 per-

472 4357 722 4437 legatur.
