2882 5028
393 294 549 367 376

874 287 956 361 P.
1022 284 1547 385 VIRGILII
1610 285 2157 361 MARONIS

399 480 565 553 Ter
589 472 879 550 frustra
912 495 1355 574 conprensa
1387 494 1669 546 manus
1702 467 1987 569 effugit
2018 472 2306 571 imagO,

397 585 550 657 Par
579 575 885 654 levibus
912 578 1169 651 ventis
1189 636 1211 673 ‚
1253 573 1718 675 volucrique
1746 575 2147 651 simillima
2178 600 2496 655 somno,

403 685 531 760 Sic
567 682 903 758 demum
933 681 1191 756 socios
1221 692 1636 755 consumta
1663 693 1900 754 nocte
1940 680 2222 759 reviso,

2495 687 2658 762 795

503 792 768 886 Atque
795 783 926 859 hic
949 785 1361 883 ingentem
1392 783 1779 857 comitum
1812 779 2223 859 adfluxisse
2246 808 2664 860 novorum

400 888 735 968 Invenio
792 886 1186 963 admirans
1228 911 1709 980 numerum3
1762 899 2218 987 matresque
2254 889 2663 991 virosque,

404 991 874 1073 Conlectam
907 989 1170 1066 exsilio
1203 988 1547 1092 pubem,
1600 990 2048 1066 miserabile
2078 990 2372 1088 volgus.

399 1096 781 1197 Undique
812 1117 1300 1189 convenere,
1356 1093 1639 1169 animis
1668 1093 2116 1194 opibusque
2147 1095 2418 1194 parati,

402 1206 497 1279 In
530 1221 1075 1302 quascumque
1104 1197 1347 1274 velim
1375 1197 1657 1298 pelago
1691 1196 2095 1273 deducere
2124 1211 2391 1276 terras,

2499 1207 2663 1278 800

402 1307 739 1405 Iamque
769 1304 965 1400 iugis
994 1325 1355 1377 summae
1377 1302 1750 1399 surgebat
1771 1300 2094 1377 Lucifer
2124 1301 2338 1398 Idae,

402 1407 924 1507 Ducebatque
956 1405 1211 1499 diem;
1262 1405 1509 1481 Danai

1516 1429 1674 1506 que
1705 1404 2021 1481 obsessa
2047 1405 2433 1480 tenebant

402 1511 712 1590 Limina
737 1522 1191 1612 portarum3
1243 1533 1398 1585 nec
1428 1532 1610 1610 spes
1652 1509 1824 1610 opis
1852 1508 2010 1584 ulla
2045 1507 2410 1586 dabatur:

513 1674 683 1748 803.
735 1684 1125 1741 nnn-un.

544 1874 651 1930 793
684 1891 1006 1945 comprensa
1038 1871 1219 1925 Heius.
1254 1891 1368 1925 cum
1402 1870 1595 1929 Medic.
1620 1880 1677 1923 et
1705 1871 1918 1941 optimis
1943 1871 2158 1935 ceteri„
2210 1872 2301 1924 alii
2335 1890 2673 1943 compressa,

409 1944 553 2014 quod
585 1943 787 1995 Pierius
823 1942 1133 2013 praetulisse
1167 1943 1387 2000 videtur.
1462 1940 1639 2010 (Apud
1674 1944 1957 1993 Homerum
1991 1936 2161 2013 ἑλέειν
2194 1942 2412 2011 legitur,
2448 1941 2535 1994 cui
2569 1961 2669 1994 re·-

412 2014 642 2082 epondet
676 2031 788 2065 eom
828 2030 1021 2074 renem
1058 2022 1114 2064 et
1147 2030 1386 2086 prensus
1419 2030 1480 2063 ac
1509 2029 1744 2083 pressus
1777 2029 1938 2079 saepe
1973 2013 2218 2075 confuaa3
2257 2011 2364 2063 vid.
2398 2030 2565 2079 supra
2591 2031 2671 2064 ve.

409 2082 532 2138 444·
577 2084 683 2147 111,
719 2083 785 2136 15
823 2118 839 2134 .
883 2082 1007 2137 624.
1055 2092 1111 2132 et
1156 2080 1304 2133 aliae.
1358 2081 1509 2148 Wr.)
1557 2080 1758 2132 zulich.
1796 2099 2040 2151 compr-ee
2071 2100 2125 2133 a.
2201 2099 2307 2133 aee.
2339 2082 2528 2132 Hamb.
2565 2101 2666 2134 co-

410 2164 582 2233 nata,
615 2163 903 2221 perpetuae
934 2150 1271 2203 variationes.
1342 2149 1559 2218 Aliquot
1590 2150 1728 2202 Pier.
1767 2150 1950 2213 etiam,
1998 2169 2184 2203 manu.

2321 2151 2669 2206 7941Ρωὶ.

450 2239 635 2286 enm-3,
681 2240 735 2272 v.
772 2239 816 2272 e.
851 2233 1017 2273 vento
1051 2221 1244 2272 Medic.
1277 2219 1468 2282 Pierii,
1518 2237 1582 2271 ex
1631 2219 2062 2291 interpolatione.
2134 2238 2179 2272 s.
2215 2218 2379 2291 sumo
2425 2221 2672 2273 Macrob.

498 2296 607 2343 Sat.
643 2290 696 2353 5,
729 2299 790 2340 nt
831 2289 987 2341 alibi:
1036 2291 1132 2341 inf.
1169 2291 1239 2355 V,
1273 2288 1395 2342 740.
1445 2290 1520 2340 IV
1568 2290 1763 2358 Georg.
1816 2291 1937 2343 499.
2006 2290 2143 2359 (Hoc
2196 2290 2411 2343 Wakef.
2460 2290 2518 2341 in
2571 2307 2677 2341 or-

413 2360 590 2412 dinem
624 2358 857 2426 recepit,
905 2359 1122 2410 Manilio
1159 2359 1214 2410 in
1247 2356 1604 2410 testimonium
1636 2367 1827 2410 vocato
1862 2360 1903 2422 1,
1938 2359 2058 2412 822.
2102 2361 2249 2428 Wr.)
2308 2357 2475 2429 ferro
2511 2359 2673 2411 Leid.

415 2449 446 2481 a
478 2448 544 2480 m.
592 2446 674 2499 pr.
744 2428 917 2480 Faber
951 2429 1265 2480 emendabat
1299 2430 1538 2491 somnio,
1574 2427 1694 2496 quia
1732 2424 1932 2499 ὀνείρῳ
1967 2425 2149 2489 ἴκελος
2183 2447 2268 2498 ap.
2302 2430 2535 2481 Graecos
2572 2446 2674 2480 oo-

413 2498 592 2551 enrrit.
660 2498 769 2551 Sed
802 2514 991 2551 somno
1024 2496 1206 2568 quidni
1240 2507 1400 2568 poeta
1430 2516 1556 2617 aeai

415 2587 623 2632 cussus,
670 2567 932 2638 diapulsue
964 2568 1152 2632 fuerit,
1203 2567 1456 2631 solvitur,

1569 2514 1597 2548 e
1631 2497 1770 2550 bene
1809 2496 2031 2561 dixerit,
2076 2497 2166 2567 qui
2203 2508 2260 2550 et
2289 2498 2441 2569 ipae,
2487 2498 2535 2550 si
2573 2518 2674 2550 ex-

1560 2567 1729 2632 siluit,
1776 2567 2060 2620 evanescit.
2129 2568 2274 2633 Nee,
2321 2568 2370 2619 si
2413 2569 2674 2620 somnium

415 2638 652 2721 cogitare
683 2655 899 2690 neeesse
933 2636 1035 2702 eit,
1069 2640 1187 2707 quic
1224 2655 1340 2689 uam
1374 2636 1627 2706 impedit,
1675 2636 1946 2706 quominus
1997 2655 2243 2688 somnum
2295 2638 2363 2689 de
2412 2655 2477 2688 eo
2524 2639 2674 2690 acci-

414 2726 560 2776 pias,
596 2719 657 2759 ut
688 2706 856 2758 simile
891 2705 1049 2776 plane
1082 2707 1154 2758 ait
1188 2655 1267 2757 iili
1303 2724 1389 2773 ap.
1428 2706 1672 2776 Apollon.
1709 2708 1800 2769 lv,
1837 2708 1942 2763 877
1986 2700 2140 2773 Αὐτὴ

417 2774 619 2845 δέμας,
653 2768 790 2846 ἧντ’
828 2767 1048 2843 ὄνειρος
1083 2777 1165 2845 Βῆ
1205 2771 1269 2843 ῥ’
1319 2775 1459 2843 ἴμεν.

408 2850 649 2919 fluxiese
679 2847 785 2899 duo
821 2848 1008 2898 Hamb.

2187 2701 2248 2760 δὲ
2296 2706 2470 2776 πνοιῇ
2511 2704 2676 2776 ἰκέλη

1597 2777 1705 2830 796
1751 2775 1841 2828 hic
1883 2775 2040 2827 abest
2083 2785 2208 2827 tert.
2256 2776 2509 2828 Rottend.
2581 2776 2676 2847 es-

1147 2846 1251 2903 798
1301 2865 1366 2898 ex
1411 2846 1521 2898 Ilio
1554 2844 1736 2897 Heine.
1782 2845 2062 2896 secundnm
2109 2845 2305 2926 Donati
2358 2846 2677 2913 scripturam

417 2917 712 2986 probabat,
746 2915 844 2967 ted
877 2915 1041 2968 invito
1076 2927 1279 2971 metro..
1334 2915 1457 2966 Mox
1491 2915 1633 2966 idem
1676 2914 1820 2967 malit
1854 2914 2097 2981 iungere:
2149 2933 2269 2968 nus.
2319 2916 2528 2984 vulgus
2564 2936 2676 2967 un-

419 2988 582 3057 dique
625 3003 782 3038 conv.
853 2996 912 3036 ec
959 2987 1077 3037 mie.
1124 2984 1374 3037 Rottend.
1427 2994 1554 3036 tert.
1624 2983 1870 3036 mirabile
1927 2983 2075 3034 Leid.

419 3058 610 3108 Moret.
648 3072 753 3106 aec.
789 3061 845 3103 et
879 3070 960 3120 pr.
995 3053 1250 3107 Rottend.

421 3141 615 3245 {²5⁸5ssss
633 3122 945 3261 ᾓιῗρζῖῗῐῖ
980 3191 1084 3243 vid.
1121 3194 1185 3254 Q.

423 3385 600 3443 Unde
628 3383 936 3464 petierunt
982 3391 1041 3442 et
1077 3386 1191 3445 alii.
1260 3387 1334 3444 ef.
1377 3406 1507 3466 sup.

427 3472 638 3548 Georg.
665 3470 761 3544 1v,
793 3470 937 3535 500.

512 3558 656 3621 798.
716 3556 1043 3616 Collectam
1098 3560 1305 3617 exsilio
1329 3604 1346 3634 ,
1431 3558 1510 3616 ad

426 3641 628 3720 sugam
644 3686 663 3718 ,
691 3640 952 3720 pubem,
985 3643 1230 3703 iuvenes
1254 3663 1511 3723 quoque.

432 3722 671 3807 (pubes,
693 3727 1075 3788 referendum
1096 3730 1175 3789 ad
1200 3750 1512 3811 praegres-

431 3832 564 3872 sum
610 3816 802 3887 viros,
870 3816 993 3874 sere
1030 3815 1070 3875 i.
1108 3836 1166 3894 q.
1202 3818 1515 3895 populun

430 3898 587 3958 infra
616 3898 742 3967 Vll,
770 3901 946 3965 219.:
1000 3901 1192 3977 „Iove
1236 3902 1514 3962 Dardana

433 3985 582 4064 pub
598 4003 630 4044 e
645 4005 674 4043 a
698 3984 940 4045 Gaudet
960 3991 1137 4052 avo.“
1182 3988 1310 4047 vid.
1332 3990 1515 4048 etiam

434 4069 678 4131 Becker.
694 4070 849 4149 Eleg.
866 4071 1038 4132 Rom.
1069 4093 1129 4152 p.
1157 4077 1302 4138 209.
1347 4078 1453 4135 W
1440 4073 1514 4157 r.)

434 4156 579 4237 Mox
610 4160 736 4223 799
761 4177 904 4233 opes
923 4200 942 4235 ,
991 4158 1263 4218 fortunas
1296 4160 1374 4218 ad
1402 4181 1516 4219 na-

436 4263 541 4303 ves
608 4240 910 4302 faciendae
929 4288 946 4320 ,
1025 4243 1408 4304 instruendas
1457 4256 1519 4304 et

437 4330 522 4389 sic
541 4349 747 4409 porro.

2213 2986 2319 3039 799
2372 2987 2679 3054 aninu'sque

1352 3057 1459 3109 800
1493 3054 1786 3105 decurrere
1820 3053 1974 3115 Gud„
1995 3070 2093 3121 pro
2122 3052 2226 3104 div.
2252 3052 2373 3106 lect.
2437 3055 2675 3121 (-801.

1101 3125 1208 3177 802
1277 3141 1345 3174 ue
1377 3123 1532 3174 abeat
1562 3125 1747 3175 Franc.

1274 3227 1288 3243 .
1324 3193 1564 3258 XXXV,
1598 3192 1648 3245 8.
1690 3195 1770 3247 W
1767 3194 1836 3260 r.)

1832 3123 2070 3190 (—803.
2107 3122 2273 3175 Colon
2328 3141 2425 3193 pro
2477 3134 2678 3195 puncto

1679 3389 1824 3450 801.
1896 3387 2052 3445 Noto
2121 3394 2439 3466 poetarum
2489 3404 2679 3459 more,

1595 3470 1666 3530 ci.
1690 3492 1750 3531 v.
1781 3491 1830 3530 c.
1856 3471 2128 3550 Apollon.
2155 3472 2218 3548 ·1,
2252 3474 2438 3549 1273,
2483 3471 2682 3530 sidera

1596 3558 1672 3616 de
1719 3557 2025 3616 montibus
2062 3557 2357 3638 proximis
2395 3557 2685 3616 oriuntur

1595 3652 1656 3702 et
1724 3642 2049 3719 occidunt;
2128 3662 2194 3703 re
2237 3643 2314 3700 ab
2367 3643 2684 3702 oculorum

1597 3749 1773 3788 sensu
1798 3729 2001 3808 petita.
2090 3729 2194 3788 Ida
2237 3736 2440 3788 autem
2469 3728 2685 3788 Troiae

1595 3814 1929 3874 imminens.
2014 3814 2304 3893 Lucifer,
2352 3814 2526 3874 stella
2564 3814 2686 3872 Ve-

1599 3901 1758 3960 neris
1797 3899 2260 3960 accommodate.
2360 3899 2499 3960 Vid.
2554 3900 2686 3959 Ex-

1601 4007 1757 4046 cura.
1805 3986 1964 4047 xvl.
2028 3983 2421 4068 (ducebatque
2461 3987 2522 4048 d.
2562 3985 2685 4045 vid.

1600 4073 1724 4133 Ecl.
1760 4072 1910 4147 VIII,
1945 4076 2040 4134 17.
2090 4068 2306 4153 nsok.)

1687 4160 1814 4222 802
1826 4191 1908 4202 —-
1919 4158 2064 4223 804.
2081 4159 2335 4216 Limina
2349 4169 2684 4235 portarum,

1601 4253 1828 4324 portas,
1918 4244 2067 4321 Spes
2110 4246 2242 4322 opis
2261 4288 2278 4318 ,
2329 4241 2541 4301 auxilii
2578 4262 2688 4321 pa-

1601 4331 1750 4389 triae
1783 4328 2015 4388 ferendi
2038 4373 2054 4406 ,
2099 4331 2267 4388 Serv.
2353 4329 2461 4386 Est
2498 4327 2686 4407 simpl.
