2882 5028
513 329 668 402 724

421 530 436 545 ·
517 517 609 576 nis
635 523 842 595 parte,
886 532 1004 591 qua
1055 513 1132 571 ad
1174 512 1403 571 exitum
1431 512 1594 571 sesti-

517 601 702 661 nabat
740 599 872 675 illa,
930 598 1047 657 hoc
1089 608 1209 669 est,
1247 598 1326 656 ad
1368 598 1594 657 ltaliam

516 686 878 767 procedebat
921 685 1317 744 Troianorum
1378 684 1595 742 classis.

516 772 808 832 Iudicium
854 780 1063 850 poetae
1109 770 1175 829 in
1211 769 1330 829 hoc
1358 789 1598 847 quoque

516 857 762 936 agnovit
809 857 1162 935 Segraisius,
1233 855 1400 933 quod
1456 875 1596 933 gra—

515 943 766 1004 vissimis
805 942 1142 1014 affectibus,
1190 942 1403 1018 quibus
1435 941 1592 999 libro

515 1038 733 1107 quarto
779 1028 1020 1107 legentis
1061 1026 1295 1085 animus
1325 1026 1593 1105 agitaba-

513 1125 653 1190 tur,
697 1134 860 1173 nunc
903 1114 1171 1172 succedit
1211 1111 1462 1171 hilarior
1490 1132 1593 1171 re-

514 1221 651 1260 rum
697 1200 905 1275 facies,
965 1198 1250 1258 ludorum
1282 1198 1591 1272 festivitas,

513 1288 909 1346 certaminum
923 1294 1174 1345 eventus
1198 1304 1267 1342 ac
1288 1284 1593 1362 praemio-

514 1393 650 1431 rum
672 1372 949 1449 varietas.

597 1459 679 1517 Ut
704 1467 902 1515 autem
930 1457 993 1515 in
1034 1455 1319 1515 ludorum
1349 1454 1593 1513 omnino
1632 1510 1639 1517 .

511 1544 925 1623 cogitationem
941 1542 1230 1602 incideret
1254 1550 1468 1620 poetae
1493 1540 1593 1598 in-

511 1631 768 1707 genium,
794 1631 988 1687 facere
1019 1629 1176 1686 forte
1207 1627 1406 1706 potuit
1434 1628 1594 1704 Ery-

511 1717 625 1791 cis,
697 1714 896 1775 herois
941 1714 1247 1792 indigetis,
1300 1712 1592 1772 recorda-

507 1802 627 1876 tio,
686 1801 788 1880 qui
837 1802 902 1859 in
961 1799 1033 1858 iis
1088 1800 1263 1872 locis,
1322 1796 1396 1857 ad
1438 1816 1591 1876 quae

509 1886 751 1947 Troiani
782 1886 1168 1965 appulerant,
1213 1885 1440 1943 clarum
1471 1904 1590 1963 pu-

506 1974 692 2052 gilatu
717 1991 934 2031 nomen
963 1971 1240 2030 habebat.
1303 1970 1592 2028 Catroeus

508 2058 751 2135 quidem
791 2056 969 2116 valde
1011 2066 1225 2115 acutus
1267 2055 1380 2115 sibi
1413 2055 1591 2115 vide-

505 2144 690 2202 batur
727 2143 787 2200 in
832 2141 979 2216 hoc,
1022 2141 1187 2220 quod
1223 2141 1453 2220 primus
1490 2140 1587 2199 vi-

508 2228 723 2304 disset,
769 2227 848 2286 ad
879 2227 1055 2286 ludos
1082 2229 1147 2286 in
1181 2228 1443 2285 Caesaris
1467 2225 1585 2284 ho-

507 2333 713 2373 norem
744 2314 818 2371 ab
862 2315 1131 2391 Augusto
1176 2312 1411 2372 habitos
1448 2311 1586 2371 Vir-

501 2400 704 2479 gilium
723 2399 1068 2478 respexisse.
1111 2398 1334 2458 Verum
1352 2408 1413 2456 et
1427 2397 1586 2456 idem

504 2485 656 2546 illud
702 2494 1104 2545 commentum
1143 2486 1256 2543 iam
1291 2506 1325 2542 a
1363 2484 1587 2544 veteri-

503 2571 617 2631 bus
660 2572 1224 2631 commentatoribus
1275 2570 1388 2630 fuit
1436 2569 1587 2627 alla—

501 2669 672 2734 tum,
717 2667 780 2717 et
820 2678 926 2718 seu
964 2656 1304 2716 affirmandi
1333 2676 1438 2714 seu
1473 2674 1585 2714 ne-

501 2744 682 2822 gandi
696 2755 932 2804 caussas
955 2744 1197 2803 idoneas
1225 2741 1411 2801 habet
1444 2742 1585 2800 nul-

500 2832 609 2891 las.
693 2830 1014 2889 Enimvero
1050 2830 1124 2888 ab
1152 2829 1416 2887 Homero
1443 2827 1583 2886 inde

500 2917 705 2976 nullus
732 2917 898 2975 facile
923 2917 1037 2975 suit
1075 2924 1247 2995 poeta
1268 2960 1284 2988 ,
1329 2913 1432 2992 qui
1460 2934 1583 2972 non

503 3010 919 3081 argumentum
938 3001 1056 3060 hoc
1074 3001 1152 3059 ad
1176 3001 1433 3059 istorum
1466 2998 1586 3058 ho·-

499 3090 747 3161 minum‚
766 3089 1133 3147 Graecorum
1148 3087 1207 3145 in
1215 3086 1436 3165 primis,
1457 3085 1588 3143 ani—

500 3195 631 3233 mos
686 3194 757 3231 ac
809 3193 1018 3232 sensus
1069 3171 1584 3246 iucundissimum,

501 3261 838 3338 attingeret.
937 3258 1006 3317 In
1052 3258 1294 3318 Graecis
1339 3257 1582 3336 quidem

1003 325 1083 395 P.
1140 321 1665 399 VIRGILII
1716 321 2271 397 MARONIS

1679 512 1875 590 poetis
1927 510 2251 591 deperditis
2305 511 2465 591 plura
2512 507 2675 568 huius-

1681 598 1843 656 modi
1876 600 2218 671 certamina,
2255 597 2402 655 ludis
2424 596 2678 676 praecipue

1680 684 2064 757 funebribus,
2117 685 2291 742 fuisse
2324 691 2574 753 tractata,
2610 679 2681 736 vel

1682 788 1763 827 ex.
1788 770 2023 847 Hygino
2060 770 2282 844 discas,
2325 771 2361 827 s.
2390 763 2681 827 cctxxm.

1683 856 1958 935 Inprimis
1993 855 2120 914 ludi
2153 855 2421 914 funebres
2444 855 2499 912 in
2525 848 2683 909 Achil-

1676 941 1748 998 lis
1788 939 2076 999 honorem
2126 954 2158 999 a
2204 939 2446 999 Thetide
2481 933 2682 997 instituti

1682 1025 1875 1085 nobile
1910 1028 2160 1086 fuerunt
2205 1034 2610 1105 argumentum,
2641 1039 2683 1078 v.

1679 1112 1893 1191 Odyss.
1921 1136 1987 1189 ω,
2032 1116 2115 1177 85
2149 1132 2293 1191 sqq.,
2339 1108 2489 1189 quod
2513 1105 2684 1188 repeti-

1676 1206 1811 1256 tum
1869 1198 2074 1257 videas
2135 1219 2167 1255 a
2218 1197 2441 1273 Quinto
2485 1194 2588 1254 Cal.
2615 1189 2684 1264 lv,

1683 1288 1804 1347 110
1847 1304 1991 1361 sqq.,
2040 1304 2213 1364 saepe
2261 1284 2415 1343 idem
2448 1297 2687 1340 memora·

1679 1379 1806 1426 tum
1842 1370 1903 1427 in
1928 1370 2207 1447 Tragicis.
2278 1370 2686 1447 Argonautarum

1676 1456 1998 1513 certamina
2029 1477 2089 1517 v.
2121 1456 2184 1514 in
2213 1454 2483 1535 Orphicis
2507 1450 2610 1517 575
2628 1468 2686 1525 ⁸¹1·

1678 1540 1852 1614 Hinc,
1897 1541 2268 1601 Graecorum
2296 1552 2581 1620 poetarum
2609 1553 2687 1592 ex·

1675 1626 1905 1705 emplo,
1974 1627 2235 1687 Rotnani
2298 1644 2522 1705 quoque
2570 1622 2690 1681 hunc

1673 1712 2068 1771 certaminum
2107 1715 2314 1775 locum
2354 1712 2551 1793 passim
2589 1725 2689 1765 car-

1676 1798 1937 1858 minibus
1980 1800 2102 1857 suis
2138 1799 2553 1870 intexuerunt,
2587 1792 2691 1851 Vir-

1675 1884 1796 1962 gilii
1856 1885 2117 1943 maxime
2160 1885 2415 1961 iudici03
2479 1877 2693 1960 inprimis

1676 1969 1856 2029 Silius
1899 1970 2060 2045 XVI,
2107 1974 2235 2037 249
2264 1991 2391 2049 sqq.
2431 1979 2488 2029 et
2522 1963 2695 2025 Statius

1675 2054 1859 2115 Theb.
1886 2055 1991 2114 lib.
2024 2056 2118 2131 Vl,
2163 2078 2319 2135 quos
2349 2076 2481 2115 cum
2506 2048 2696 2129 Virgilio

1672 2141 2052 2220 Homeroque
2076 2162 2450 2223 comparasse
2466 2158 2572 2199 non
2589 2150 2695 2217 poe·

1670 2228 1903 2303 nitebit,
1941 2227 2116 2286 simul
2148 2239 2224 2287 ut
2249 2229 2549 2306 intelligas,
2587 2234 2696 2289 tum,

1671 2333 1851 2390 quam
1895 2333 2107 2392 parum
2153 2314 2223 2374 in
2267 2325 2441 2394 poeta
2482 2331 2566 2370 ars
2602 2308 2696 2365 sine

1668 2399 1901 2477 ingenio
1935 2399 2153 2473 valeat,
2202 2410 2371 2475 tum,
2422 2417 2581 2477 quam
2609 2392 2698 2452 ini-

1671 2504 1786 2563 qua
1814 2486 1938 2544 eius
1968 2505 2094 2545 sors
2118 2486 2232 2562 sit,
2274 2489 2408 2565 qui,
2451 2503 2573 2544 cum
2604 2478 2699 2537 alifi

1672 2581 1867 2630 aetate
1904 2572 2311 2632 anterioribus
2341 2569 2621 2642 succedat,
2653 2564 2699 2622 in

1670 2666 1989 2735 angustum
2016 2659 2374 2718 imitationis
2412 2658 2603 2717 orbem'
2629 2669 2700 2707 se-

1668 2742 1784 2801 mel
1813 2762 1875 2801 se
1896 2744 2231 2804 immiserit.
2298 2745 2365 2804 ln
2394 2759 2601 2804 summa
2625 2754 2700 2796 re-

1667 2849 1804 2887 rum
1845 2830 2014 2907 copia
2044 2850 2282 2910 pauper
2302 2841 2366 2890 et
2389 2830 2604 2888 ieiunus
2636 2829 2702 2880 αἱ

1667 2916 1909 2973 Statius.
1953 2917 2253 2993 Spiritum
2269 2917 2559 2997 poeticum
2577 2918 2699 2969 atte-

1671 3000 1754 3058 rit
1776 3000 1841 3058 in
1872 3002 2124 3060 exilibus
2152 3002 2546 3074 ornamentis3
2569 3011 2699 3075 qut&

1670 3086 1781 3145 etsi
1811 3094 1872 3144 et
1900 3087 2025 3165 ipsa
2055 3086 2437 3170 voluptatem
2473 3086 2701 3150 effuant,

1668 3180 1872 3230 tamen
1915 3174 2196 3233 carminis
2246 3195 2477 3235 summa
2529 3184 2703 3253 parum

1668 3256 1945 3318 delectat.
