2882 5028
532 365 1144 452 AENEIDOS
1194 367 1408 446 LIB.
1461 367 1597 465 ΠΙ,
1648 375 2091 451 234—250
2300 382 2452 454 477

212 551 663 653 Adcipiunt;
718 549 1121 654 celerique
1146 549 1346 651 suga
1383 553 1532 629 sub
1561 552 1821 633 sidera
1851 555 2120 658 lapsae

156 701 159 702 f
219 658 646 734 Semiesam
686 655 1071 758 praedam
1105 670 1185 732 et
1221 658 1542 755 vestigia
1587 657 1829 739 foeda
1860 659 2349 764 relinquunt.

108 857 113 860 j
214 765 373 838 Una
412 763 496 836 in
522 759 928 861 praecelsa
963 760 1325 836 consedit
1354 786 1557 861 rupe
1588 761 1972 862 Celaeno,
2297 772 2453 847 245

214 864 479 942 Infelix
515 877 765 959 vateS‚
818 864 1282 965 rumpitque
1313 864 1519 940 hanc
1548 880 1879 965 pectore
1907 883 2233 946 vocem:

303 966 619 1044 Bellum
695 968 932 1044 etiam
1002 993 1155 1069 pro
1225 967 1469 1044 caede
1523 969 1776 1046 boum
1843 972 2263 1073 stratisque
2329 972 2452 1048 iu-

1370 1096 1637 1148 veneis

211 1171 968 1271 Laomedontiadae,
1023 1172 1440 1250 bellumne
1477 1133 1774 1251 infe’rre
1811 1177 2121 1276 paratiS‚

212 1281 301 1354 Et
339 1277 596 1379 patrio
634 1278 1012 1378 Harpyias
1045 1278 1375 1353 insontis
1420 1278 1720 1379 pellere
1766 1289 2071 1378 regno?

210 1381 557 1483 Adcipite
631 1403 821 1478 ergo
895 1380 1174 1457 animis
1239 1395 1478 1483 atque
1543 1381 1743 1459 haec
1799 1408 1983 1460 mea
2048 1380 2266 1481 figite
2334 1378 2454 1459 di-

1367 1497 1523 1563 cta:
2299 1489 2455 1565 250

299 1610 472 1684 244.
529 1605 913 1679 Smsam
1096 1612 1272 1687 250.
1325 1629 1566 1706 ERGO,

331 1829 435 1884 243
469 1828 662 1881 sidere
696 1828 803 1880 duo
854 1847 937 1900 pr.
1001 1831 1195 1882 Moret-
1336 1831 1444 1887 244
1490 1849 1776 1884 semes-mm
1824 1829 2065 1884 Parrhas.
2156 1845 2455 1880 «remaneam

206 1898 313 1948 Gnd
333 1937 349 1963 ,
380 1900 468 1968 qui
500 1909 555 1950 et
586 1897 919 1967 relinquunt.
992 1900 1315 1968 (sementum
1349 1901 1505 1953 etiam
1550 1901 1742 1952 Medic.
1785 1918 1817 1955 a
1858 1919 1926 1952 m.
1966 1919 2066 1969 pr„
2100 1899 2240 1951 idem
2277 1898 2454 1949 relin-

282 1970 378 2032 ὃτι,
413 1968 511 2019 sed
543 1985 582 2017 u
612 1970 984 2038 superscripta.
1057 1970 1295 2022 Ceterum
1338 1973 1622 2022 semiesum
1664 1969 1975 2022 exarandum
1998 1967 2210 2030 curavi;
2258 1967 2363 2018 vid.
2388 1968 2453 2018 V.

205 1984 259 2087 ἵ..
295 2038 361 2088 ad
403 2042 479 2089 vs.¹
517 2037 646 2092 578.
708 2039 850 2105 Wr.)
989 2039 1096 2094 246
1140 2059 1260 2090 rum
1298 2042 1447 2110 itque
1477 2041 1660 2092 Heius.
1702 2057 1732 2092 e
1772 2038 1894 2092 suis.
1963 2039 2139 2107 Vulgo
2181 2039 2452 2110 rupitque.

208 2105 293 2175 (sic
327 2107 525 2168 Palam
568 2105 680 2157 vid.
725 2106 868 2158 Cort.
914 2109 983 2159 ad
1024 2109 1218 2161 Lucan.
1291 2113 1332 2173 1,
1372 2112 1495 2164 328.
1541 2110 1683 2178 Wr.)
1825 2108 1930 2164 247
1967 2107 2110 2161 bella
2146 2125 2229 2177 pr.
2267 2107 2452 2158 Hamb.

204 2193 248 2228 v.
280 2176 554 2228 Burmann.
630 2177 739 2226 iam
763 2195 872 2248 pro
897 2179 1060 2230 Goth.
1086 2187 1213 2231 tert.
1282 2181 1563 2249 caesisque
1591 2182 1629 2231 i.
1659 2197 1743 2247 pr.
1771 2179 1961 2230 Moret.
2082 2177 2187 2231 248
2223 2175 2455 2227 bellum-

205 2247 523 2368 33‘1211223350‘
538 2243 939 2367 «Ξῖεἳιὴῆξῗ
976 2248 1120 2370 23¹?
1130 2248 1821 2370 :2330'3555‘25322355
1824 2258 1983 2367 ‘1305
1987 2246 2171 2368 “i-ff
2204 2244 2455 2367 0ὲῶᾶῖῗῖ

203 2384 299 2436 fert
324 2402 423 2455 quo
473 2334 672 2438 oli-dine
702 2384 836 2437 haec
881 2404 939 2438 se
976 2336 1267 2456 excigiant,
1313 2337 1474 2439 godo
1523 2405 1589 2438 ne
1630 2405 1747 2439 cum
1790 2335 2339 2456 Hemsingarpyt'as
2385 2384 2453 2437 ad

203 2466 464 2523 quaternas
498 2452 742 2524 syllabas
766 2472 1012 2519 revoces-5
1067 2467 1145 2507 est
1170 2456 1306 2507 enim
1334 2456 1388 2507 in
1421 2456 1637 2508 Graecis
1673 2466 1730 2507 et
1762 2455 1815 2507 iu
1861 2456 2104 2507 Romanis
2142 2453 2317 2525 poetis
2351 2453 2453 2506 tri-

203 2524 474 2593 syllabum:
516 2524 671 2594 quod
697 2526 897 2577 monuit
924 2542 1134 2596 quoque
1175 2528 1420 2579 adversus
1449 2527 1628 2579 Heius.
1656 2527 1932 2579 Schrader.
1962 2527 2129 2595 praef.
2158 2525 2454 2577 Emendatt.

201 2611 248 2664 p.
270 2595 353 2651 39.
383 2595 606 2667 ,ΑνΡίω
626 2595 877 2647 insonte-5
898 2596 1064 2649 wall.
1135 2597 1405 2663 (insontes
1438 2601 1668 2668 Arpyas
1703 2595 1899 2657 Palam
1932 2597 2179 2667 Arpyias
2216 2595 2456 2647 insontis

200 2665 407 2727 Medic„
457 2663 556 2715 sed
602 2664 841 2716 insontis
877 2664 931 2716 in
970 2667 1221 2718 insontes
1252 2666 1444 2717 mutari
1482 2675 1772 2729 tentatum3
1817 2676 2048 2717 ceterum
2085 2665 2226 2716 idem
2259 2662 2452 2715 Medic.

201 2733 317 2785 alias
344 2734 612 2803 Harpyia
653 2749 768 2783 cum
799 2733 1174 2803 adspiratione.
1243 2736 1484 2787 insontis
1524 2747 1724 2798 autem,
1771 2744 1832 2786 ut
1870 2734 2080 2802 gravior
2104 2751 2237 2796 vox,
2272 2732 2454 2800 utique

200 2801 278 2856 hic
304 2800 738 2873 postponendum
774 2812 912 2866 eratg
970 2805 1179 2856 inverso
1227 2804 1413 2856 ordine
1450 2804 1584 2857 haec
1624 2804 1792 2855 edidit
1831 2803 2083 2867 Bothius,
2143 2803 2283 2854 haud
2347 2802 2454 2853 im—

201 2874 447 2940 probante
490 2869 704 2923 IahniO.
746 2873 890 2939 Wr.)
1026 2875 1135 2928 250
1166 2874 1347 2926 Heius.
1384 2874 1627 2925 distinxit
1669 2882 1792 2942 post
1832 2890 1995 2945 ergo,
2046 2872 2140 2924 alii
2176 2881 2301 2941 post
2325 2872 2454 2922 ani-

202 2944 310 2994 mis.
375 2941 469 2995 Nil
493 2940 686 2992 refert.
734 2941 800 2993 cf.
825 2943 995 2994 Burm.
1063 2944 1220 3011 (Saue
1254 2945 1452 3006 refert,
1487 2960 1760 3010 numquam
1801 2941 1938 2993 enim
1969 2954 2133 3011 atque
2164 2960 2195 2993 a
2226 2940 2452 3009 Virgilio

201 3011 283 3063 uni
305 3011 386 3064 vel
421 3009 669 3081 pluribus
708 3027 853 3062 voce.
891 3012 1256 3081 postponitur:
1304 3013 1429 3065 hinc
1464 3012 1711 3063 mutanda
1745 3011 1848 3062 fuit
1881 3010 2239 3079 interpunctio
2276 3019 2333 3061 et
2366 3008 2453 3060 hic

205 3092 254 3131 et
283 3082 353 3145 X,
392 3083 511 3135 104.
586 3081 778 3146 Neque
815 3080 950 3144 erit,
1008 3082 1098 3150 qui
1134 3092 1374 3165 opponat
1407 3087 1536 3134 Aen.
1573 3084 1637 3146 11,
1670 3082 1794 3136 419.
1831 3080 1954 3132 coll.
2005 3080 2168 3132 eiusd.
2217 3078 2345 3131 libri
2379 3096 2454 3130 vs.

206 3151 312 3205 552.
380 3154 496 3203 Nec
531 3166 641 3199 non
679 3148 789 3200 Ecl.
823 3152 914 3211 vl,
949 3151 1058 3213 38„
1094 3168 1182 3219 qux
1216 3169 1347 3203 unus
1384 3171 1449 3203 ex
1480 3151 1733 3202 immenso
1767 3167 1983 3201 numero
2018 3150 2166 3201 locus
2197 3148 2455 3217 refragari

205 3218 430 3283 videtur,
482 3228 688 3270 mutata
722 3218 862 3269 inter
899 3219 1147 3271 unctione
1195 3232 1450 3289 congruet
1485 3239 1598 3272 cum
1635 3219 1853 3281 ceteris;
1903 3237 2211 3288 quamquam
2246 3229 2304 3270 ut
2337 3227 2455 3269 sta-

204 3298 390 3342 mamus
426 3290 533 3340 hoe
568 3287 679 3339 sibi
716 3287 860 3357 Virg'
884 3288 991 3340 ium
1036 3292 1093 3340 in
1140 3290 1312 3359 aliqua
1362 3292 1559 3357 Ecloga
1593 3290 1753 3341 semel
1786 3289 2098 3353 indulsisse,
2131 3306 2236 3340 nou
2272 3287 2454 3357 sequi—

205 3366 282 3410 tur
312 3358 599 3423 continuo„
651 3356 792 3409 idem
844 3376 962 3410 eum
1010 3358 1065 3411 in
1118 3360 1391 3428 Georgicis
1443 3361 1526 3412 vel
1561 3360 1794 3413 Aeneide
1827 3359 2035 3411 fecisses
2103 3360 2246 3410 Bene
2280 3368 2455 3409 tamen

211 3568 279 3580 —-
298 3553 658 3613 quamquam
676 3530 825 3591 nihil
841 3533 1109 3614 impedit,
1128 3556 1285 3613 quo-
1367 3536 1627 3596 sinistra.
1717 3534 1994 3595 Servius:
2048 3533 2264 3593 'nuntia
2296 3533 2454 3593 inse-

207 3619 389 3679 miuus
435 3619 555 3679 hoa
613 3618 948 3679 infinitivos
985 3639 1018 3678 e
1073 3621 1285 3688 Verbis
1367 3621 1645 3697 licitatia,
1689 3630 1757 3679 ut
1785 3619 1950 3706 iliad.
1985 3642 2042 3695 α,
2081 3623 2203 3686 106
2239 3613 2453 3681 Maiam

207 3705 571 3784 praegressis,
617 3716 866 3779 tentant,
915 3705 1279 3785 adspiciunt,
1369 3712 1599 3770 κακῶν.
1665 3708 1891 3784 rumpit
1947 3726 2151 3764 vocem
2194 3725 2326 3785 sup.
2378 3704 2453 3779 11,

209 3808 509 3869 suspensos
546 3790 750 3850 facias.
801 3791 972 3874 Wr.)
1375 3797 1516 3857 129.
1550 3791 1693 3851 edit.

286 3879 427 3942 245.
473 3877 676 3951 Quem
718 3883 917 3955 poeta‘
931 3876 994 3935 in
1019 3874 1139 3936 hoc
1185 3896 1283 3938 se·
1455 3876 1599 3942 247.
1658 3874 1963 3956 Ingeniosa
2008 3894 2089 3934 ex
2127 3893 2234 3950 eo,
2288 3873 2456 3953 quod

211 3970 424 4036 quutus
442 3963 542 4038 sit,
571 3970 645 4021 ut
672 3981 858 4023 unam
876 3960 1285 4042 Harpyiarum
1371 3983 1502 4044 sup.
1554 3967 1682 4030 220
1728 3969 2457 4029 armenta.mactaverant

211 4044 505 4107 fatidicam
534 4046 882 4123 induceret,
927 4068 1049 4107 non
1079 4049 1287 4128 liquet.
1374 4049 1653 4124 Troiani,
1694 4048 1925 4128 petitur
1969 4067 2108 4107 cum
2140 4046 2455 4128 epularum

212 4127 410 4193 Tribui
455 4143 665 4193 tamen
707 4133 779 4193 iis
828 4132 1066 4213 potuit,
1120 4134 1290 4213 quod
1371 4135 1672 4210 foedatio,
1736 4144 2046 4213 tamquam
2091 4151 2204 4213 pro
2246 4131 2454 4193 vindi·

210 4213 507 4279 interdum
531 4219 750 4293 Furiis,
793 4218 1011 4297 quibus
1035 4221 1288 4281 assimu-
1373 4231 1468 4281 cta
1500 4230 1562 4280 et
1584 4240 1794 4301 poena,
1839 4230 1973 4280 tum
2000 4217 2335 4300 praedictio
2359 4218 2455 4276 sa-

211 4297 409 4363 lantur
446 4326 508 4365 v.
551 4305 698 4371 252.
741 4312 812 4364 ut
854 4305 1010 4364 mala
1049 4306 1289 4366 denun-
1369 4309 1484 4368 mis
1511 4308 1771 4366 suturae.

213 4385 377 4449 tient-
435 4390 652 4470 inselix
692 4402 859 4451 vaces
907 4390 1098 4473 simpl.
1135 4392 1288 4470 dira,
1457 4385 2035 4459 250—252.”AM0
2063 4386 2130 4452 δέ
2159 4410 2257 4453 τοι
2285 4386 2456 4471 ἐρέω,
