2882 5028
437 333 583 406 148

895 295 1004 403 p:
1042 325 1567 403 vlssclLu
1634 324 2200 402 MAROle

431 517 787 591 Cernere
828 535 935 587 ne
973 512 1149 612 quis
1202 536 1379 605 ροε,
1434 534 1600 586 neu
1644 511 1820 610 quis
1877 511 2342 607 contingere
2384 526 2690 615 posset,

430 615 794 692 Molirive
825 638 1181 709 moram,
1237 627 1370 689 aut
1406 613 1784 689 veniendi
1818 638 2151 714 poscere
2186 638 2508 694 caussas,

428 724 604 819 Ipsa
631 717 998 819 Paphum
1032 716 1391 794 sublimis
1425 717 1620 809 abit,
1681 716 2077 818 sedesque
2108 718 2375 792 revisit

2531 723 2693 797 415

429 827 665 898 Laeta
694 846 904 900 suas:
953 821 1096 898 uhi
1127 819 1524 920 templum
1552 818 1700 914 illi,
1754 833 2243 921 centumque
2272 815 2578 896 Sabaeo

565 1030 673 1084 413
706 1029 954 1081 aberrant
990 1029 1144 1080 codd.
1178 1026 1233 1078 in
1269 1045 1342 1079 ne
1401 1029 1491 1079 uis
1524 1037 1581 1078 et
1613 1046 1721 1078 neu
1795 1028 1896 1079 uis.
1932 1043 1981 1077 v.
2009 1027 2180 1079 surm.
2244 1018 2425 1099 possit
2455 1027 2694 1098 plurimi,

428 1098 583 1152 male.
622 1099 920 1181 (panciores
947 1110 1156 1170 posset,
1206 1095 1261 1148 in
1284 1095 1372 1165 qui
1414 1114 1473 1148 us
1504 1106 1679 1148 tamen

1769 1095 1984 1147 edicens
2011 1106 2097 1159 et,
2149 1105 2209 1148 ut
2233 1098 2473 1162 videtur,
2508 1099 2690 1161 Rom„

430 1186 460 1220 e
488 1168 738 1221 Parisinis
766 1185 896 1219 unus
923 1170 993 1231 8.,
1029 1178 1084 1218 et
1107 1167 1257 1234 Lips.
1286 1166 1376 1217 alt.
1421 1184 1521 1234 per
1559 1166 1938 1234 compendium.
1991 1164 2135 1230 Wr.)
2204 1179 2313 1217 neu
2343 1169 2438 1237 qui
2470 1186 2691 1237 cogno-

429 1256 582 1290 scere
611 1240 833 1311 possim
868 1239 1023 1288 Voss.
1061 1253 1209 1287 nnus.

1365 1234 1472 1288 4l4
1506 1236 1763 1287 Molin‘ve
1804 1238 1949 1287 viam
1991 1236 2180 1286 Hamb.
2220 1255 2301 1304 pr.

2370 1255 2473 1305 que
2508 1235 2691 1318 Εἰδοὶ.

429 1326 635 1360 motam
659 1307 917 1358 veniendi
950 1324 1016 1357 ac
1034 1325 1093 1378 p.
1129 1306 1211 1356 ed.
1237 1306 1371 1357 Ven.
1441 1305 1654 1356 discere
1685 1322 1915 1355 caussas
1936 1314 2060 1373 post
2084 1305 2418 1372 Longobard.
2446 1315 2500 1356 et
2528 1307 2692 1371 alios,

428 1376 603 1428 Pierio
633 1376 714 1427 ins
754 1386 899 1427 ectos
919 1412 935 1437 ‚
971 1375 1220 1425 Rottend.
1247 1383 1469 1441 uterque
1503 1384 1558 1425 et
1587 1374 1773 1424 Hamb.
1808 1391 1895 1424 un.

677 1394 820 1511 aar.)
855 1445 993 1496 forte
1031 1461 1094 1494 ex
1120 1449 1243 1495 Aen.
1275 1444 1366 1506 Vl,
1399 1444 1503 1495 483
1551 1442 1605 1492 in
1636 1442 1756 1494 edd.
1805 1443 2067 1494 nonnullis
2105 1462 2221 1494 esse
2267 1443 2470 1494 videtur
2507 1463 2690 1515 expo-—

430 1534 595 1567 scere.
642 1514 845 1583 aliquot
890 1513 1044 1566 codd.
1073 1514 1213 1582 apud
1239 1513 1466 1563 Pierium
1500 1513 1801 1580 exquirere.

430 1602 545 1635 cum
576 1583 646 1636 al.
675 1594 784 1636 ant.
822 1583 978 1652 (idem
1006 1601 1034 1634 e
1067 1582 1174 1634 suis
1199 1582 1352 1633 codd.
1391 1580 1546 1631 affert
1577 1580 1719 1631 Cort.
1766 1580 1835 1632 ad
1864 1580 2054 1632 Lucan.
2085 1583 2153 1646 V,
2186 1581 2307 1637 496.
2351 1584 2491 1647 Wr.)

431 1450 479 1501 1.
504 1456 560 1496 et
584 1448 634 1500 7.

1926 1392 2011 1441 pr.
2044 1392 2153 1425 var.
2195 1373 2319 1425 lect.
2357 1376 2433 1442 (et
2458 1394 2488 1425 e
2513 1374 2691 1427 Paris.

1949 1510 2055 1567 415
2090 1513 2321 1583 Paphon
2367 1515 2691 1635 Bambagp.

2665 1596 2695 1634 3

429 1654 632 1723 aliquot
676 1670 763 1722 ap.
798 1655 972 1706 Burm-
1000 1662 1057 1703 et
1076 1652 1214 1704 Pier.
1282 1649 1465 1720 (etiam
1496 1649 1616 1702 Alb.
1655 1659 1707 1701 et
1733 1651 1833 1702 Ms.
1863 1648 2004 1701 Bosii
2040 1669 2126 1720 ap.
2157 1652 2296 1703 Cort.
2319 1653 2386 1703 ad
2410 1653 2603 1704 Lucan.
2642 1654 2694 1718 1,

428 1726 549 1779 688.
589 1724 735 1792 Wr.)

430 1861 576 1929 408.
591 1862 737 1928 409.
764 1884 842 1921 ac
861 1827 1035 1922 verns
1061 1864 1272 1921 audire
1299 1873 1355 1920 et
1371 1861 1519 1920 red-⁷

430 1950 564 2007 clere
589 1969 758 2007 voces
784 1970 906 2008 non
932 1968 1010 2007 ex
1038 1950 1228 2008 aliena
1258 1967 1512 2028 persona

430 2033 690 2108 adscita,
734 2033 942 2093 sed.ut
966 2043 1156 2093 mater
1184 2033 1512 2093 manifesta.

431 2120 518 2180 Gs.
544 2119 729 2180 verba
757 2118 980 2199 Ulyssis
1010 2121 1088 2179 ad
1121 2129 1377 2179 matrem
1408 2119 1512 2177 in-

430 2214 525 2267 ter
554 2205 814 2264 umbras.
859 2204 975 2265 od.
1004 2211 1057 2280 λ,
1088 2210 1214 2271 209
1244 2225 1371 2282 sqq.

514 2289 661 2355 412.
703 2291 894 2349 Densa
930 2291 1090 2351 nube
1129 2288 1514 2350 circumfudit

430 2395 549 2434 eos.
638 2376 729 2434 Ab
755 2375 1019 2436 Homero
1050 2395 1187 2436 eum
1226 2376 1345 2436 hoc
1375 2384 1512 2434 tra-

427 2462 588 2520 xisse
619 2471 833 2522 notum
863 2471 969 2537 est,
984 2462 1147 2543 apud
1175 2481 1352 2541 quem
1375 2480 1512 2519 sae-

430 2567 505 2627 pe
532 2546 650 2606 hoc
688 2548 953 2608 occurrit
966 2570 984 2625 3
1025 2549 1296 2629 inprimis
1338 2567 1511 2606 com-

432 2654 578 2713 para
624 2633 837 2713 Odyss.
889 2658 963 2713 η,
1017 2634 1113 2697 14.
1162 2639 1249 2699 39
1289 2666 1368 2679 -
1408 2631 1514 2708 48,

431 2739 607 2797 quem
634 2719 834 2779 locum
859 2720 978 2778 iam
1006 2720 1369 2779 monstravit
1380 2718 1515 2777 Ma-

431 2806 593 2864 crob.
637 2805 707 2880 V,
747 2805 788 2867 4
806 2849 822 2881 ,
867 2807 943 2864 de
986 2806 1227 2886 Ulysse„
1269 2805 1516 2883 quando

434 2890 664 2949 Alcinoi
705 2892 926 2971 regiam
961 2892 1180 2968 intrat;
1224 2892 1302 2950 ad
1345 2892 1517 2950 cuius

432 2976 770 3054 exemplum
800 2986 969 3036 totus
1004 2976 1233 3036 Aeneae
1264 2976 1344 3035 ad
1359 2976 1515 3035 car-

432 3060 732 3137 thaginem
766 3070 828 3120 et
857 3062 1151 3121 Didonem
1189 3061 1387 3121 aditus
1423 3069 1517 3120 est

361 3197 374 3203 -
432 3145 846 3206 adumbratus.
893 3146 1049 3206 adde
1096 3147 1370 3227 Apollon.
1412 3146 1515 3219 111,

434 3235 562 3297 210
583 3265 651 3275 —
673 3233 820 3305 214,
834 3240 897 3290 et
922 3232 1086 3292 alios.
1132 3234 1206 3291 cf.
1223 3231 1286 3291 h.
1305 3233 1345 3290 1.
1362 3233 1516 3291 Cer—

436 3315 533 3375 da.
583 3316 812 3376 'Totum
836 3318 1037 3377 locum
1070 3317 1361 3396 expressit
1393 3317 1517 3375 Va-

437 3403 539 3460 ler.
569 3402 660 3463 Pl.
686 3402 756 3475 V,
782 3401 909 3468 400
935 3424 1062 3481 sqq.
1148 3402 1345 3461 Facile
1366 3421 1515 3461 vero

436 3487 731 3567 principes
745 3486 926 3547 huius
941 3488 1373 3566 phantasmatis
1398 3506 1516 3546 au-

435 3581 631 3631 ctores
653 3575 779 3653 ipse
805 3574 1120 3633 oculorum
1146 3593 1369 3648 sensus,
1401 3592 1518 3632 ne·-

436 3658 590 3716 bulis
618 3678 689 3717 ac
724 3659 982 3718 nubibus
1008 3660 1207 3719 vicina
1241 3660 1369 3718 loca
1399 3659 1516 3718 ob-

435 3744 813 3817 ducentibus,
847 3745 1003 3804 illud
1031 3746 1248 3805 docere
1275 3745 1517 3822 debuit;

436 3830 629 3887 multo
673 3830 857 3908 magis
900 3851 1038 3890 cum
1087 3832 1229 3890 deos
1277 3849 1517 3909 quoque

437 3913 596 3972 nube
639 3915 889 3975 amictos
935 3926 996 3976 et
1049 3918 1239 3977 oculis
1281 3917 1516 3977 subdu-

435 4010 564 4060 ctos
582 4001 760 4080 vulgo
787 4012 1122 4062 narrarent,
1207 4000 1352 4068 413.
1371 3999 1518 4065 414.

439 4088 788 4165 Continget-e
809 4131 826 4159 ,
871 4087 1028 4164 vim,
1082 4088 1362 4149 iniuriam
1412 4087 1517 4147 in-

436 4172 588 4229 ferre
617 4174 688 4231 iis
727 4182 1015 4250 tanquam
1049 4174 1327 4233 advenis:
1368 4174 1518 4233 bar-

435 4258 718 4318 barorum
754 4259 1114 4339 populorum
1141 4278 1326 4319 more.
1382 4280 1519 4317 mo·-

434 4345 537 4401 liri
600 4365 832 4403 moram
882 4345 1277 4425 ponderosius
1334 4364 1518 4425 quam

1595 1860 1806 1934 facere,
1836 1862 2112 1922 excitare.
2157 1864 2263 1922 Est
2294 1863 2447 1922 enim
2474 1871 2692 1922 strue-
2738 1895 2743 1899 ·

1597 1965 1663 2004 re
1693 1947 1787 2004 vel
1819 1967 2062 2007 movere
2101 1949 2294 2028 poetis
2319 1951 2534 2007 molin'.

1685 2031 1831 2094 415.
1874 2033 1960 2093 cf.
1996 2035 2076 2092 ad
2107 2056 2164 2093 v.
2202 2040 2296 2098 16.
2344 2035 2562 2093 Versus
2597 2053 2693 2093 ex

1597 2113 1861 2176 Homero
1926 2120 2033 2178 sed
2081 2121 2359 2179 ornatius
2416 2120 2696 2200 expressi

1597 2201 1812 2282 Odyss.
1872 2210 1953 2279 θ’,
2015 2210 2144 2271 362
2190 2226 2277 2284 sq.
2389 2206 2695 2284 Compara

1598 2288 1821 2367 Hymn.
1853 2289 1916 2348 in
1947 2291 2161 2350 Vener.
2202 2295 2305 2367 58,
2347 2292 2429 2356 59
2454 2310 2579 2368 sqq.
2620 2301 2695 2351 et

1597 2373 1811 2453 Odyss.
1852 2399 1915 2454 η,
1950 2379 2052 2451 80,
2081 2380 2156 2440 81
2188 2377 2429 2455 sqq.·de
2453 2377 2693 2435 Miner-

1598 2480 1694 2522 va.
1782 2461 1865 2519 At
1921 2480 2001 2521 ex
2059 2463 2301 2541 Virgilio
2343 2464 2570 2522 Statius
2630 2462 2689 2524 V

1598 2546 1788 2605 Theb.
1819 2552 1894 2610 61
1928 2549 2057 2608 Illa
2086 2549 2404 2628 Phaplcon
2431 2562 2695 2607 veterem

1599 2644 1949 2711 centumque
2055 2637 2283 2696 altaria
2378 2637 2685 2713 linquens.

1600 2718 1785 2791 Quod
1825 2728 2023 2777 autem
2077 2721 2235 2779 turis
2277 2729 2340 2780 et
2378 2730 2692 2779 sertorum

1601 2803 1819 2861 odores
1859 2800 2270 2865 exhalantium
2320 2815 2557 2865 tantum
2610 2806 2695 2869 fit

1600 2890 1857 2963 mentio,
1904 2911 2025 2950 non
2060 2893 2441 2951 victimarum
2476 2911 2693 2950 caesa-

1600 2994 1768 3049 rum,
1814 2975 1959 3034 satis
1990 2976 2165 3036 docte
2194 2979 2548 3057 interpretes
2575 2997 2691 3034 re-

1597 3061 1805 3120 ferunt
1835 3061 1915 3118 ad
1958 3083 2186 3122 morem
2224 3083 2529 3122 sacrorum
2564 3063 2691 3120 Ve-

1600 3146 1793 3220 neris,
1838 3148 2004 3223 quod
2040 3168 2177 3208 arae
2208 3150 2408 3228 nullus
2445 3149 2691 3225 sanguis

1600 3230 2052 3307 offundebatur,
2111 3236 2367 3294 maxime
2422 3234 2691 3315 Paphiae

1600 3318 1835 3376 Veneri.
1879 3339 1939 3378 v.
1977 3319 2162 3380 Taoit.
2196 3320 2350 3379 Hist.
2377 3321 2463 3395 11,
2497 3326 2554 3385 8.
2603 3321 2685 3380 cf.

1599 3401 1661 3462 h.
1680 3398 1735 3461 ²1.
1779 3403 1991 3464 Cerda.
2076 3406 2244 3466 Alius
2273 3427 2410 3465 cum
2443 3407 2689 3486 elegan-

1597 3488 1719 3546 tiae
1747 3509 1928 3549 sensu
1958 3490 2038 3549 ad
2063 3491 2147 3566 id,
2175 3494 2337 3570 quod
2369 3493 2539 3550 deam
2570 3492 2689 3550 tle·-

1598 3573 1872 3634 liciarum
1912 3583 1974 3634 et
2020 3578 2349 3656 voluptatis
2390 3577 2688 3638 arbitram

1599 3659 1810 3720 decere
1853 3662 2069 3740 possit,
2111 3666 2366 3723 reserat:
2420 3684 2688 3740 quomo-

1601 3747 1680 3805 do
1708 3747 1883 3819 enim,
1907 3747 2123 3826 inquit,
2165 3758 2273 3809 aut
2298 3750 2687 3810 victimarum

1601 3831 1813 3891 nidore
1852 3833 1957 3892 illa
1998 3835 2313 3910 delectari,
2374 3845 2487 3895 aut·
2522 3837 2689 3895 inter

1605 3917 1821 3977 odores
1848 3921 2006 3980 turis
2036 3930 2094 3980 et
2120 3923 2339 3981 ssorum
2367 3923 2550 3982 istum
2583 3924 2688 3980 ni-

1603 4002 1811 4063 dorem
1843 4005 2182 4067 desiderare
2214 4008 2453 4087 potest?
2500 4009 2690 4067 Com-

1602 4100 1780 4169 parat
1810 4093 2010 4151 locum
2032 4092 2378 4153 Callimachi
2403 4095 2477 4153 de
2492 4093 2694 4173 Apol-

1601 4176 1739 4235 linis
1776 4178 1992 4238 Carnei
2023 4200 2128 4241 ara
2158 4181 2236 4240 H.
2262 4181 2330 4239 in
2368 4178 2562 4259 Apoll.
2600 4183 2693 4244 80

1603 4281 1729 4340 sqq.
1760 4263 2046 4325 Guellius.
2133 4267 2297 4325 laeta
2332 4286 2387 4325 v.
2420 4270 2547 4329 416
2580 4284 2692 4323 ⁸0·-

1602 4348 1766 4428 cipe,
1844 4351 2127 4428 quoniam
2179 4351 2406 4433 gaudet
2460 4348 2690 4432 Papho.
