2882 5028
748 362 937 436 AD
1045 358 1699 436 LIBRUM
1800 357 1923 433 VI
2279 360 2473 433 1037

397 547 560 608 Nihil
612 550 678 609 in
732 548 828 608 his
884 550 1179 624 occurrit,
1248 549 1414 626 quod
1477 566 1829 628 magnopere
1900 546 2305 614 mireris.1n
2355 566 2481 605 uno

223 635 326 696 vel
397 635 587 694 altero
647 654 860 714 genere
924 635 1320 696 substiterunt
1376 642 1612 694 veteres
1680 653 1900 693 omnes.
1986 633 2069 692 At
2123 628 2484 692 recentiores

222 730 439 802 poetae
482 720 668 819 epici,
717 741 973 798 quorum
1015 720 1378 781 incredibilis
1420 729 1512 779 est
1554 740 1836 780 numerus
1853 764 1870 796 ,
1927 719 2208 778 varietati
2252 726 2309 776 et
2365 737 2484 777 no-

231 807 410 867 vitati
437 808 636 887 primo
677 807 811 866 loco
857 807 1224 869 studendum
1279 826 1402 865 esse
1441 806 1722 865 arbitrati
1778 806 2227 883 sunt.1taque
2281 822 2483 862 omnes

225 894 495 953 rationes
548 913 621 951 ac
675 893 800 952 vias
860 894 1453 992 circumspexerunt,
1524 892 1740 969 quibus
1798 892 2040 950 futurae
2094 909 2191 949 res
2242 898 2487 969 pomi.

225 978 520 1059 praedici,
561 979 752 1056 iisque
790 981 1163 1058 exponendis
1210 979 1473 1039 carmina
1515 978 1687 1037 suavi
1722 976 1982 1055 episodio
2027 977 2246 1035 ornari.
2333 975 2486 1039 Cum

225 1084 376 1125 vero
420 1064 683 1123 rationes
724 1064 858 1123 illae
901 1085 971 1123 ac
1010 1065 1176 1124 modi
1214 1065 1331 1125 sint
1374 1064 1550 1143 pauci
1593 1063 1919 1121 admodum
1959 1081 2243 1134 numero,
2305 1051 2486 1121 novi·-

227 1169 349 1228 que
391 1149 540 1207 adeo
581 1150 816 1208 inventi
869 1149 999 1209 laus
1056 1171 1179 1210 non
1235 1151 1511 1210 omuibus
1567 1157 1718 1206 esset
1768 1157 2008 1228 parata,
2069 1148 2364 1245 plerisque
2418 1146 2484 1204 in

226 1236 595 1295 ornamentis
640 1246 701 1294 et
742 1235 1057 1315 pigmentis
1104 1256 1283 1316 opera
1325 1236 1446 1294 fuit
1488 1234 1907 1294 consumenda.
1993 1235 2201 1311 Itaque
2249 1233 2315 1291 in
2369 1251 2487 1291 va-

225 1321 442 1381 rietate
486 1321 757 1399 quamvis
798 1342 1037 1399 magna,
1083 1323 1131 1381 si
1177 1323 1377 1403 plures
1419 1322 1745 1379 contuleris
1764 1364 1781 1395 ,
1833 1319 2102 1379 taedium
2144 1329 2346 1377 tamen
2389 1318 2485 1376 fa-

225 1407 315 1465 cit
370 1406 529 1466 idem
589 1406 811 1484 ubique
864 1416 1173 1467 revertens
1218 1427 1425 1467 rerum
1481 1407 1668 1481 ordo,
1735 1406 1941 1464 eadem
1996 1403 2485 1484 phantasmatum

227 1493 486 1572 species,
547 1501 609 1550 et
662 1493 727 1550 in
781 1511 985 1552 rerum
1041 1514 1255 1572 parum
1310 1492 1708 1572 probabilium
1763 1501 1826 1550 et
1881 1491 2279 1550 absurdarum
2337 1508 2485 1570 ope-

223 1598 368 1639 rosa
411 1578 843 1655 conquisitione
885 1580 1150 1638 consessa
1189 1579 1558 1657 ingeniorum
1602 1576 2014 1636 infecunditas.

399 1663 487 1721 Ea
530 1662 770 1741 quidem
814 1665 1110 1741 carmina,
1170 1665 1388 1742 quibus
1431 1684 1507 1722 ex
1551 1664 1746 1742 prisca
1800 1684 1861 1721 re
1921 1664 2174 1741 equestri
2223 1661 2485 1740 petitum

224 1757 323 1807 est
365 1758 818 1827 argumentum,
863 1750 1062 1827 qualia
1103 1750 1392 1810 Italorum
1433 1750 1707 1828 inprimis
1747 1757 1892 1808 sunt
1934 1757 1997 1806 et
2035 1747 2485 1819 Britannorum,

227 1852 578 1893 communes
620 1836 742 1894 sere
784 1836 941 1894 inter
986 1855 1048 1894 se
1091 1837 1435 1895 futurarum
1479 1855 1682 1894 rerum
1727 1834 2219 1914 exponendarum
2262 1831 2486 1891 habent

224 1919 523 1995 rationes;
567 1938 737 1996 nam,
794 1920 942 1980 dum
983 1942 1305 1998 magorum
1347 1931 1407 1979 et
1447 1921 1806 1978 daemonum
1859 1928 2061 1999 partes
2109 1919 2173 1976 iu
2232 1918 2304 1975 iis
2360 1926 2486 1976 tam

218 2005 587 2085 praecipuae
629 2015 800 2080 sunt,
855 2006 1027 2065 facile
1077 2026 1188 2085 per
1230 2026 1440 2067 eorum
1483 2005 1813 2064 ministeria
1855 2006 2032 2064 etiam
2076 2003 2226 2061 haec
2268 2023 2370 2061 car

222 2090 323 2149 nis
362 2110 504 2169 pars
547 2091 886 2170 expeditur.
945 2087 1194 2157 Eadem
1236 2091 1574 2170 argumenti
1614 2091 1845 2149 indoles
1899 2109 2172 2168 magnam
2235 2024 2486 2162 cong

224 2176 499 2234 niscendi
541 2176 844 2236 licentiam
886 2163 1093 2254 affert,
1149 2186 1223 2236 ut
1280 2177 1430 2236 adeo
1488 2175 1808 2234 insolentia
1867 2175 2046 2234 etiam
2105 2183 2167 2232 et
2224 2172 2486 2233 absurda

223 2279 436 2320 rerum
478 2260 766 2321 miracula
807 2271 1009 2322 tamen
1029 2306 1047 2337 ,
1112 2262 1416 2339 quomodo
1470 2261 1802 2341 improbes,
1855 2281 1980 2320 non
2034 2260 2288 2336 habeas;
2346 2280 2490 2319 nam

226 2346 297 2405 in
368 2347 484 2405 isto
553 2365 762 2405 rerum
830 2366 1044 2425 genere
1107 2366 1178 2405 ea
1242 2345 1664 2426 probabilitate
1718 2367 1827 2406 sua
1879 2367 2005 2406 nou
2056 2346 2486 2405 destituuntur.

226 2431 674 2510 Simplicissima
735 2440 827 2490 est
887 2435 1169 2509 Spenceri
1235 2430 1451 2512 (Fairy
1517 2432 1720 2512 Quem
1770 2433 1943 2492 Cant.
2000 2431 2100 2508 ΙΙΙ,
2158 2431 2256 2506 VI,
2316 2429 2492 2489 XXV

226 2519 385 2597 sqq.)
429 2517 616 2577 ratio·
601 2562 619 2593 ,
660 2519 988 2597 exponitur
1025 2518 1368 2577 Britomarti
1410 2517 1640 2597 puellae
1669 2538 1702 2574 a
1731 2517 1982 2577 Merlino
2024 2537 2196 2595 mago
2241 2536 2313 2575 ac
2351 2526 2492 2578 vate

225 2622 358 2662 non
402 2602 582 2661 modo
627 2603 845 2662 amoris
886 2622 1227 2679 successus,
1270 2622 1485 2662 verum
1528 2603 1708 2661 etiam
1759 2603 1973 2662 domus
2025 2610 2087 2659 et
2128 2602 2490 2680 posteritatis

227 2690 508 2764 fortuna3
566 2698 627 2746 et
666 2691 898 2747 Ariosti
938 2689 1240 2770 (Or-lando
1283 2688 1460 2767 surio
1830 2686 1966 2767 111);
2020 2706 2161 2746 nam
2220 2708 2359 2746 casu
2412 2686 2492 2744 ad

228 2773 471 2833 Merlini
542 2774 881 2854 sepulcrum
943 2783 1004 2834 et
1056 2772 1460 2853 sarcophagun
1830 2773 2211 2832 {radamantis
2268 2772 2492 2850 partim

228 2879 315 2918 ex
369 2858 609 2918 Merlini
666 2879 804 2935 ore,
874 2859 1100 2940 partim
1158 2859 1428 2918 Melissae
1830 2879 1874 2918 ’.ο
1934 2858 2194 2918 evocatis
2243 2858 2492 2929 umbris,

228 2944 439 3022 stirpis
509 2946 810 3004 Atestinae
876 2965 952 3004 ex
1020 2964 1084 3004 se
1149 2955 1209 3004 et
1271 2946 1525 3023 Rogerio
1582 2960 1847 3003 oriturae
1904 2945 2114 3003 seriem
2171 2943 2492 3020 cognoscit.

233 3029 423 3109 Apud
477 3033 738 3089 Tassum
780 3028 1113 3111 (Gierusal.
1162 3031 1329 3091 liber.
1381 3032 1549 3090 Cant.
1591 3030 1779 3106 XVII,
1812 3029 1999 3089 LXVI
2028 3028 2181 3109 sqq.)
2228 3028 2491 3088 Riualdo

228 3115 543 3198 progenies
588 3117 952 3194 fortunaque
995 3117 1211 3176 domus
1266 3117 1574 3176 Atestinae
1632 3116 1819 3195 clipeo
1873 3113 2169 3195 insculpta
2226 3115 2302 3173 ab
2359 3133 2494 3173 ere-

229 3200 388 3262 mita
430 3200 777 3278 exhibetur5
831 3221 983 3279 quae
1043 3202 1401 3263 adumbrata
1456 3203 1615 3261 forte
1671 3209 1815 3261 sunt
1872 3220 1950 3259 ex
2008 3202 2239 3261 Aeneae
2303 3201 2494 3280 clipeo

229 3286 340 3347 lib.
385 3286 519 3347 VIII
561 3287 707 3346 Aen.
793 3287 914 3346 Nec
955 3288 1210 3347 multum
1254 3287 1491 3347 abludit
1524 3289 1755 3347 Λνιόειί
1795 3287 1913 3345 alio
1954 3286 2018 3344 in
2060 3286 2194 3345 loco
2231 3284 2494 3367 (orlan-

233 3375 317 3432 do
354 3370 597 3450 furioso
649 3373 818 3432 Cant.
878 3373 1163 3454 XXXIII)
1222 3374 1409 3449 ratio,
1462 3393 1603 3432 nam
1660 3371 1816 3431 bella
1875 3392 1909 3430 a
1966 3372 2149 3431 Gallis
2204 3372 2267 3430 in
2326 3372 2497 3431 Italia

232 3458 496 3538 gerenda
538 3459 600 3516 in
644 3458 866 3536 pariete
912 3459 1149 3518 Merlini
1187 3469 1318 3518 arte
1364 3459 1590 3536 magica
1633 3458 1868 3538 depicta
1918 3457 2335 3517 Bradamantis
2384 3456 2495 3517 he-

232 3541 418 3603 roina
460 3542 745 3622 adspicit,
788 3544 1050 3603 eiusdem
1102 3545 1339 3607 Merlini
1392 3554 1521 3603 arte
1575 3543 1639 3602 in
1692 3544 1901 3603 Fontis
1958 3545 2278 3602 marmorei
2335 3543 2496 3602 scul-

235 3637 428 3708 ptura
483 3627 702 3709 (Canto
760 3630 981 3705 XXVI,
1043 3629 1252 3712 XXX)
1317 3629 1620 3689 Francisci
1673 3630 1719 3704 1,
1776 3628 2105 3689 Galliarum
2164 3629 2371 3706 Regis,
2431 3629 2494 3686 in

237 3714 475 3775 ltaliam
518 3714 819 3793 expeditio
863 3716 1063 3776 efficta
1106 3726 1224 3791 est,
1268 3725 1329 3775 et
1372 3717 1487 3774 alio
1519 3715 1653 3774 loco
1699 3712 1835 3795 (sub
1897 3716 1936 3774 f.
1992 3716 2161 3775 Cant.
2216 3672 2495 3787 xxxl'v,

239 3807 307 3858 et
363 3800 537 3858 Cant.
591 3800 877 3880 XXXV),
932 3801 1079 3860 dum
1132 3803 1457 3860 Parcarum
1509 3800 1782 3860 manibus
1840 3810 2098 3859 tractata
2159 3799 2379 3859 vellera
2431 3799 2496 3856 in

238 3883 474 3944 Lethen
519 3895 914 3964 spaiguntur,
973 3887 1049 3945 de
1102 3886 1430 3966 Hippolyto
1486 3884 1759 3946 Atestino
1812 3886 2144 3966 praedictio
2203 3884 2348 3942 satis
2396 3867 2518 3942 iu-

238 3969 478 4049 geniose
514 3971 917 4050 subiungitur.
1014 3975 1313 4030 Τι-ίεεὺιιιε
1373 3971 1591 4053 (Italia
1634 3971 1884 4030 liberata
1926 3973 2037 4028 dai
2094 3968 2261 4051 Goti)
2320 3969 2497 4027 etiam

238 4055 400 4114 binis
442 4056 585 4115 locis
625 4055 905 4116 historias
945 4058 1317 4134 sequentium
1360 4067 1701 4136 temporum
1742 4058 2006 4115 intexuit
2048 4054 2324 4131 carmini;
2367 4055 2497 4134 pri-

240 4159 413 4199 mum
459 4139 583 4218 (lib.
626 4142 737 4217 IX)
783 4143 1099 4202 Belisarius
1143 4143 1450 4203 eremitam
1505 4142 1571 4201 in
1626 4143 1829 4201 Monte
1889 4141 2187 4199 Casinensi
2242 4140 2402 4216 adit,
2463 4161 2497 4198 a

245 4245 372 4304 quo
403 4227 716 4307 speluncae
761 4228 1025 4288 inclusus
1066 4249 1228 4288 novo
1272 4229 1386 4288 visi
1426 4247 1640 4308 genere
1682 4228 1745 4287 in
1791 4226 1998 4285 collem
2040 4227 2176 4305 rapi
2238 4227 2348 4284 sibi
2400 4226 2497 4286 vi-

244 4312 464 4388 detur,
506 4312 570 4371 in
614 4334 734 4390 quo
777 4316 1064 4391 utrinque
1108 4315 1415 4393 speculum
1457 4314 1580 4373 sole
1622 4313 1842 4386 maius,
1886 4334 1921 4369 a
1965 4312 2135 4370 laeva
2177 4331 2274 4369 res
2316 4330 2497 4390 prae-

240 4396 483 4473 teritas,
541 4418 574 4455 a
622 4399 837 4459 dextra
880 4401 1144 4476 futuras,
1207 4399 1395 4459 oculis
1450 4398 1719 4476 subiicit5
1780 4395 2002 4476 Angelo
2060 4396 2374 4457 Herminio
2431 4417 2500 4455 ac
