2882 5028
795 342 1891 419 AD‘LIBRUMI
2330 353 2484 426 245

159 534 544 595 refectione
520 578 543 611 ‚
590 554 664 594 v.
689 531 806 598 74.
832 538 881 599 7
881 533 946 609 5
990 542 1053 593 et
1077 533 1358 614 tetigerat
1400 552 1536 594 eum
1566 532 1714 594 deus
1746 531 2056 593 discedens
2083 545 2323 616 sceptro
2353 557 2479 599 suo.

160 620 441 680 Imitatus
485 619 625 680 hoc
676 627 780 677 est
802 618 1030 693 Quint.
1078 621 1199 680 031.
1258 618 1815 696 Χ1,142-144.
1914 618 2100 680 Aliud
2140 624 2481 704 exemplum

159 705 347 766 habes
389 706 580 766 Iliad.
636 729 706 780 v,
757 708 1042 770 81.110
1090 706 1383 786 Apollinis
1420 704 1682 765 Aeneam
1716 703 2121 768 restituentis:
2156 706 2262 782 Ὡς
2288 707 2480 773 εἰπών

165 792 469 872 ἔμπνευσε
526 791 740 873 μένος
786 789 945 872 μέγα
1002 792 1249 873 ποιμένι
1299 796 1498 868 λαῶν,
1541 801 1604 851 et
1647 790 1861 872 Odyss.
1907 815 1982 869 α,
2035 797 2163 859 820
2204 794 2478 857 Minerva

169 877 487 937 disoedeus
532 875 930 937 Telemacho
968 898 1093 937 non
1142 878 1324 938 modo
1363 880 1632 955 incessu,
1687 876 1794 937 sed
1832 885 1895 935 et
1933 896 2009 936 ex
2056 897 2125 938 eo
2165 883 2477 941 manifesta

172 963 273 1022 fit:
311 969 396 1027 τᾶ
447 958 522 1026 δ’
570 963 680 1027 ἐνὶ
721 967 928 1047 θυμοῖ
978 966 1145 1044 evius
1175 963 1356 1045 μένος
1393 963 1500 1027 καὶ
1543 958 1802 1045 θάρσος.
1888 963 2023 1022 Hoc
2051 964 2210 1024 idem
2244 967 2475 1028 faciunt

371 1070 480 1109 um
520 1049 624 1109 dii
657 1049 861 1108 tacite
900 1056 963 1106 et
1000 1051 1263 1126 occulte,
1319 1059 1393 1110 ut
1425 1050 1618 1110 Pallas
1657 1048 1994 1110 Menelaum
2037 1053 2210 1112 novis
2243 1053 2474 1156 viribus

175 1145 412 1195 recreat
452 1135 642 1195 Iliad.
683 1159 747 1216 ρ,
799 1136 948 1200 569.

351 1219 946 1299 Quandoquidem
929 1241 993 1279 m
1032 1221 1161 1301 ipso
1206 1220 1470 1281 discessu
1508 1220 1714 1282 divina
1754 1242 1975 1303 spemes
2011 1220 2311 1282 humanae
2341 1225 2473 1284 sor·

177 1326 310 1366 mae
331 1307 648 1384 succedit,
694 1317 1259 1368 commemorantur
1286 1326 1525 1386 quoque
1551 1308 1687 1385 illa,
1731 1328 1881 1387 quae
1926 1309 1990 1367 in
2033 1308 2225 1388 specie
2265 1308 2470 1370 divina

175 1393 595 1453 memorabilia
640 1401 834 1452 sunt:
909 1413 1142 1452 summa
1182 1393 1301 1453 oris
1342 1392 1694 1473 pulcritudo
1735 1404 1842 1454 aut
1886 1396 2194 1471 maiestas,
2251 1414 2471 1476 corpus

179 1476 456 1538 humano
497 1480 702 1538 maius
751 1487 818 1536 et
868 1480 1206 1559 augustius,
1263 1499 1402 1539 cum
1449 1480 1858 1560 pulcritudine
1913 1480 2142 1539 candor
2181 1482 2469 1561 corporis,

185 1564 952 1710 ffiffizsffiz·
955 1565 2232 1731 pmmgniffffiugaeffggffiaffffi
2250 1566 2469 1713 ³1:22:

575 1696 595 1728 2
1102 1696 1121 1728 ²
1372 1697 1388 1712 ⁰
1478 1699 1494 1714 ⁶
1665 1697 1680 1713 ⁰
1844 1696 1861 1729 θ

193 1734 450 1815 Virgilii.

367 1820 548 1896 Quod
597 1823 774 1882 inter
817 1822 1163 1921 praesentis
1209 1820 1474 1883 numinis
1521 1821 1687 1902 signa
1731 1825 1997 1883 refertur
2048 1830 2257 1901 gratus
2295 1822 2465 1898 odor,

186 1925 364 1986 quem
411 1907 537 1968 sive
576 1918 794 1969 totum
843 1928 1067 1987 corpus
1115 1909 1243 1967 sive
1286 1928 1457 1968 coma
1483 1907 1753 1968 exhalat.
1795 1909 1891 1969 uti
1927 1909 1993 1968 in
2040 1909 2298 1984 Venere,
2343 1906 2403 1968 h.
2423 1909 2464 1969 l.

179 1992 639 2075 vabost'aeque
685 2015 904 2053 comae
930 1995 1207 2053 divinum
1234 1997 1449 2053 verlice
1487 1996 1726 2053 odorem
1751 1995 2102 2073 Spimvere3
2146 2002 2207 2053 et
2247 1953 2465 2054 Ifianas

181 2097 292 2138 nec
315 2081 378 2139 in
409 2079 790 2160 adspectum
815 2079 1179 2160 prodeuntis
1214 2080 1552 2160 praeseutia
1594 2099 1673 2139 ex
1714 2080 1920 2140 divino
1961 2079 2148 2140 odore
2189 2081 2462 2159 agnosci-

181 2173 289 2224 tm·
326 2167 402 2224 ab
442 2165 800 2246 Hippolyto
843 2164 1010 2246 apud
1037 2165 1245 2245 Eurip.
1289 2165 1532 2246 Hippol.
1584 2168 1775 2232 1891.
1827 2166 1893 2225 id
1928 2165 2169 2245 quidem
2207 2167 2462 2226 ductum

187 2259 279 2308 est
305 2270 378 2310 ex
405 2252 672 2330 antiqua
706 2253 868 2327 vita,
910 2251 1154 2330 quando
1182 2251 1377 2330 regiae
1406 2251 1748 2331 opulentiae
1777 2260 1925 2327 erat,
1967 2253 2290 2330 unguentis
2316 2273 2460 2312 sua-

186 2336 359 2397 vibm
395 2337 751 2397 delibutum
805 2357 1027 2416 corpus
1070 2336 1327 2412 habere,
1382 2346 1706 2416 antequam
1750 2337 2254 2416 frequentioribus
2289 2358 2458 2398 com-

183 2424 415 2482 merciis
446 2423 634 2503 copia
655 2424 885 2483 maiore
922 2432 985 2483 et
1008 2423 1376 2504 expeditiore
1403 2433 1610 2483 sumtu
1636 2433 1939 2503 unguenta
1966 2422 2137 2482 Asiae
2162 2424 2226 2484 in
2256 2424 2459 2484 Euro-

177 2529 318 2588 pam
357 2510 530 2570 illata
562 2520 738 2574 suut.
823 2507 880 2568 A
904 2530 1115 2590 regum
1143 2520 1346 2570 autem
1381 2510 1568 2587 luxu,
1614 2509 1805 2588 qualis
1836 2520 1970 2569 tum
2011 2520 2174 2587 erat,
2235 2510 2456 2571 adum-

176 2594 352 2655 brata
391 2596 666 2656 deorum
718 2595 881 2673 vita,
927 2597 1197 2675 adeoque
1219 2596 1283 2656 in
1320 2615 1451 2655 eam
1488 2595 1835 2656 traductum
1874 2597 2053 2656 etiam
2084 2606 2458 2675 unguentum

179 2682 476 2741 ambrosia
511 2683 779 2742 dictum.
865 2682 965 2741 Sic
1009 2682 1084 2741 (13
1115 2682 1345 2743 Iunone
1369 2680 1626 2757 11ἰ3(1.ξ,
1676 2686 1796 2747 170
1842 2702 1968 2761 sqq.
2013 2690 2076 2740 et
2109 2681 2186 2741 de
2228 2681 2456 2743 Venere

183 2767 399 2847 Odys.
425 2775 495 2840 θ,
543 2768 702 2834 864.
733 2768 860 2835 865
887 2778 950 2828 et
973 2787 1105 2847 sup.
1133 2764 1645 2847 Georg.1v4,16
1688 2786 1817 2845 sqq.
1904 2767 2098 2827 Etiam
2126 2767 2292 2846 apud
2324 2766 2454 2826 He-

194 2851 340 2911 siod.
373 2855 537 2913 Sunt.
580 2852 772 2913 Herc.
817 2858 876 2920 7.
934 2857 995 2917 8.
1041 2854 1360 2914 Alcmenae
1413 2873 1451 2911 a
1496 2852 1688 2931 capite
1745 2861 1809 2911 et
1866 2851 2199 2933 superciliis
2242 2871 2454 2912 suaves

195 2936 411 2996 odores
433 2940 713 3018 spirant,
756 2948 1045 3018 tanquam
1081 2960 1118 2998 a
1153 2940 1408 3002 Venere
1450 2937 1589 3020 (etsi
1629 2956 1843 2999 versus
1876 2938 1990 2999 vix
2019 2958 2055 2995 a
2083 2938 2282 3018 primo
2314 2958 2452 2998 car-

191 3024 369 3082 minis
396 3034 646 3085 auctore
680 3022 874 3108 sunt.)
961 3026 1158 3086 Ducta
1181 3026 1327 3086 hinc
1369 3033 1514 3084 sunt
1541 3043 1609 3082 ea
1626 3067 1645 3102 ,
1689 3042 1842 3103 quae
1881 3023 1958 3083 de
1993 3032 2181 3085 veste
2176 3023 2452 3103 stragula

189 3108 404 3169 Bacchi
452 3110 648 3171 habet
689 3109 967 3191 Apollon.
1018 3112 1119 3188 lv,
1161 3110 1290 3176 430
1327 3132 1416 3190 sq.
1503 3109 1638 3170 Hoc
1670 3119 1877 3170 tamen
1908 3110 2151 3171 divinae
2195 3119 2451 3169 naturae

186 3207 609 3277 uguentum
640 3217 771 3256 non
815 3197 926 3256 nisi
960 3197 1024 3257 in
1056 3197 1525 3278 elegantioribus
1564 3196 1677 3256 diis
1715 3198 1916 3257 locum
1958 3195 2182 3257 habere
2215 3205 2448 3277 potest3

181 3291 248 3342 ut
289 3283 360 3342 in
403 3283 647 3343 Venere
677 3291 741 3341 et
769 3282 1075 3362 Apolline3
1136 3285 1201 3344 in
1244 3283 1432 3342 Diana
1474 3283 1655 3342 etiam
1700 3282 1865 3361 apud
1908 3282 2115 3362 Eurip.
2158 3283 2199 3341 1.
2249 3303 2331 3358 c.;
2381 3283 2447 3341 in

176 3366 358 3428 flora
399 3369 575 3450 apud
613 3368 796 3428 Ovid.
840 3369 999 3429 fast.
1029 3370 1115 3445 'V‚
1160 3373 1317 3435 376·
1376 3368 1492 3428 alia
1517 3369 1790 3448 exempla
1827 3387 1888 3429 v.
1928 3368 2093 3448 apud
2119 3368 2444 3428 Burmann.

179 3453 260 3513 ad
286 3453 547 3518 Anthol.
580 3455 715 3514 Lat.
739 3454 842 3530 IV,
889 3459 990 3531 13,
1033 3459 1136 3521 30.
1219 3454 1515 3534 Insignius
1557 3455 1769 3514 ceteris
1805 3462 1896 3513 est
1928 3453 1995 3514 in
2035 3453 2280 3533 Hymno
2310 3453 2446 3513 Ho-

178 3558 329 3601 mer.
351 3542 415 3600 iu
440 3541 579 3600 Cer.
611 3545 700 3604 27
702 3543 742 3605 6
769 3560 918 3619 sqq„
963 3540 1129 3619 quod
1152 3561 1483 3621 apponam,
1540 3540 1680 3620 quia
1719 3539 1951 3618 reliqua
1982 3559 2222 3619 quoque
2262 3559 2444 3620 prae-

174 3626 369 3685 sentis
399 3626 671 3686 numinis
696 3635 1048 3705 argumenta
1069 3628 1180 3687 sub
1214 3627 1541 3686 discessum
1581 3626 1881 3685 continet.
1925 3620 2012 3698 (ὃς
2037 3626 2297 3689 εἰποῦσα
2322 3621 2444 3688 θεοὶ

167 3707 465 3819 μέγεθός
454 3736 520 3776 τε
545 3711 654 3775 καὶ
698 3706 861 3785 εἶδος
892 3707 1178 3819 agnava,
1198 3717 1288 3774 Γ
1243 3736 1402 3794 ηρας
1447 3704 1846 3816 ἀπωσαμένη·
1889 3710 2032 3792 περί
2074 3706 2136 3773 τ’
2181 3704 2343 3791 οἷμφί
2378 3732 2443 3775 τε

161 3794 465 3873 nuos*
423 3821 610 3879 αητο,
657 3790 848 3878 Ὀδμὴ
890 3798 927 3860 δ
1006 3759 1354 3902 ἱμερόεσσα
1360 3795 1683 3899 θυηέντων
1730 3790 1855 3860 cino
1881 3796 2128 3860 πέπλων
2168 3799 2436 3859 Σκίδνα-

161 3887 473 3989 eme-1122
515 3881 587 3948 δὲ
642 3882 873 3985 φέγγος
932 3875 1057 3988 eigs&
1096 3880 1267 3964 χροὸς
1311 3875 1656 3946 ἆθανᾶτοιο
1708 3877 1934 3985 Λάμπε
1979 3885 2163 3987 θεῆς,
2236 3879 2439 3986 ξανθή

161 3968 232 4035 δὲ
253 3965 424 4051 κόμη
472 3963 907 4051 κατενήνοθεν
949 3963 1181 4072 ὤμους·
1237 3964 1457 4072 Αυγῆς
1496 3959 1558 4031 δ’
1607 3962 1894 4050 ἕπλήσθη
1934 3963 2195 4041 πυκινὸς
2232 3962 2432 4049 δόμος,

160 4047 1062 4203 ffissoemffiorfflnf‘afvss‘
1062 4053 1196 4198 „Za
1217 4049 1584 4219 mm.
1602 4051 2436 4240 Ἔῶθέζᾱῗίἑῗᾞΐῖζ

161 4230 321 4288 siun
375 4229 660 4303 odorem,
723 4223 997 4286 candens
1049 4244 1297 4305 corpus,
1362 4245 1592 4285 comam
1650 4227 2034 4325 promissam3
2087 4225 2282 4285 lucem
2325 4243 2435 4304 per

163 4313 408 4376 domum
445 4318 669 4376 susam.
762 4309 1106 4371 [nutatione
1138 4330 1376 4389 quoque
1413 4330 1694 4391 expressa
1733 4332 1831 4372 res
1860 4314 1927 4373 in
1969 4307 2235 4390 templis:
2273 4330 2337 4369 v.
2380 4330 2431 4369 c.

165 4399 241 4460 de
272 4400 376 4461 dee
401 4402 584 4483 Syria
609 4408 679 4460 et
721 4398 793 4457 in
833 4394 1060 4455 teletis:
1104 4405 1174 4455 ut
1197 4397 1359 4478 apud
1385 4396 1616 4478 Apulei.
1642 4396 1748 4462 XI.
