2882 5028
521 361 1129 448 AENEIDOS
1183 361 1396 444 LIB.·
1452 362 1589 458 111,
1643 368 2087 444 277—285

198 549 551 651 Actiaque
591 548 845 627 Iliacis
885 547 1383 624 celebramus
1427 546 1657 625 litora
1706 549 1935 630 ludis.

2276 373 2432 449 483

2273 562 2427 635 280

194 655 558 729 Exercent
588 654 875 754 patrias
905 651 1096 728 oleo
1133 651 1453 728 labente
1482 653 1906 753 palaestras

194 755 457 833 Nudati
500 758 710 836 socii.
815 761 1040 834 Iuvat
1085 757 1420 833 evasisse
1466 769 1589 832 tot
1636 756 1858 833 urbis

193 859 605 959 Argolicam,
657 861 1141 962 mediosque
1171 857 1441 958 fugam
1477 862 1826 938 tenuisse
1863 884 2012 963 per
2050 859 2320 943 hostis,

150 1027 155 1030 Α
192 966 481 1041 Interea
509 987 892 1065 magnum
921 964 1042 1040 sol
1080 964 1725 1040 circumvolvitur
1757 989 2082 1061 annum,

191 1068 277 1142 Et
305 1067 635 1167 glacialis
665 1068 926 1145 hiems
961 1067 1470 1170 aquilonibus
1499 1082 1808 1170 asperat
1839 1068 2112 1148 undas.

2267 1075 2424 1152 285

305 1278 408 1332 280
439 1279 715 1349 Acciaque
738 1276 889 1329 multi
905 1316 923 1343 ,
959 1276 1117 1330 etiam
1149 1296 1179 1330 a
1220 1313 1235 1330 .
1264 1277 1406 1330 Pier.
1463 1282 1745 1348 Aceeaque
1770 1278 1895 1332 duo.
1944 1279 2244 1348 Acteiaque
2266 1279 2423 1333 Voss.

1001 1349 1103 1402 281

189 1344 515 1400 celebrantur
560 1364 647 1399 un.
701 1349 861 1412 Voss.

189 1413 276 1468 282
306 1418 563 1469 Audaces
588 1418 722 1469 socii
751 1418 939 1484 Puget.
1015 1415 1204 1485 (urbes
1233 1416 1425 1470 Medic.
1481 1419 1567 1471 W
1558 1417 1626 1483 ι’.)

189 1495 425 1537 auctorem
476 1487 550 1538 de
610 1486 868 1555 progenie
919 1486 1142 1556 Augusti
1182 1505 1231 1539 c.
1283 1488 1367 1541 12.

186 1679 353 1737 mam3
394 1662 487 1721 uti
514 1661 680 1722 dona
709 1660 785 1721 de
830 1661 1119 1738 victimis,
1178 1660 1255 1721 de

187 1742 446 1806 libatione
514 1758 582 1807 et
637 1748 886 1827 reliquis
944 1750 1010 1808 in
1066 1748 1249 1807 sacris

188 1827 297 1890 fieri
338 1835 560 1911 solitis3
607 1835 752 1910 Alii,
813 1838 966 1894 votis
984 1879 1004 1912 ,
1067 1843 1252 1894 voto-

186 1935 303 1977 rum
391 1919 932 2000 persolvendorum
1028 1939 1251 1980 caussa.

185 1999 314 2065 Nam
338 2007 424 2081 εἰς
447 2000 833 2087 εὐχαριστίαν
864 2007 1124 2066 instituti
1149 2006 1252 2064 lu·

186 2086 255 2162 di,
286 2101 353 2150 ut
380 2092 529 2151 bene
561 2091 756 2151 Cerda
779 2091 1079 2168 observat,
1112 2091 1248 2150 ideo

186 2173 395 2237 subdit:
445 2181 626 2236 iuvat
666 2181 925 2249 evasisse
960 2190 1043 2237 lot
1079 2178 1251 2236 urbes

185 2269 280 2320 etc.
331 2263 427 2339 (ad
472 2284 568 2323 vs.
612 2263 758 2328 264.
798 2264 1011 2343 respici
1053 2263 1250 2343 suspi-

184 2356 336 2406 catur
358 2350 631 2424 Ruaeus3
665 2348 771 2408 sed
792 2369 917 2408 vox
940 2353 1249 2428 insperata

182 2450 257 2491 vs.
287 2438 424 2499 278.
451 2434 745 2509 ostendit,
780 2432 930 2494 haec
948 2435 1251 2516 pertinere

183 2517 249 2576 ad
276 2521 535 2599 pericula
569 2522 635 2580 in
654 2521 867 2581 itinere
913 2523 1016 2582 illo
1054 2521 1251 2583 evita-

182 2610 249 2665 18.
294 2608 392 2669 W
382 2605 457 2691 r.)

249 2779 384 2842 280.
423 2776 683 2859 Proprie
708 2775 837 2837 ludi
878 2775 1105 2837 Actiaci
1146 2796 1251 2837 ce-

183 2857 375 2922 lebrari
413 2863 661 2924 dicendi
701 2871 892 2923 erant.
979 2863 1099 2922 Sed
1137 2882 1249 2922 ex-

184 2947 464 3027 quisitius,
509 2948 800 3029 quoniam
840 2949 1010 3008 locus
1046 2947 1247 3008 homi-

183 3049 311 3092 num
339 3034 677 3115 frequentia
702 3034 992 3093 celebrari
1025 3044 1086 3093 et
1122 3034 1246 3115 ipse

185 3114 412 3197 dicitur,
481 3124 656 3181 littus
706 3122 953 3179 Actium
972 3164 990 3195 ,
1067 3119 1128 3180 h.
1195 3139 1246 3182 e.

182 3200 498 3283 Actiacum,
543 3206 935 3282 memoravit,
979 3215 1039 3264 et
1072 3207 1247 3265 ludos

184 3289 383 3350 Iliacos
436 3293 703 3352 Troiano
779 3292 907 3352 ritu
986 3290 1246 3353 habitos.

186 3368 320 3451 (val.
368 3378 456 3444 Pl.
504 3379 553 3454 1,
595 3378 771 3442 423.;
840 3399 1044 3437 securo
1089 3378 1248 3436 cele-

183 3457 422 3522 brantem
492 3466 678 3523 litora
754 3463 921 3522 ludo.
1017 3465 1113 3525 W
1113 3461 1245 3546 cla.)

183 3541 460 3609 Videntur
498 3558 706 3609 autem
748 3549 868 3608 iam
918 3549 1247 3629 antiquitus

183 3628 298 3691 ludi
339 3635 416 3694 ad
464 3635 709 3696 Actium
762 3634 1044 3695 celebrati
1102 3654 1246 3710 esse,

185 3733 314 3793 quos
364 3729 543 3801 poeta
605 3720 917 3780 commode
974 3722 1038 3780 in
1115 3740 1244 3780 rem

185 3820 330 3864 suam
355 3808 556 3867 vertit.
624 3808 673 3867 E
700 3805 1075 3883 Callimacho,
1102 3805 1245 3887 περὶ

180 3878 471 3970 hydron,
517 3891 961 3973 Harpocration
1001 3901 1064 3952 et
1101 3893 1245 3952 Sui-

187 3969 279 4032 dna
306 3972 375 4040 toi
400 3975 616 4041 ”Anno
648 3987 1014 4055 memorant3
1044 3978 1149 4038 sed
1174 3998 1244 4037 ea

185 4052 293 4118 buc
312 4062 550 4123 trahere
574 4065 678 4124 vix
700 4065 907 4126 ausim.
991 4067 1244 4125 Succes-

187 4159 299 4203 κη
327 4149 692 4210 celeberrimi
736 4150 868 4210 ludi
904 4150 1129 4211 Actiaci
1170 4151 1245 4210 ab

185 4226 465 4311 Augusto,
508 4243 583 4295 ιιι
609 4236 900 4313 diximus,
946 4237 1010 4296 in
1042 4237 1246 4298 victo-

185 4312 293 4374 riae
320 4319 589 4379 Actiacae
623 4323 967 4383 memoriam
996 4322 1247 4383 institu-

186 4397 261 4461 ti:
329 4404 403 4463 de
459 4406 673 4485 quibua
733 4428 796 4471 v.
870 4407 1244 4471 Wernsdorf.

1185 1360 1405 1400 accense
1453 1352 1634 1417 Sprot.
1685 1366 1716 1400 a
1769 1365 1853 1417 pr.
1908 1366 1976 1400 m.

2045 1353 2115 1399 At
2161 1366 2208 1401 v.
2251 1350 2423 1402 Burni.

1764 1419 1886 1472 282.
1921 1418 2027 1472 283
2056 1426 2242 1468 'extant
2284 1419 2424 1488 apud

1533 1486 1640 1542 284
1674 1489 2109 1539 circumvertitur·
2137 1486 2421 1540 Zalichem.

1338 1662 1485 1722 Exc.
1514 1663 1599 1721 IX
1634 1662 1708 1721 ad
1741 1662 1915 1723 Saleii
1936 1663 2101 1722 Bassi
2133 1662 2329 1724 Carm.
2357 1664 2421 1722 in

1336 1748 1530 1808 Pison.
1557 1750 1626 1808 T.
1657 1749 1753 1808 lv.
1784 1770 1842 1829 p.
1874 1749 2017 1813 395.

1421 1837 1543 1898 281
1585 1867 1660 1880 —
1688 1838 1830 1900 283.
1893 1835 2236 1912 palaestras
2305 1855 2420 1914 pro

1336 1918 1496 1979 ludis
1533 1921 1821 2000 gymnicis
1867 1918 2042 1981 dixit.
2138 1921 2285 1980 Oleo
2318 1923 2420 1980 la-

1336 2004 1538 2081 bento,
1604 2006 1926 2084 exquisite,
1985 2005 2149 2083 quod
2201 2005 2420 2067 dilabi-

1335 2099 1479 2166 tur,
1547 2091 1818 2166 diffluit,
1883 2092 2123 2171 corpori
2176 2092 2417 2154 illitum.

1315 2176 1559 2257 fugam
1609 2182 1864 2236 tenuisse
1891 2221 1909 2252 ,
1978 2186 2051 2237 ut
2119 2177 2223 2237 ins.
2289 2183 2417 2247 686

1334 2273 1573 2321 cursum
1592 2275 1802 2322 tenere.
1890 2263 2050 2322 Bene
2081 2265 2250 2325 Serv.
2298 2266 2418 2342 se-

1334 2350 1527 2408 licita·
1547 2353 1897 2428 navigasse.

1419 2434 1564 2499 284.
1617 2436 1865 2495 Exierat
1906 2454 2099 2495 annus
2145 2456 2181 2493 a
2236 2435 2415 2496 Troia

1336 2530 1513 2600 capta
1557 2531 1828 2599 quartus.
1887 2520 2025 2582 vid.
2073 2523 2219 2581 Exc.
2264 2523 2314 2582 ll
2343 2524 2417 2582 de

1333 2609 1513 2665 annia
1544 2609 1827 2666 lab-torum
1859 2609 2102 2666 Aeneae
2135 2610 2226 2667 ad
2263 2631 2322 2667 a.
2354 2613 2415 2673 2.

1336 2726 1417 2737 -—
1440 2692 1550 2751 Sol
1574 2693 2143 2753 ciet-umvolvilurm.
2168 2715 2415 2771 annum,

1335 2778 1424 2852 εἰς
1464 2778 1563 2837 vel
1599 2774 1786 2855 nard,
1831 2778 1918 2837 sic
1958 2787 2032 2837 ut
2065 2798 2261 2838 annus
2304 2779 2416 2838 ab·

1330 2863 1643 2939 solvatur,
1719 2872 1962 2943 peracto
2020 2884 2223 2923 annuo
2275 2865 2416 2924 solis

1331 2968 1530 3008 cursu.
1618 2946 1819 3030 (Nulla
1861 2948 1962 3008 hic
2008 2950 2266 3030 ellipsis:
2325 2952 2420 3010 sol

1328 3037 1817 3094 circumvolvitur
1834 3056 2063 3094 annum
2080 3080 2098 3111 ,
2146 3035 2187 3096 i.
2211 3054 2261 3096 e.
2290 3034 2415 3095 cir-

1330 3120 1775 3181 cumvolvendo
1823 3139 1885 3180 se
1937 3121 2155 3196 efficit,
2213 3122 2416 3202 explet

1331 3226 1574 3267 annum.
1609 3208 1787 3280 Wr.)
1832 3228 2125 3285 magnum
2154 3230 2408 3283 annum,

1332 3292 1528 3372 simpl.
1580 3292 1660 3352 ad
1725 3303 2008 3353 ornatum
2033 3337 2051 3368 ,
2129 3293 2414 3371 quoniam

1331 3380 1556 3438 multos
1613 3379 1739 3438 dies
1787 3379 1951 3438 intra
1999 3397 2062 3437 se
2109 3379 2414 3457 continet;

1332 3472 1406 3523 ut
1444 3466 1564 3524 iam
1606 3464 1751 3523 alias
1803 3470 2099 3525 notatum.
2164 3466 2236 3525 cs.
2280 3485 2412 3544 sup.

1331 3549 1391 3625 1,
1452 3541 1631 3614 2691
1675 3546 1909 3630 („quasi
1949 3549 2184 3630 longius
2231 3551 2414 3611 solito

1329 3643 1567 3714 tempus
1595 3636 1737 3694 anni
1764 3635 1948 3696 fuerit
1972 3636 2281 3696 exsulibus
2300 3657 2415 3717 pa-

1326 3721 1481 3780 triae
1523 3729 1585 3779 et
1635 3721 1795 3781 omni
1847 3721 2054 3801 pelago
2108 3723 2359 3784 iactatis.
2374 3722 2414 3758 “

1327 3805 1494 3866 Haec
1522 3805 1751 3866 Waket‘.
1781 3808 1857 3866 ad
1883 3808 2120 3869 Lucret.
2148 3808 2195 3885 1,
2230 3811 2412 3874 1028.

1327 3893 1598 3954 Praestat
1617 3892 1836 3974 Heynii
1863 3894 2203 3973 explicatio.
2240 3897 2348 3957 W
2336 3891 2411 3977 r.)

1329 3978 1427 4038 Ad
1453 3998 1638 4039 vanas
1666 3979 1928 4059 argutias
1946 3979 2104 4040 circa
2120 3980 2277 4041 hanc
2293 4001 2413 4041 vo·-

1330 4085 1458 4125 cem
1505 4065 1806 4125 delabitur
1870 4066 2190 4143 Catroeus,
2264 4064 2412 4125 dum

1330 4151 1410 4210 ad
1437 4169 1664 4211 annum
1690 4151 2106 4212 intercalarem
2121 4151 2294 4212 lustri
2308 4170 2413 4211 re-

1327 4238 1483 4315 fert3
1522 4236 1784 4298 Macrob.
1814 4239 1937 4297 Sat.
1963 4237 2009 4313 1,
2046 4237 2140 4314 14,
2181 4240 2279 4297 So.
2315 4238 2410 4297 Sc.

1328 4323 1400 4400 11,
1429 4328 1528 4388 11.
1573 4323 1650 4384 ad
1691 4343 1917 4383 annum
1947 4323 2201 4383 solarem
2241 4341 2411 4382 com-

1326 4418 1534 4490 parate
1574 4429 1713 4471 cum
1748 4429 1908 4468 anno
1948 4408 2162 4469 lunari.
2222 4429 2411 4488 aspe-

1823 4506 2001 4580 31*
