2882 5028
453 346 599 419 120
930 338 1016 412 P.
1081 331 1610 412 VIRGILII
1673 329 2237 406 MARONIS

450 507 804 606 Triginta
835 525 1170 603 magnos
1202 501 1619 580 volvendis
1647 500 2059 578 mensibus
2091 499 2306 576 orbis

447 611 802 713 Imperio
846 608 1227 710 explebit,
1280 629 1787 707 regnumque
1822 605 1919 680 ab
1950 604 2142 680 sede
2173 602 2445 681 Lavini
2550 611 2710 682 270

452 710 947 809 Transferet,
1005 725 1087 788 et
1117 712 1440 810 longam
1472 709 1723 786 multa
1751 709 1827 783 vi
1854 709 2168 784 muniet
2193 708 2500 786 Albam.

450 923 651 976 gruum.
718 905 884 955 Causa
917 913 1093 955 tamen
1126 900 1351 954 nominis
1386 911 1447 953 ut
1481 901 1655 970 aliqua
1691 908 1980 970 appareat,
2026 897 2345 952 adiiciuntur
2377 898 2536 952 haec:
2587 899 2718 950 Ilus

450 988 572 1028 emt
604 984 707 1026 cet.
776 972 1081 1024 Orationem
1115 982 1318 1034 autem,
1357 989 1513 1054 qnam
1551 970 1720 1039 carpit
1752 971 2023 1039 Heynius,
2075 970 2121 1020 si
2158 980 2485 1039 spectamus,
2540 969 2715 1020 dictio

448 1044 660 1096 minime
694 1053 775 1095 est
809 1060 902 1105 ea,
938 1060 1071 1110 quae
1107 1041 1441 1094 Grammanci
1487 1040 1706 1092 alicuius
1751 1039 1966 1107 ingenio
2022 1040 2316 1092 conveniat.
2385 1044 2502 1092 Res
2552 1041 2719 1090 stetit

451 1115 564 1166 Ilia
597 1131 772 1184 regno
802 1111 1012 1194 poetice
1046 1110 1241 1164 dictum
1271 1109 1513 1179 valetque
1549 1108 1707 1172 idem,
1740 1109 1882 1177 quod
1919 1127 2009 1159 res
2041 1111 2195 1161 stetit
2227 1111 2336 1161 Ilio
2371 1128 2559 1180 regno,
2600 1107 2636 1160 ἰ.
2665 1126 2717 1159 e.

453 1201 538 1235 res
574 1183 844 1234 incolumis
891 1181 993 1232 fuit
1025 1181 1125 1233 nio
1160 1197 1356 1248 regno,
1405 1199 1449 1231 a.
1495 1197 1580 1231 res
1627 1178 1892 1231 Iliensium
1937 1178 2227 1229 incolumes
2274 1179 2503 1230 fuerunt.
2575 1179 2719 1230 Nam

449 1253 666 1304 verbum
700 1264 851 1303 stare
882 1250 938 1302 h.
972 1249 1032 1315 l.,
1078 1262 1134 1303 ut
1166 1267 1358 1317 saepe,
1406 1249 1443 1300 i.
1480 1268 1532 1317 q.
1564 1248 1884 1300 incolumem
1921 1267 2070 1312 esse,
2117 1249 2201 1299 vel
2233 1249 2553 1300 incolumem
2590 1266 2720 1299 ma-

451 1341 613 1384 net-⁶3
663 1331 720 1371 ut
752 1322 849 1372 Ge.
885 1321 976 1383 IV,
1025 1322 1179 1374 208.:
1253 1317 1583 1385 „multosque
1633 1335 1732 1387 per
1782 1334 1947 1368 annos
1993 1321 2145 1370 Stat
2189 1317 2404 1369 fortuna
2446 1318 2717 1378 domus;“

453 1397 584 1444 Aen.
620 1391 685 1454 11,
719 1389 833 1444 56.:
870 1388 1173 1459 „Troiaque
1209 1405 1345 1439 nnnc
1380 1396 1570 1438 stare
1586 1392 1664 1438 t.“
1701 1386 1940 1438 Proxime
1976 1387 2045 1437 ad
2078 1396 2310 1438 nostrum
2342 1387 2515 1438 locum
2549 1405 2718 1438 acce-

454 1460 536 1512 dit
570 1458 775 1523 Livius,
812 1457 972 1510 etiam
1005 1477 1037 1510 a
1071 1457 1350 1510 Wunderl.
1385 1456 1650 1519 laudatus,
1683 1457 1725 1518 1,
1760 1457 1847 1511 3.:
1900 1457 2185 1519 „Nondum
2216 1468 2447 1508 maturus
2483 1456 2717 1525 imperio

453 1528 735 1591 Ascanius,
768 1532 977 1579 Aeneae
1009 1528 1145 1579 filius
1166 1566 1183 1593 ,
1214 1527 1343 1578 fuit:
1376 1535 1556 1577 tamen
1589 1525 1647 1576 id
1680 1524 1954 1596 imperium
1992 1525 2055 1575 ei
2088 1526 2157 1579 ad
2193 1527 2446 1596 puberem
2481 1536 2721 1577 aetatem

454 1597 798 1651 incolume
865 1597 1132 1649 mansit.
1218 1595 1504 1665 Tantisper
1558 1594 1728 1646 tutela
1783 1594 2024 1647 muliebri
2075 1624 2142 1635 —
2187 1606 2336 1648 tanta
2392 1596 2604 1647 indoles
2662 1596 2722 1646 in

453 1667 672 1720 Lavinia
716 1675 832 1718 erat
869 1695 937 1707 -
985 1684 1097 1718 res
1148 1665 1395 1717 Latina
1458 1672 1526 1715 et
1567 1681 1848 1732 regnum
1896 1664 2158 1716 avitum
2203 1676 2721 1734 paternumque

510 1753 675 1789 uero
712 1736 944 1788 stetit.
984 1737 1130 1803 Wr.)
1270 1736 1377 1790 269
1414 1751 1594 1785 annos
1623 1735 1867 1802 Longob.
1901 1733 2092 1800 Pierii,
2131 1734 2358 1786 sollenni
2391 1736 2558 1804 lapsu.
2596 1738 2724 1804 (οι--

453 1755 551 1859 bes
581 1806 772 1858 Medic.
810 1805 952 1870 Wr.)
1105 1807 1214 1860 270
1262 1801 1331 1855 ab
1382 1821 1426 1854 a.
1472 1803 1653 1856 Heius.
1700 1821 1730 1854 e
1769 1803 1960 1873 Medi9.
2006 1813 2064 1855 et
2098 1803 2166 1857 al.
2212 1804 2348 1856 adde
2386 1808 2536 1857 Rom.
2610 1804 2722 1856 vid.

456 1877 598 1929 Cort.
626 1876 694 1928 ad
718 1876 909 1926 Lucan.
936 1876 978 1936 1,
1013 1870 1136 1928 482.
1173 1885 1230 1925 et
1256 1876 1322 1936 Q.
1351 1874 1419 1924 V.
1450 1873 1493 1936 1,
1530 1874 1579 1926 1.
1624 1865 1767 1940 Wr.)
1804 1882 1990 1925 antea:
2027 1891 2064 1925 a
2088 1891 2134 1925 s.
2178 1878 2358 1941 Sprot.
2388 1886 2441 1927 et
2467 1877 2603 1926 Pan·
2643 1881 2726 1925 as.

457 1965 495 1999 a
526 1946 654 1996 sede
675 1946 879 1996 Latini.
950 1945 1191 1994 Ceterum
1230 1942 1277 1994 si
1316 1942 1609 1994 Lavinium
1645 1942 1796 1994 unice
1834 1960 2010 1992 verum
2059 1953 2175 2006 est,
2221 1944 2288 1995 cf.
2327 1962 2440 2011 sup.
2468 1945 2537 1995 ad
2582 1963 2636 1997 V.
2668 1947 2724 2004 2,

458 2013 789 2066 scribendum
816 2011 906 2064 hic
935 2022 991 2062 et
1025 2030 1074 2063 v.
1100 2013 1204 2067 258
1232 2013 1460 2063 LavinI.
1498 2011 1791 2079 (laevinum
1815 2020 1877 2062 ut
1903 2011 2087 2063 Servio
2116 2014 2186 2064 ad
2208 2032 2284 2064 vs.
2318 2014 2367 2067 2.
2401 2026 2454 2065 et
2484 2013 2724 2066 luvenati

460 2084 526 2135 ab
552 2085 723 2150 Heyn.
765 2080 894 2134 ibid.
935 2080 1076 2133 laud.
1117 2080 1495 2143 concedamus,
1529 2098 1704 2132 veram
1743 2091 1920 2133 tamen
1957 2081 2177 2133 formam
2213 2086 2507 2135 Lavinium
2532 2084 2725 2142 fuisse,

458 2154 588 2205 satis
617 2152 874 2221 probatur
898 2168 998 2219 per
1023 2166 1212 2201 nomen
1239 2148 1438 2217 gentile
1463 2152 1813 2202 Lauiniensis
1839 2157 1895 2200 et
1923 2153 2227 2214 Lavinius-3
2279 2153 2421 2221 quod
2460 2153 2506 2203 si
2539 2171 2570 2203 a
2597 2157 2727 2204 Lo-

458 2223 588 2275 vino
617 2219 841 2284 ducitur,
909 2219 1112 2271 exsistit
1149 2219 1234 2271 vel
1263 2220 1544 2282 Lauina-r,
1578 2220 1663 2270 vel
1687 2222 2048 2283 Lavinensis,
2082 2222 2164 2272 vel
2207 2222 2364 2272 etiam
2387 2225 2729 2274 Lavinium.

460 2293 698 2343 Ceterum
723 2289 830 2341 vid.
859 2291 925 2342 V.
953 2290 1017 2339 1..
1046 2289 1115 2341 ad
1142 2308 1215 2340 va.
1243 2289 1363 2344 258.
1409 2288 1551 2355 Wr.)
1690 2292 1792 2344 271
1828 2307 2031 2354 mag-na
2074 2294 2131 2343 vi
2164 2291 2366 2344 Zulich.
2395 2303 2454 2342 ut
2484 2302 2539 2342 et
2569 2292 2727 2343 alibi.

460 2379 513 2413 v.
554 2362 827 2411 Burmann.
896 2360 957 2410 vi
994 2359 1170 2410 multa
1209 2358 1425 2409 Oudart.
1467 2368 1523 2408 et
1565 2356 1642 2410 sic
1671 2358 1761 2409 alii
1788 2358 1931 2428 apud
1962 2358 2098 2411 Pier.
2167 2364 2375 2413 muniet
2399 2359 2584 2413 urbem
2614 2380 2726 2412 sec.

459 2429 647 2482 Hamb.
699 2427 932 2495 (Iahnius
957 2431 1209 2498 Longam
1231 2426 1428 2478 maiore
1455 2426 1611 2479 litera
1637 2427 1830 2479 initiali
1864 2428 2124 2490 exaravit3
2172 2447 2271 2498 ego
2306 2431 2551 2501 poeticae
2592 2448 2726 2482 ora-

459 2498 598 2553 tioni
625 2496 1105 2551 convenientiorem
1127 2496 1251 2549 duxi
1278 2496 1542 2566 vulgarem
1570 2498 1847 2551 rationem.
1888 2499 1972 2551 W
1966 2499 2035 2567 r.)

464 2639 791 2700 Troianum
815 2659 1064 2719 regnum
1089 2639 1206 2699 suit
1226 2639 1543 2714 incolume,

462 2727 581 2786 Ilus
618 2726 949 2789 dicebatur.
989 2747 1197 2804 regrw,
1242 2727 1353 2784 sub
1385 2727 1545 2803 regi-

461 2812 606 2888 bus;
651 2821 714 2870 at
750 2832 913 2871 nunc
952 2830 1155 2872 eversa
1193 2811 1392 2887 Troia,
1437 2811 1547 2870 Iu·-

1629 2660 1767 2700 men
1792 2637 1946 2699 illud
1974 2661 2112 2701 cum
2139 2652 2351 2721 poetae
2382 2643 2730 2701 rationibus

1629 2726 1938 2786 convenit:
1987 2728 2064 2791 cf.
2105 2727 2212 2788 ins.
2254 2728 2406 2802 VIII,
2448 2728 2552 2802 42,
2616 2728 2730 2802 47,

1630 2811 1736 2877 48.
1774 2811 1961 2886 οιῦεε,
2010 2834 2218 2888 annos,
2261 2835 2537 2892 magnos,
2578 2814 2729 2873 lon-

461 2897 558 2957 lus
595 2897 711 2956 dici
748 2899 964 2977 coepit.
1049 2892 1169 2956 Sed
1201 2918 1260 2958 v.
1289 2898 1546 2958 Excurs.
1629 2918 1753 2978 gos,
1796 2906 1867 2956 ut
1903 2899 2062 2975 alibi,
2095 2899 2364 2979 epitheto
2392 2918 2468 2958 ex
2497 2910 2733 2961 natura

465 2981 545 3041 ad
576 2980 641 3043 h.
677 3003 738 3045 v.
783 2982 870 3065 (et
910 3002 1063 3062 quae
1106 2983 1314 3062 scripsi
1361 2983 1427 3042 in
1473 2982 1546 3043 V.

463 3068 532 3130 L.
566 3070 673 3127 W
662 3065 741 3149 r.)
765 3122 784 3149 0

557 3156 684 3217 269
711 3184 794 3198 -
815 3155 963 3219 271.
1020 3150 1347 3229 Trigesimo
1382 3151 1553 3230 regni

467 3258 627 3297 anno
672 3237 963 3297 Ascanius
1020 3236 1237 3296 Albam
1289 3238 1552 3316 Longam

470 3322 836 3396 condidisse,
909 3322 1228 3400 sedemque
1288 3324 1458 3402 regni
1518 3342 1556 3380 a

465 3408 714 3469 Lavinio
753 3408 820 3466 in
854 3428 1076 3467 novam
1106 3407 1319 3467 urbem
1354 3417 1556 3467 trans-

465 3494 673 3554 mlisse
697 3492 984 3556 traditur.
1029 3492 1215 3566 Quod
1249 3493 1297 3552 si
1330 3494 1380 3552 is
1408 3512 1555 3553 ver-

466 3580 687 3640 borum
728 3598 936 3637 sensus
980 3597 1106 3638 esse
1148 3578 1346 3655 debet,
1389 3579 1554 3637 anti-

468 3683 586 3744 que
615 3665 850 3724 locutus
877 3672 969 3722 est
990 3672 1167 3744 poeta
1191 3685 1339 3744 prox
1373 3664 1554 3725 Asca-

467 3752 607 3811 nius
633 3751 818 3810 XXX
846 3768 1034 3809 annos
1062 3749 1314 3830 imperio
1341 3751 1553 3831 exple-

466 3836 588 3910 bit,
632 3857 771 3895 cum
803 3855 1054 3913 regnum
1097 3838 1433 3896 transferet.
1490 3836 1556 3894 Si

468 3931 673 3982 tamen
714 3920 794 3980 ad
839 3942 1214 3981 communem
1256 3923 1556 3982 rationem

469 4006 920 4087 grammaticam
937 4007 1123 4066 verba
1154 4007 1423 4087 accipias,
1455 4011 1557 4067 ni-

443 4091 560 4153 -hil
597 4091 809 4155 definit
840 4102 1052 4172 poeta,
1098 4094 1206 4151 sed
1237 4093 1557 4155 Ascanium

471 4180 655 4239 XXX
682 4194 871 4237 annos
898 4196 1021 4237 esse
1047 4189 1460 4258 regnaturum,
1495 4189 1559 4239 et

471 4266 534 4324 in
560 4263 679 4323 hoc
707 4263 873 4343 regni
911 4273 1180 4344 tempore
1211 4265 1420 4324 urbem
1449 4287 1559 4325 no-

472 4372 609 4410 vam
641 4348 1032 4410 conditurum
1067 4351 1168 4413 ait.
1259 4350 1427 4410 Prius
1459 4360 1558 4411 ta-

1635 2982 1779 3042 anni
1818 2982 2172 3061 depromto,
2232 2994 2526 3063 quatenus
2576 2988 2733 3065 plu-

1635 3070 1796 3130 rium
1822 3072 2116 3132 mensium
2144 3072 2334 3150 spatia
2364 3073 2429 3130 in
2460 3090 2521 3129 se
2546 3092 2732 3131 com-

1634 3152 1978 3236 prehendit.
2074 3157 2412 3236 Argutatur
2453 3156 2733 3220 macrob.

1636 3242 1702 3299 in
1741 3242 1947 3305 Somn.
1994 3243 2150 3323 Scip.
2194 3244 2264 3319 Π,
2317 3247 2389 3308 11
2436 3251 2499 3301 et
2545 3246 2730 3308 Serv.

1636 3346 1776 3385 cum
1819 3327 1947 3387 aliis
1977 3329 2407 3409 interpretibus
2451 3329 2512 3387 in
2548 3327 2617 3392 h.
2661 3349 2733 3391 v.

1637 3413 1705 3471 lu
1736 3412 1859 3475 Ecl.
1883 3413 1983 3489 IV,
2004 3421 2085 3481 12
2109 3419 2329 3493 magni
2345 3436 2572 3472 men-we
2597 3415 2732 3473 vim

1636 3496 1860 3556 habere
1897 3509 2152 3579 possunt
2193 3520 2272 3559 ex
2308 3500 2538 3577 reliqua
2560 3520 2734 3568 ,ora-

1636 3583 1823 3645 tione.
1886 3585 2195 3645 volvendis
2247 3586 2571 3660 mensibus,
2619 3586 2733 3664 qui

1636 3669 2000 3743 volvuntur,
2044 3672 2307 3731 volvunt
2336 3691 2415 3731 se.
2462 3670 2619 3750 (vid.
2648 3671 2734 3746 Q.

1638 3755 1710 3816 V.
1739 3756 2041 3831 XXVIIII,
2085 3757 2147 3822 4.
2194 3757 2349 3816 adde
2384 3758 2734 3817 Ennianum

1637 3839 1793 3899 illud
1819 3863 1912 3919 ap.
1939 3843 2115 3903 Varr.
2148 3843 2222 3902 de
2262 3844 2325 3908 L.
2352 3844 2418 3905 1..
2441 3843 2482 3906 l.
2517 3844 2626 3902 vn
2664 3865 2735 3925 p.

1641 3929 1790 3990 381.
1834 3930 2077 4007 Speng.:
2137 3929 2416 4002 „Clamor
2462 3929 2543 3989 ad
2586 3949 2740 3988 cae-

1640 4011 1767 4070 lum
1821 4014 2267 4074 volvendus
2325 4035 2431 4095 per
2478 4014 2737 4076 aethera

1640 4098 1890 4179 mugit.“
1943 4096 2119 4182 Wr.)
2174 4104 2400 4159 mum'et
2457 4103 2738 4178 exquisi-

1643 4183 1762 4241 tius
1817 4203 1997 4260 quam
2049 4198 2318 4245 exstruet.
2394 4189 2591 4247 media
2641 4193 2731 4259 νί,

1594 4342 1595 4345 ¹
1641 4270 1866 4347 magnis
1894 4271 2127 4351 opibus,
2170 4291 2384 4357 niagno
2411 4270 2736 4334 hominum

1639 4373 1964 4433 rerumque
2021 4367 2343 4437 apparatu3
2397 4368 2464 4418 at
2517 4360 2736 4426 Burm.
