2882 5028
779 402 968 474 ΑΙ)
1074 401 1735 477 LIBRUM
1840 404 1928 477 11
2352 415 2500 489 401

214 608 345 667 quo
366 587 1227 667 plaaeoecrumtemoeoeeootae.
1279 593 1351 653 cs.
1372 595 1596 653 Seneca
1611 594 2187 661 Troad.439.110rc.
2203 597 2347 660 Fur.
2380 605 2504 668 129

214 676 379 734 cul.
408 695 470 735 v.
496 675 766 756 coi-ph.
802 676 940 757 Arg.
959 671 1274 742 5342122’
1295 672 1399 741 ὅτε
1423 676 1572 762 πρὸς
1592 679 1853 760 μέσατον
1879 679 2100 757 νυκτός
2129 682 2503 767 προῦβαινεν

218 754 535 842 ἀταρπός,
561 757 799 842 ’Ἄστρα
846 786 908 825 τε
946 768 1264 843 τηλεφανῆ
1293 765 1482 827 δῦνεν
1514 763 1602 847 (in
1634 786 1704 826 eo
1729 768 1846 826 iam
1873 778 2049 827 erant
2088 779 2163 828 ut
2201 771 2499 854 subirent)

220 841 377 925 ῥ’ὂον
415 840 761 910 Ὠκεανοῖο.
850 849 1111 908 Ductum
1151 847 1269 909 hoc
1311 850 1386 910 ab
1430 852 1855 931 antiquissimis
1898 854 2110 932 poetis.
2197 857 2314 916 Par
2364 880 2502 919 mo-

219 932 346 991 dus
387 942 513 1007 est,
558 934 807 1010 quando
850 934 930 994 ad
974 935 1287 996 oculorum
1326 955 1566 997 sensum
1610 939 1834 1000 iudicio
1876 940 2039 998 facto
2079 942 2260 1002 modo
2303 943 2501 1004 sidera

220 1021 649 1096 circumagere
687 1042 750 1076 se
790 1023 855 1078 in
883 1023 1047 1080 coelo
1084 1040 1156 1079 ac
1185 1025 1644 1082 circumvolvere
1682 1045 1786 1104 per
1829 1034 2198 1086 nocturnum
2237 1030 2499 1108 spatium

219 1100 317 1184 (v.
358 1124 412 1163 c.
455 1104 624 1182 quod
672 1105 752 1163 ad
793 1126 1041 1167 manum
1085 1115 1209 1183 est,
1251 1107 1467 1181 Quint.
1511 1110 1633 1170 Cal.
1677 1113 1755 1186 X,
1804 1116 1919 1176 101
1951 1102 2140 1191 Ἦμος
2171 1108 2240 1176 δ’
2284 1111 2499 1196 αἰγλή-

218 1214 373 1251 εντα
426 1185 857 1270 περιστρέφετ’
927 1187 1215 1272 οὐρανὸν·
1259 1191 1477 1276 ἄστρα)
1536 1195 1718 1256 modo
1782 1198 1937 1256 coeli
1989 1202 2382 1259 inversionem
2439 1210 2499 1263 et

219 1276 637 1335 versationem
696 1277 940 1356 singulis
996 1278 1276 1338 noctibus
1293 1324 1310 1354 ,
1375 1290 1448 1339 ut
1494 1280 1702 1341 diebus
1749 1282 2021 1361 singulis,
2083 1284 2214 1343 fieri
2270 1287 2496 1350 dicunt.

220 1362 325 1420 sic
368 1362 484 1421 inf.
532 1364 660 1429 250
694 1364 965 1422 Venitur
1008 1369 1231 1423 interea
1273 1368 1506 1424 coelum
1523 1412 1541 1441 ‚
1591 1382 1646 1425 et
1683 1371 1802 1426 mie
1839 1369 2079 1427 Oceano
2117 1372 2290 1443 Nor,
2339 1370 2400 1431 h.
2445 1383 2496 1435 c.

219 1447 457 1525 surgit,
532 1447 745 1526 prodit
805 1469 943 1509 cum
989 1450 1155 1509 coelo
1217 1470 1428 1529 vex-803
1487 1454 1656 1531 quasi
1711 1473 1942 1514 novum
1994 1449 2497 1536 hemisphaerium

220 1534 421 1593 oculis
476 1552 607 1591 sese
663 1534 875 1594 offerat
929 1554 1038 1615 per
1097 1544 1352 1596 noctem.
1453 1537 1620 1597 Haec
1677 1560 1800 1598 non
1843 1540 2259 1600 animadversa
2315 1545 2496 1603 miras

217 1619 540 1678 interdum
587 1619 997 1698 interpretum
1047 1622 1313 1700 argutias
1353 1633 1741 1702 pepererunt.
1826 1626 2048 1685 Lucan.
2092 1627 2177 1702 11,
2229 1628 2305 1692 15
2349 1632 2497 1689 Nor

220 1705 333 1764 aba·
376 1706 590 1762 sidera
630 1708 867 1780 condit,
916 1706 980 1766 h.
1024 1727 1075 1766 e.
1118 1709 1333 1786 mergit
1374 1710 1528 1768 mari
1573 1711 1908 1770 occidentia
1933 1712 2044 1771 sub
2067 1714 2263 1771 Solem
2293 1716 2495 1774 arian·-

150 1849 153 1854 .
216 1801 361 1851 tem.
455 1790 747 1849 Omnium
789 1790 1008 1851 harum
1051 1793 1336 1872 loquendi
1380 1798 1731 1872 formarum,
1773 1797 1852 1854 ad
1894 1816 2134 1857 sensum
2177 1800 2495 1863 oculorum
2575 1851 2580 1856 ,

219 1896 251 1934 s
294 1876 567 1938 rudibus
608 1876 752 1935 inde
795 1879 1113 1938 aetatibus
1152 1881 1703 1960 frequentatamm‚
1759 1883 1988 1962 primae
2044 1885 2232 1943 lineae
2276 1906 2494 1947 occur-

220 1973 369 2021 runt
415 1963 477 2020 in
524 1962 828 2034 Homero,
887 1965 1063 2024 sicuti
1122 1966 1304 2024 etiam
1360 1969 1645 2026 cadentia
1700 1970 1902 2028 sidera
1949 1967 2011 2026 h.
2058 1970 2095 2030 1.
2140 1981 2200 2030 et
2240 1972 2347 2032 inf.
2391 1973 2490 2079 IV3

221 2052 321 2112 81.
370 2048 526 2123 vm,
585 2052 707 2113 59:
777 2059 840 2108 et
889 2049 1278 2128 procedentia
1320 2055 1561 2111 sidera.-
1625 2053 1791 2112 iliad.
1838 2078 1906 2130 κ,
1964 2055 2110 2120 251.
2153 2058 2279 2123 252
2329 2051 2464 2122 Ἀλλ

221 2134 394 2210 ἴομεν
419 2154 433 2169 “
494 2130 666 2214 μάλα
698 2131 815 2216 reip
854 2132 970 2211 νΰξ
1011 2133 1240 2211 ἄνεται,
1281 2132 1506 2219 ἐγγύθι
1557 2132 1793 2221 δ’ἠῶς,
1826 2136 2056 2223 ”Ampe
2101 2139 2168 2203 δὲ
2208 2140 2287 2224 δὴ
2331 2168 2490 2227 προ-

224 2220 455 2301 βέβηκι.
549 2220 730 2280 Adde
774 2221 993 2302 Odyss.
1038 2247 1099 2301 μ,
1144 2227 1288 2288 312.
1344 2224 1397 2299 ξ,
1439 2223 1587 2289 483.
1632 2224 1875 2285 Hesiod.
1908 2226 1971 2286 E.
2001 2231 2144 2292 620.

1159 2465 1566 2474 ψ..

792 2652 1672 2745 EXCURSUS
1760 2656 1909 2740 III

698 2822 863 2888 De
989 2847 1282 2913 equo
1419 2823 2006 2889 Troiano.

396 2994 462 3071 ss,
511 2999 613 3064 15.
659 2999 758 3061 16.
846 2998 947 3053 De
986 2997 1163 3075 Equo
1215 3000 1477 3056 Troicum
1534 2994 1869 3077 episodium
1911 3013 1989 3054 ex
2030 2994 2324 3054 Pisandro
2372 3016 2486 3075 pe-

240 3079 399 3140 titum
437 3102 598 3157 esse,
660 3081 812 3139 salso
857 3101 891 3139 a
935 3081 1241 3142 Macrobio
1276 3084 1604 3158 traditum,
1653 3102 1836 3163 supra
1882 3080 2320 3141 declaravimus
2357 3082 2488 3141 Ex-

231 3185 398 3226 cursu
436 3169 463 3227 1
510 3169 595 3228 ad
640 3167 809 3227 hunc
851 3167 1090 3229 librum.
1176 3168 1500 3230 Videamus
1542 3168 1759 3249 igitur,
1818 3188 1897 3227 an
1942 3167 2237 3248 probabili
2289 3167 2486 3247 aliqua
2542 3225 2553 3236 ,

225 3254 443 3313 ratione
487 3253 769 3335 expediri
802 3254 1013 3332 possit,
1056 3274 1234 3332 quem
1273 3255 1455 3314 alium
1501 3263 1810 3314 auctorem
1843 3263 2134 3332 sequutus
2163 3254 2242 3313 sit
2283 3264 2484 3333 poeta.

380 3340 694 3400 Homerus
737 3340 855 3401 iam
899 3339 1063 3399 Iliad.
1115 3365 1178 3415 o,
1226 3344 1303 3404 71
1353 3340 1721 3400 mentionem
1766 3341 1855 3399 rei
1899 3339 2216 3399 obscuram
2262 3340 2484 3399 iniece-

218 3436 342 3500 nt,
403 3421 605 3500 2196&
658 3420 891 3505 Ἀχαιοὶ
928 3424 1134 3488 Ἴλιον
1196 3420 1349 3488 alud
1412 3426 1637 3503 ἕλοιεν,
1688 3419 2032 3506 Ἀθηναίης
2087 3423 2190 3487 6ιᾶ
2236 3422 2483 3506 βουλάς.

218 3525 393 3590 (qnos
437 3534 476 3570 a
527 3511 840 3591 rhapsodo
878 3512 1137 3570 insertos
1194 3530 1319 3570 esse
1360 3511 1593 3571 videbis
1645 3512 1710 3570 in
1752 3511 1921 3570 obss.
1979 3511 2059 3570 ad
2114 3531 2163 3571 e.
2209 3509 2276 3592 l.)
2364 3513 2485 3574 Sed

217 3596 503 3657 disertius
551 3598 713 3656 idem
753 3597 828 3655 de
870 3597 1041 3674 Equo
1085 3598 1205 3675 egit
1244 3598 1460 3676 odyss.
1503 3603 1573 3672 θ’,
1598 3596 1743 3662 492.
1768 3598 1824 3672 δ,
1868 3600 1986 3660 271
2037 3617 2184 3676 ⁸qq·‚
2230 3597 2305 3656 de
2345 3599 2484 3676 qui·

216 3682 329 3742 bus
370 3685 526 3744 locis
556 3685 717 3743 infra
761 3682 1100 3742 videbimus
1131 3685 1271 3743 Exc.
1319 3685 1444 3743 vu.
1531 3681 1690 3741 Huic
1731 3690 2041 3760 tamquam
2083 3683 2484 3746 fundamento

217 3779 640 3848 superstructa
686 3770 805 3829 suit
849 3758 1227 3829 communior
1264 3770 1462 3848 aliqua
1505 3767 1797 3843 narratio,
1848 3787 2026 3846 quam
2056 3769 2276 3847 partim
2307 3790 2342 3828 a
2367 3771 2481 3828 Le-
2522 3788 2530 3792 ·

214 3854 395 3916 acheo
436 3856 667 3936 partim
719 3856 797 3913 ab
843 3855 1093 3914 Arctino
1133 3856 1199 3914 in
1255 3852 1432 3918 Ἰλίου
1479 3854 1774 3934 :ciconias
1808 3854 1922 3913 nisi
1965 3855 2279 3934 utriusque
2319 3855 2483 3916 idem
2577 3878 2580 3881 ’

217 3941 332 4001 fuit
356 3952 597 4018 auctor,
646 3941 984 4022 expositam
1011 3959 1154 4016 esse,
1198 3960 1274 3999 ex
1298 3941 1494 4000 Procli
1523 3942 1855 4019 fragmento
1882 3939 2193 4000 discimus:
2236 3948 2481 4001 utrum-

216 4046 332 4104 que
375 4028 660 4107 Virgilius
702 4036 994 4106 sequutus
1033 4046 1157 4085 esse
1199 4026 1476 4087 videtur:
1533 4035 1608 4086 ut
1648 4045 1726 4085 ex
1767 4027 2213 4107 comparatione
2254 4028 2482 4089 intelli-

215 4113 393 4191 gitur.
482 4114 756 4189 Quintus
819 4112 943 4172 cal.
986 4113 1135 4189 ΧΠ,
1196 4112 1317 4176 134
1358 4133 1486 4192 sqq.
1531 4112 1807 4193 copiosus
1849 4122 1940 4172 est
1984 4110 2100 4171 hac
2155 4113 2218 4172 in
2262 4133 2361 4189 re3
2419 4124 2482 4174 et

216 4201 485 4261 occurrit
535 4202 751 4279 Equus
793 4198 1091 4258 Troianus
1138 4198 1312 4257 simili
1368 4200 1492 4258 fere
1552 4200 1746 4258 forma
1811 4217 1880 4258 ac
1923 4206 2092 4258 statu
2143 4200 2208 4258 in
2251 4199 2481 4258 Tabula

217 4283 420 4363 mace,
466 4308 624 4367 quae
668 4288 733 4346 in
780 4283 900 4344 hac
940 4295 1116 4363 parte
1159 4283 1402 4344 [lisdem
1441 4305 1698 4364 parvam
1739 4285 1907 4361 sequi
1950 4284 2289 4363 profitetur.
2371 4284 2479 4341 Di-

214 4390 381 4433 verse
400 4384 608 4433 tamen
638 4368 936 4432 nonnulla
969 4388 1107 4429 cum
1136 4389 1173 4427 a
1212 4380 1422 4431 nostro
1468 4382 1600 4431 tum
1628 4390 1665 4428 a
1692 4371 1904 4429 ceteris
1944 4371 2142 4449 poetis
2184 4379 2245 4428 et
2274 4387 2477 4447 gram-

74 4458 91 4531 J
211 4461 440 4520 maticis
484 4460 733 4521 nmari
772 4455 1021 4531 videas,
1078 4457 1154 4516 cs.
1193 4455 1410 4537 Hygin.
1449 4458 1488 4518 s.
1536 4459 1675 4525 108.
1721 4465 1784 4516 et
1823 4456 1979 4531 Not„
2022 4474 2176 4532 quae
2209 4455 2335 4534 ipsa
2383 4470 2478 4513 res

302 4565 627 4643 Vmcn..
691 4559 909 4632 Tou.
963 4556 1058 4629 Π.
1962 4555 2065 4625 26
