2882 5028
420 307 574 382 492
905 301 988 377 P.
1042 300 1584 376 VIRGILII
1634 300 2193 378 MARONIS

416 489 690 588 Ecqua
715 497 984 560 tamen
1017 508 1274 585 puero
1309 498 1429 562 est
1463 487 1792 562 amissae
1827 511 2010 566 cura
2042 487 2429 588 parentis?

413 588 727 691 Ecquid
764 589 847 663 in
878 589 1280 689 antiquam
1310 590 1690 665 virtutem
1717 592 2186 692 animosque
2221 591 2454 666 virilis

414 696 519 770 Et
543 704 772 792 pater
801 695 1107 768 Aeneas
1141 706 1219 767 et
1256 692 1687 770 avunculus
1723 696 1999 770 excitat
2022 698 2370 771 Hector?

523 793 738 875 Talia
767 793 1159 871 fundebat
1186 796 1635 895 lacrimam,
1690 797 2137 900 longosque
2166 797 2418 873 ciebat

415 967 588 1038 aliqua
611 967 812 1020 doloris
836 968 1217 1037 significatione
1241 969 1506 1040 exciperet
1526 1009 1539 1034 ,
1575 970 1713 1022 unde
1741 970 1835 1023 illa
1877 971 2138 1023 coniicere
2164 978 2379 1053 posset,
2413 970 2632 1021 Creusam

415 1038 521 1089 iam
549 1056 579 1089 e
607 1038 716 1091 vita
742 1038 1049 1090 decessisse.
1120 1039 1253 1091 Hinc
1290 1038 1616 1110 interruptus
1659 1058 1737 1092 vs.
1772 1042 1894 1096 340.
1963 1042 2070 1094 Sed
2103 1040 2336 1091 ubi‘hoc
2372 1040 2522 1090 modo
2557 1039 2632 1089 in·

415 1113 610 1159 terrum
649 1106 754 1159 itur
784 1108 985 1171 oratio,
1019 1107 1095 1159 ita
1120 1118 1296 1160 tamen
1325 1109 1430 1160 hoc
1456 1110 1792 1176 attemperari
1826 1128 1924 1178 par
1952 1120 2063 1174 est,
2114 1120 2205 1174 ut,
2252 1107 2379 1178 quid
2419 1107 2547 1159 alter
2585 1108 2632 1158 in

414 1177 587 1228 animo
661 1178 846 1240 abeat,
879 1177 1036 1229 facile
1069 1196 1185 1229 sese
1215 1178 1423 1245 prodat.
1495 1179 1555 1229 Id
1598 1196 1723 1230 vero
1763 1197 1827 1230 ex
1866 1180 1949 1231 his
1987 1179 2161 1231 verbis
2206 1183 2375 1245 Quem
2410 1177 2506 1229 cibi
2539 1180 2633 1228 iam

422 1247 589 1298 Troia
612 1246 798 1298 coniici
829 1264 934 1297 non
962 1264 1149 1317 posse,
1187 1258 1425 1315 apertum
1456 1259 1561 1309 est3
1611 1266 1916 1319 quamquam
1940 1249 1995 1300 id
2014 1287 2028 1314 ,
2061 1248 2205 1317 quod
2230 1248 2492 1312 debebat,
2523 1263 2634 1297 sen-

414 1315 545 1367 sisse
572 1316 1004 1380 Andromachen,
1050 1315 1165 1386 ipsa
1199 1317 1396 1368 indicat
1440 1318 1804 1385 subsequentis
1850 1318 2104 1370 orationis
2147 1315 2389 1381 indoles,
2448 1316 2632 1385 quando

413 1403 517 1436 vss.
539 1386 662 1440 341.
689 1403 804 1454 sqq.
840 1385 1017 1438 vivere
1040 1386 1314 1438 Ascanium
1340 1387 1602 1455 significat
1628 1388 2013 1452 Andromache,
2047 1386 2138 1456 qui
2167 1404 2236 1438 an
2264 1384 2463 1440 viveret
2490 1402 2634 1454 quae-

413 1455 573 1506 sierat
598 1456 757 1506 modo
793 1472 856 1506 ex
895 1460 1089 1507 Aenea.
1158 1458 1338 1525 Itaque
1379 1476 1443 1507 ex
1484 1457 1577 1509 alt.
1616 1458 1925 1526 Menagiano
1974 1474 2071 1527 pro
2117 1462 2288 1523 Quem
2327 1454 2631 1507 scribendum

415 1529 596 1590 Quae,
631 1524 773 1593 quod
795 1525 1053 1577 referatur
1075 1524 1143 1576 ad
1163 1536 1380 1577 matrem
1413 1525 1655 1591 Ascanii,
1704 1538 1829 1597 post
1865 1538 2165 1598 superatne
2204 1535 2384 1577 autem
2421 1523 2634 1575 interro-

412 1593 799 1662 gandisignum
815 1633 831 1658 ‚
866 1606 922 1646 et
950 1604 1077 1664 post
1101 1614 1247 1647 aura
1273 1613 1473 1647 comma
1496 1597 1826 1666 ponendum,
1862 1606 1920 1646 nt
1948 1595 2143 1663 duplex
2166 1595 2384 1647 exsistat
2421 1594 2634 1644 iuterro-

413 1665 571 1732 gatio,
602 1674 658 1714 et
680 1664 893 1714 verbum
918 1675 1146 1734 superat
1171 1665 1239 1717 ad
1263 1665 1555 1730 Ascanium,
1589 1668 1827 1718 vescitur·
1853 1666 1921 1717 ad
1949 1666 2189 1717 Creusam
2215 1673 2435 1735 spectet.
2501 1667 2634 1728 Quae

412 1743 618 1798 autem,
655 1733 744 1785 ubi
772 1732 935 1784 semel
968 1744 1197 1786 extrema
1237 1752 1416 1786 versus
1465 1735 1828 1804 praecedentis
1862 1753 1986 1805 pars
2028 1735 2096 1786 ad
2136 1734 2416 1786 Ascanium
2450 1733 2634 1783 refere-

412 1803 595 1866 batur,
668 1813 892 1854 romtum
924 1814 1038 1855 erat
1063 1803 1119 1854 in
1148 1809 1315 1870 Quem
1358 1814 1577 1856 mutare.
1649 1805 1889 1857 Ceterum
1928 1804 1974 1856 si
2020 1804 2137 1875 quis
2183 1813 2403 1873 quaerat
2450 1820 2510 1854 ex
2546 1819 2632 1863 me,

411 1889 602 1940 quomo
643 1890 675 1923 o
702 1872 991 1940 explendus
1019 1873 1259 1925 videatur
1286 1873 1373 1926 hic
1396 1873 1714 1938 versiculus,
1749 1884 1808 1925 ut
1840 1884 1984 1926 certe
2023 1884 2235 1925 constet
2274 1874 2343 1925 de
2380 1871 2634 1933 sententia,

409 1960 477 1993 ne
505 1941 608 2010 ipsi
632 1941 841 2009 quidem
866 1942 1090 2011 Virgilio
1118 1943 1355 2011 suspicor
1397 1943 1730 1995 obversatam
1771 1961 1886 1995 esse
1928 1943 2138 2013 plenam
2178 1943 2392 2012 suisque
2428 1940 2633 1993 numeris

410 2011 720 2063 absolutam.
788 2013 858 2063 Et
885 2011 1134 2064 hactenus
1173 2013 1401 2064 fortasse
1448 2012 1833 2065 assentiendum
1876 2014 1976 2065 erit
2017 2012 2313 2077 Brunckio,
2359 2010 2632 2079 Virgilium,

409 2080 456 2131 si
485 2078 720 2132 licuisset
737 2117 755 2144 ,
788 2081 920 2133 haec
942 2090 1338 2134 retractatorum
1366 2081 1527 2133 fuisse
1551 2082 1804 2152 opinanti.
1849 2083 1991 2150 Wr.)
2127 2079 2229 2136 341
2269 2087 2346 2133 Et
2379 2099 2513 2152 quae
2538 2081 2634 2130 iam

407 2161 530 2202 ante
555 2151 739 2202 Heius.
766 2149 1057 2217 legebatur.
1096 2151 1189 2218 (ita
1213 2151 1377 2203 Palat.
1406 2160 1462 2202 et
1489 2156 1572 2206 10.
1619 2152 1760 2217 Wr.)
1829 2156 1898 2203 At
1929 2150 2174 2203 meliores
2202 2151 2386 2202 Heius.
2428 2159 2481 2202 et
2510 2147 2632 2200 Pier.

409 2237 525 2272 cum
554 2221 764 2271 Donato
792 2232 844 2271 et
867 2220 1098 2272 carisio:
1131 2225 1206 2274 Et
1232 2239 1342 2290 qua
1369 2233 1548 2272 tamen
1569 2221 1654 2272 vel
1686 2227 1767 2272 Ec
1800 2240 1910 2291 qua
1950 2234 2169 2282 numeru
2220 2221 2329 2273 hoc
2366 2229 2421 2271 et
2459 2220 2628 2284 fragm.

406 2288 576 2342 vatic.
605 2289 783 2340 habet.
851 2290 954 2342 Alii
984 2296 1163 2360 Ecque
1186 2302 1394 2353 tamen,
1440 2295 1515 2341 Ec
1538 2309 1680 2360 quae
1701 2289 1787 2341 vel
1814 2295 2033 2361 Ecquae
2073 2303 2218 2353 tam,
2272 2295 2424 2356 Quae
2469 2293 2632 2339 tamen

407 2371 462 2410 ee
481 2378 540 2430 p.
576 2358 672 2426 (sic
703 2357 822 2410 Alb.
864 2360 1007 2427 Wr.)
1079 2363 1199 2424 Qua
1227 2371 1406 2410 tumen
1437 2372 1521 2421 εις
1560 2360 1697 2410 utin
1728 2358 1916 2410 talibus
1953 2358 2116 2410 errari
2156 2361 2275 2410 fere
2317 2359 2470 2410 solet.
2534 2361 2631 2407 Eo-

400 2428 865 2510 quaenamfloth.
894 2447 975 2498 pr.
1043 2433 1263 2509 Ecquae
1286 2423 1538 2497 Pompon.
1565 2430 1686 2480 Sab.
1715 2427 2105 2497 interpretatur.
2175 2431 2372 2481 amissi
2397 2426 2634 2508 pafenfis

402 2498 851 2620 3231?ssssssssss
872 2518 955 2621 ἐξ,
977 2498 1206 2619 {¹222ss
1230 2497 1486 2619 {finiani
1545 2499 1811 2637 {2⁰:332ss
1817 2499 2227 2620 ‘'15337213335
2227 2498 2436 2620 33:1¹&
2459 2503 2632 2635 :5:2¹2

404 2650 542 2689 ctum
569 2637 757 2700 habui3
795 2648 849 2688 et
875 2639 1045 2689 adhuc
1072 2655 1371 2706 persuasum
1396 2637 1525 2689 mibi
1554 2638 1754 2700 habeo,
1802 2655 1831 2689 e
1871 2648 2048 2690 vetere
2094 2637 2308 2708 quidem
2354 2638 2492 2689 libro
2530 2649 2630 2685 eum

404 2707 471 2759 ad
511 2724 611 2759 nos
656 2707 988 2776 pervenisse,
1036 2708 1132 2759 sed
1165 2707 1450 2776 aliquando
1492 2707 1560 2759 ad
1597 2708 1881 2776 marginem
1919 2707 2091 2758 aliena
2132 2724 2288 2759 mann
2333 2705 2632 2774 adscriptum

403 2776 735 2841 adhaesisse,
770 2794 870 2828 una
894 2796 1008 2828 cum
1044 2777 1340 2844 fragmento
1370 2776 1657 2844 superioris
1681 2794 1891 2840 versus,
1939 2776 2083 2828 cuius
2128 2776 2334 2846 reliqua
2376 2793 2493 2844 pars
2538 2773 2630 2823 ob-

401 2846 637 2898 litterata
674 2856 814 2909 erat3
865 2849 966 2909 Et,
1016 2846 1062 2898 si
1102 2848 1238 2898 bene
1276 2863 1532 2914 auguror,
1593 2867 1622 2898 a
1665 2857 1824 2915 poeta
1861 2856 2063 2897 tantum
2100 2845 2192 2897 ina
2235 2846 2435 2915 scripta
2474 2851 2628 2895 eraut:

403 2918 547 2981 Quid
566 2934 710 2988 puer
733 2920 1026 2969 Ascanius.
1095 2918 1305 2985 Ecquid
1334 2920 1391 2967 in
1434 2918 1717 2986 antiquam
1753 2935 1805 2967 v.
1873 2914 2159 2966 Brunckius
2206 2912 2484 2984 utrumque
2522 2929 2632 2963 ver-

401 3002 515 3037 sum
541 3005 573 3039 a
594 2994 758 3055 poeta
780 2994 980 3037 temere
1007 2985 1061 3036 in
1090 2986 1323 3037 chartam
1364 2986 1655 3036 coniectum
1699 2985 1864 3037 fuisse
1901 2984 2267 3049 existimabat,
2319 2995 2382 3036 ut
2418 2979 2629 3035 olim-ab

403 3072 467 3107 eo
495 3060 888 3107 retractaretur.
961 3054 1066 3105 Vix
1090 3065 1264 3106 tamen
1293 3055 1425 3106 haec
1472 3055 1682 3105 omnino
1723 3064 1914 3122 poetae
1949 3054 2004 3105 in
2048 3053 2276 3105 animum
2317 3054 2494 3106 venire
2535 3067 2631 3120 po-

399 3135 580 3189 tuere,
615 3142 730 3176 cum
756 3124 928 3176 aliena
955 3124 1062 3174 sint
1089 3142 1119 3174 a
1151 3143 1210 3174 re
1239 3134 1294 3174 et
1320 3123 1459 3175 loco.
1497 3125 1616 3192 (sed
1641 3124 1760 3175 vide
1796 3124 1929 3189 iam,
1963 3141 2098 3194 quae
2137 3124 2206 3176 ad
2234 3141 2313 3177 vs.
2355 3122 2476 3178 340.
2509 3120 2631 3171 scri·-

400 3194 613 3264 psimus.
657 3193 799 3258 Wr.)
938 3193 1043 3247 342
1079 3197 1152 3243 Ec
1179 3194 1311 3262 quid
1335 3193 1516 3257 multi,
1564 3203 1623 3244 ut
1661 3193 1851 3245 solent.
1990 3192 2096 3248 343
2138 3194 2449 3245 avonculus
2488 3189 2629 3251 Επεὶ,

400 3276 457 3314 ut
484 3280 693 3330 semper
715 3262 770 3312 in
801 3261 1072 3313 similibus.
1209 3261 1317 3316 344
1351 3265 1657 3334 multosque
1696 3282 1742 3315 c.
1787 3264 1995 3332 Menag.
2037 3281 2117 3333 pr.
2153 3265 2472 3333 iamnosque
2507 3260 2628 3312 alter

399 3333 607 3397 Hamb.,
639 3332 777 3382 unde
802 3332 983 3383 Heius.
1014 3330 1151 3383 coni.
1177 3330 1491 3402 largosque.

396 3484 570 3555 poeta
597 3473 800 3554 ponit,
846 3474 1097 3533 Creusae
1132 3474 1325 3533 satum
1352 3471 1481 3532 An·-

398 3558 753 3620 dromachae
821 3559 941 3618 iam
1004 3559 1247 3619 aliunde
1300 3560 1484 3618 inno·

396 3642 609 3723 tuisse3
636 3655 715 3721 et,
744 3667 878 3705 cuni
912 3647 987 3705 ‹le
1016 3645 1267 3706 Ascanio
1293 3666 1479 3724 quae-

393 3742 597 3806 ratur,
640 3741 809 3791 recto
835 3732 1045 3791 ordine
1070 3732 1344 3812 procedit
1374 3731 1476 3790 in-

393 3818 713 3897 terrogatio
744 3819 1008 3897 primum
1048 3818 1123 3877 de
1152 3819 1372 3898 pietate
1411 3818 1476 3877 in

392 3903 602 3963 matris
686 3903 1031 3963 memoriam
1056 3948 1073 3979 ,
1174 3914 1308 3964 tum
1397 3904 1472 3963 de

393 3988 665 4070 exemplo
718 3990 906 4069 patris
960 3998 1018 4048 et
1076 3990 1172 4048 avi
1200 4035 1217 4066 ,
1290 4010 1470 4067 quam

392 4074 546 4136 illud
574 4074 653 4134 ad
689 4075 860 4155 pueri
885 4076 1150 4134 animum
1195 4076 1317 4135 vim
1353 4076 1471 4136 ha-

391 4162 560 4221 beat!
647 4163 968 4220 Par-entem
1012 4161 1087 4219 de
1125 4162 1320 4241 patria
1366 4182 1472 4221 ac·-

393 4248 617 4329 cipere,
662 4249 1090 4327 importunum.
1175 4247 1321 4313 842.
1346 4247 1473 4313 343

388 4335 652 4413 generosi
717 4334 950 4392 versus!
1038 4353 1112 4392 ex
1175 4335 1475 4394 communi

1563 3475 1664 3534 illa
1719 3476 2041 3550 sententia,
2113 3484 2212 3550 ut,
2284 3478 2389 3553 qui
2447 3470 2630 3550 magni

1563 3561 1680 3621 viri
1738 3561 1928 3620 filium
1979 3580 2041 3618 se
2105 3579 2228 3618 esse
2292 3557 2628 3629 meminerit,

1561 3647 1697 3725 plus
1723 3646 1802 3706 ad
1827 3647 2109 3707 virtutem
2134 3644 2501 3705 incitamenti
2525 3642 2627 3702 ba·-

1560 3733 1712 3792 beat.
1800 3736 1903 3808 in,
1968 3730 2029 3792 h.
2063 3751 2112 3816 e,
2159 3732 2271 3806 ad,
2325 3737 2628 3810 antiquam

1559 3822 1832 3877 vinalem
1887 3819 1998 3878 int.
2055 3818 2369 3877 maiorum.
2440 3836 2628 3875 avun-

1555 3906 1726 3963 culus
1751 3906 2011 3976 Ilector,
2060 3903 2238 3963 latius
2269 3903 2499 3962 dictum
2524 3918 2626 3980 pro

1555 3990 2008 4068 consanguineo.
2065 3991 2143 4049 cf.
2183 3991 2288 4049 ins.
2317 3989 2451 4063 ΧΠ,
2493 3985 2626 4049 439.

1556 4076 1705 4135 Nam
1752 4076 1872 4136 Ilus
1914 4084 1974 4135 et
2029 4077 2382 4151 Assaracus,
2441 4094 2474 4132 a
2515 4089 2625 4149 quo

1555 4160 1782 4222 Hector
1829 4171 1891 4221 et
1945 4161 2175 4225 Aeneas
2220 4181 2404 4243 genus
2451 4160 2626 4218 duos-

1557 4249 1744 4323 bant,
1805 4258 1979 4308 erant
2033 4249 2207 4309 Trois
2269 4247 2395 4309 filii.
2490 4238 2625 4324 (Sed

1557 4354 1741 4411 quare
1781 4334 2007 4395 Hector
2031 4335 2268 4395 Ascanii
2304 4329 2624 4394 avunculus
