2882 5028
516 347 1172 433 ’AENEmos
1224 360 1431 436 Lm.
1485 361 1621 456 111,
1677 369 2112 443 411—422

2316 371 2471 445 505
2517 313 2532 336 ,„

235 547 397 621 Una
438 540 684 637 soret3
740 545 958 620 venit
984 545 1258 621 medio
1288 547 1361 620 vi
1393 558 1727 646 pontuS,
1785 562 1865 624 et
1890 549 2126 625 undis

234 649 699 748 Hesperium
750 647 1014 724 Siculo
1071 649 1270 725 latus
1319 649 1681 747 abscidit,
1737 657 2075 754 arvaque
2125 666 2207 730 et
2253 655 2471 730 urbis

235 752 491 826 Litore
532 751 886 827 diductas
917 766 1250 850 angusto
1282 752 1637 829 interluit
1671 769 1911 831 aestu.

242 858 616 931 Dextrum
674 855 926 953 Scylla
992 855 1228 953 latuS,
1317 857 1631 932 laevum
1709 858 2095 959 inplacata
2176 859 2472 957 Chary-

1386 960 1569 1035 bdis
2317 972 2472 1043 420

242 1060 607 1158 obsidet,
661 1074 897 1161 atque
931 1062 1097 1160 iyno
1132 1061 1478 1138 barathri
1514 1077 1637 1142 ter
1662 1063 1965 1160 gurgite
1996 1076 2255 1141 vastos

241 1164 521 1240 Sorbet
553 1166 635 1240 in
667 1163 1093 1265 abruptum
1123 1163 1444 1265 fluctus,
1497 1191 1928 1266 rursusque
1963 1167 2110 1243 sub
2148 1193 2369 1245 auras

361 1371 465 1428 417
489 1370 693 1444 forent
727 1374 981 1426 Rottend.
1017 1383 1138 1426 tert.
1208 1376 1384 1428 medio
1418 1378 1569 1429 venie
1601 1377 1792 1428 Moret.
1828 1392 1910 1443 pr.
1944 1374 2184 1427 Parrhas.
2238 1378 2390 1427 venit
2412 1377 2472 1428 in

236 1459 293 1490 m.
326 1444 456 1494 Ven.
529 1444 712 1495 media
737 1444 938 1495 Zulicb.
968 1462 999 1496 a
1032 1463 1100 1495 m.
1127 1463 1233 1498 sec.

1306 1444 1537 1514 (—-418.
1577 1444 1737 1496 urbes
1760 1443 1948 1495 Medic.
1981 1447 2125 1512 Wr.)

237 1511 420 1562 ductas
454 1512 651 1564 Medic.
688 1531 799 1564 cum
838 1514 904 1564 al.
942 1513 1187 1582 antiquis.
1261 1516 1439 1583 (etiam
1474 1518 1525 1570 2.
1561 1515 1615 1569 3.
1650 1516 1702 1568 7.
1742 1518 1852 1577 10.;
1887 1514 2144 1565 diductas
2178 1532 2239 1564 ex
2270 1513 2473 1565 Heinsii

237 1581 602 1633 vetustioribus
637 1581 780 1633 solus
815 1583 982 1646 Gud.;
1016 1583 1155 1635 idem
1191 1585 1440 1636 exhibent
1474 1584 1637 1636 Palat.
1674 1593 1729 1634 et
1765 1586 1831 1646 8.‚
1877 1593 2153 1650 praeterea
2187 1588 2367 1634 Seuec.
2405 1586 2472 1647 Q.

237 1649 299 1700 N.
344 1652 431 1714 v1,
484 1653 608 1712 29.;
657 1652 764 1704 vid.
814 1655 882 1704 v.
929 1654 992 1705 L.
1036 1653 1103 1704 ad
1149 1659 1278 1706 Aen.
1324 1656 1365 1718 1,
1412 1657 1533 1708 211.
1589 1655 1733 1720 Wr.)

1812 1652 1912 1704 Vir
1955 1653 2141 1704 doctus
2197 1654 2471 1704 Britannus

240 1719 434 1782 (Gentl.
474 1723 777 1790 Magazine
829 1722 981 1785 1764,
1026 1741 1079 1792 p.
1114 1723 1238 1791 464)
1277 1724 1447 1775 litora
1492 1723 1746 1774 diductas
1779 1722 2090 1773 emendabat
2126 1722 2178 1773 h.
2218 1740 2262 1773 e.
2300 1722 2474 1790 quoad

238 1783 434 1852 littora,
488 1792 757 1841 refutatus
792 1808 911 1843 mox
961 1793 1027 1843 ab
1079 1792 1184 1843 alio

1234 1811 1286 1861 p.
1321 1794 1443 1847 556.
1514 1795 1718 1844 Neuter
1750 1791 1972 1851 viderat,
2026 1792 2187 1842 litore
2220 1791 2475 1842 diductas

243 1873 347 1908 esse
382 1858 521 1911 idem
568 1878 632 1910 ac
666 1861 815 1925 mari,
851 1861 993 1930 quod
1027 1861 1403 1924 intervenerat,
1435 1861 1701 1922 diductas3
1736 1879 1853 1912 nam
1890 1859 1979 1911 ubi
2010 1859 2178 1923 littus,
2211 1860 2286 1910 ibi
2314 1879 2472 1912 mare.

239 1925 335 1978 420
368 1928 586 1980 Ιαενοῆι
631 1929 768 1980 Gud.
836 1933 907 1981 im
947 1944 1111 1983 acam
1147 1932 1348 2000 aliquot
1380 1931 1636 1995 Pieriani,
1685 1940 1741 1981 et
1788 1948 1917 1981 unus
1964 1930 2134 1990 Laid..
2193 1930 2334 1997 qnod
2366 1947 2473 1980 non

240 1994 360 2046 bene

450 1999 751 2049 raeferebat
798 2000 896 2050 Cer
935 2018 981 2051 a.
1070 2002 1350 2072 implicata
1400 2011 1619 2069 quatuor
1668 2001 1941 2050 Burmann.
1985 2017 2098 2049 cum
2136 1999 2296 2053 Goth.
2346 2008 2472 2050 tert.

239 2064 328 2119 421
367 2071 409 2117 0
442 2067 593 2118 sedit
630 2080 796 2138 atque
831 2071 991 2121 immo
1035 2067 1247 2121 baratri
1276 2073 1481 2136 Franc.,
1515 2070 1610 2120 sed
1646 2069 1767 2120 talia
1806 2067 2098 2120 exscribere
2123 2068 2286 2137 piget.
2350 2070 2474 2119 Mox

239 2132 475 2187 obrutum
512 2135 726 2188 Zulicb.

241 2202 486 2269 editione,
527 2224 686 2274 quam
726 2225 884 2276 saepe

865 2139 971 2193 422
1004 2140 1063 2190 in
1096 2137 1335 2210 abrupta
1360 2138 1563 2207 aliquot
1590 2140 1729 2190 Pier.
1799 2141 2143 2207 (rursumque
2175 2155 2238 2188 ex
2263 2138 2474 2207 antiqua
2536 2201 2543 2208 .

960 2208 1221 2272 raedicat,
1269 2208 1538 2277 Martyni-
1560 2209 1686 2275 Lag.
1725 2208 1793 2259 ad
1835 2208 2027 2258 Lucan.
2051 2209 2091 2271 1,
2127 2209 2247 2261 391.
2282 2207 2470 2277 reponi
2585 2253 2586 2256 ,

241 2273 366 2334 vult;
428 2286 481 2326 nt
518 2275 632 2326 vid.
669 2277 735 2326 V.
770 2279 833 2328 L.
881 2296 909 2328 a
986 2277 1095 2330 Ecl.
1130 2279 1204 2344 X,
1258 2279 1344 2333 62.
1381 2306 1451 2319 -
1500 2276 1601 2329 sub
1643 2296 1787 2329 aura
1830 2277 2073 2327 mendum
2107 2276 2236 2329 edit.
2263 2277 2405 2328 ialin.
2439 2296 2469 2329 a

240 2340 460 2412 Dorphio
493 2343 802 2413 repetitum.
827 2348 970 2415 Wr.)

240 2509 297 2560 ta
325 2503 456 2563 vide
483 2504 618 2564 loca
670 2504 831 2584 apud
864 2506 1101 2567 Cluver.
1117 2505 1310 2566 Sicilia

239 2587 280 2661 1,
312 2594 361 2651 1.
425 2591 739 2650 Creditum
766 2593 993 2651 scilicet
1027 2603 1134 2667 est,
1174 2614 1313 2651 mo-

239 2673 386 2732 tibus
404 2697 761 2750 concussum
783 2679 996 2756 solum,
1026 2698 1145 2756 quo
1163 2699 1311 2737 con-

241 2759 585 2822 tinuabatur
654 2763 849 2822 Sicilia
924 2785 1057 2823 cum
1119 2764 1309 2840 Italia,

242 2845 531 2908 subsidere
565 2850 858 2927 coepisse,
900 2849 1003 2924 ita,
1050 2858 1121 2909 ut
1147 2869 1310 2909 mare

241 2929 591 3013 irrumperet
626 2944 687 2993 et
717 2934 1061 3013 voraginem
1095 2936 1312 2995 saetam

245 3030 587 3098 occuparet3
621 3020 1123 3097 quemadmodum
1151 3022 1313 3080 Pon-

243 3109 333 3160 tus
364 3105 637 3165 Euxinus
666 3106 815 3165 locis
849 3106 1314 3186 depressioribus

247 3188 463 3249 obrutis
517 3210 685 3250 mare
731 3192 1058 3270 Aegaeum,
1116 3202 1178 3251 et
1211 3201 1313 3251 to·

246 3280 361 3334 tum
400 3278 561 3336 sorte
608 3297 772 3337 mare
815 3278 1315 3337 Mediterraneum

248 3358 485 3421 effecisse
525 3362 805 3439 videtur,
846 3365 907 3423 in
939 3385 1059 3442 quo
1088 3362 1310 3423 veteris

250 3445 350 3504 soli
407 3458 610 3526 partes
674 3450 1089 3509 eminentiores
1149 3468 1312 3508 nunc

249 3528 461 3591 insulae
494 3534 688 3593 sactae
715 3544 872 3594 sunt.
925 3538 1126 3609 ruina,
1176 3555 1312 3592 mo-

251 3622 315 3674 tu
340 3627 547 3679 terrae.
636 3622 780 3684 416.
817 3634 1116 3698 protenus,
1162 3640 1313 3677 con-

250 3700 431 3780 tinue,
484 3714 558 3765 ut
593 3706 712 3765 iam
755 3709 944 3780 Serv„
1003 3708 1314 3784 διηνεκῶς,

254 3804 376 3847 cum
396 3801 547 3849 esset
575 3812 693 3850 una
723 3793 1050 3852 continens.
1080 3812 1138 3851 v.
1169 3792 1316 3850 Cer-

258 3871 342 3933 da.
421 3875 565 3941 417.
612 3882 770 3938 venit
809 3888 1031 3956 pontus
1071 3879 1135 3937 in
1186 3895 1316 3936 me-

256 3955 407 4019 dium
443 3982 574 4022 cum
628 3964 711 4024 vi.
780 3964 908 4023 val.
950 3964 1039 4023 Fl.
1084 3963 1128 4037 I,
1189 3965 1316 4028 590

256 4062 381 4102 cum
393 4048 555 4124 stem
590 4050 822 4108 Siculos
862 4050 1140 4108 Oenotria
1151 4049 1318 4122 fines

258 4128 513 4191 Perdes-ee
534 4146 588 4192 et
610 4136 1121 4194 mediisinlrarent
1142 4155 1316 4192 mon-

261 4212 406 4273 tibus
456 4220 666 4280 mulae.
733 4256 805 4266 —
898 4219 1042 4285 419.
1100 4220 1312 4293 liuore,

258 4300 423 4377 man-i,
461 4303 577 4363 iam
606 4306 959 4381 disiunctas,
1003 4317 1175 4363 aestu
1198 4325 1319 4363 an-

260 4398 444 4462 gusto,
490 4388 551 4449 h.
595 4411 644 4452 e.
692 4394 878 4470 freto,
937 4389 1222 4470 quoniam
1251 4388 1318 4448 in

1396 2505 1469 2565 iis
1529 2505 1813 2585 angustiis
1855 2525 2018 2564 mare
2071 2511 2322 2564 aestuat.
2399 2505 2472 2564 cs.

1396 2594 1566 2652 Serv.
1612 2591 1894 2673 (angusto
1916 2603 2085 2649 aestu
2102 2591 2341 2670 proprie
2369 2610 2472 2648 ac·-

1397 2678 1586 2758 cipio:
1657 2698 1807 2754 aqua
1862 2677 1923 2733 in
1993 2677 2274 2754 angustiis
2336 2676 2474 2734 freti

1396 2773 1722 2823 aestuante.
1774 2759 1987 2841 use-le.)

1483 2847 1864 2913 420—423.
1916 2848 2009 2904 Ex
2050 2846 2315 2904 Homero
2362 2846 2475 2904 ad-

1393 2934 1674 2993 umbrata
1705 2952 1828 2990 esse
1861 2951 2031 2990 nemo
2058 2931 2321 3004 dubitat,
2358 2931 2474 2990 Od.

1398 3045 1462 3100 μ,
1506 3024 1587 3083 78
1618 3039 1743 3096 sqq.
1787 3017 1913 3081 234
1943 3026 2106 3094 sqq.'
2157 3017 2476 3076 variorum

1395 3106 1524 3165 loca
1558 3104 1724 3162 vides
1751 3103 1913 3182 apud
1959 3105 2196 3162 Cluver.
2242 3103 2397 3161 Sicil.
2429 3103 2473 3174 Ι,

1398 3192 1458 3255 5.
1503 3190 1850 3248 Firmarunt
1889 3209 1954 3247 ea
1999 3189 2131 3263 alii,
2188 3197 2249 3246 et
2284 3208 2477 3267 nuper

1399 3276 1796 3354 Spallanzani.
1877 3273 1898 3349 (
1913 3277 1979 3333 V
1976 3277 2159 3353 laggi
2199 3275 2320 3332 alle
2363 3277 2476 3332 due

1394 3364 1609 3421 Sicilia
1670 3363 1838 3421 Tom.
1882 3360 2005 3440 IV.)
2121 3359 2286 3419 Idem
2339 3380 2477 3419 oum

1396 3447 1528 3506 aliis
1596 3448 1851 3522 docuit,
1931 3444 2271 3523 Charybdin
2327 3446 2478 3505 nihil

1398 3532 1562 3591 aliud
1597 3553 1738 3608 esse,
1788 3552 1964 3607 quam
1994 3531 2476 3610 impetuosiorem

1402 3617 1705 3677 undarum
1736 3618 1968 3676 fluxum
2002 3638 2034 3674 a
2062 3617 2479 3695 Septentrioue

1399 3705 1459 3763 in
1517 3704 1822 3775 Austrum,
1877 3702 2025 3761 ortis
2067 3701 2479 3762 veliementio-

1397 3789 1571 3851 ribus
1632 3789 1872 3848 flatibus
1921 3786 1996 3845 ab
2051 3786 2306 3864 Austro,
2375 3788 2479 3867 qui

1398 3875 1568 3934 illum
1603 3876 1924 3954 repellant;
1976 3875 2239 3953 Scyllam
2279 3884 2480 3935 autem

1401 3961 1744 4040 scopulum,
1804 3960 2101 4019 humanae
2144 3962 2301 4020 sorte
2340 3961 2480 4020 olim

1400 4048 1659 4119 formae,
1717 4046 1795 4105 ad
1841 4047 2005 4105 littus
2056 4046 2287 4121 Italiae,
2339 4066 2481 4106 ver-

1400 4154 1500 4192 sus
1535 4134 1868 4211 Scyllaeum
1892 4132 2195 4212 oppidum.
2255 4132 2480 4191 Canum

1398 4218 1688 4279 latratum
1721 4219 2072 4278 assimulant
2097 4218 2315 4276 {luctus
2344 4237 2482 4275 sco-

1400 4303 1545 4384 pulo
1591 4304 1762 4380 illisi,
1821 4312 1882 4361 et
1920 4304 2094 4383 lupos
2136 4302 2481 4379 belluasque

1402 4409 1479 4450 ex
1511 4408 1579 4449 ea
1618 4391 1779 4450 nasci
1807 4409 2053 4450 narrare
2084 4386 2289 4468 potuit
2322 4387 2484 4447 anti-

2230 1445 2336 1500 419
2371 1445 2472 1495 de-
2568 1475 2576 1488 .
