2882 5028
457 349 612 423 868

911 340 1590 418 P.V1RG1L11
1640 339 2202 419 MARONIS

458 531 811 631 Usquam
848 525 1116 605 aberit.
1225 529 1496 624 Quum
1525 540 1614 604 tu
1655 527 2050 629 supplex
2031 552 2109 603 m
2153 528 2399 605 rebus
2453 531 2698 629 egenis

462 639 673 729 Quas
699 632 957 732 gentis
983 630 1308 726 Italum,-
1363 645 1496 706 aut
1531 657 1723 732 quas
1756 655 1926 706 non
1964 634 2307 708 oraveris
2339 634 2601 711 urbis*

464 741 747 816 Caussa
774 733 963 810 mali
992 734 1188 809 tanti
1220 736 1561 812 coniunx
1597 736 1888 818 iterum
1920 734 2230 837 hospita
2260 739 2617 833 Teucris,

563 883 686 955 93.
739 895 1066 969 nanum,

598 1065 668 1121 91
715 1066 900 1134 thue
931 1063 1068 1116 Ven.
1136 1060 1421 1131 Nuequam
1457 1080 1513 1115 α.
1546 1074 1663 1115 tum
1695 1075 1761 1116 eu
1790 1062 2031 1118 Parrhas-
2102 1077 2236 1116 tunc
2283 1075 2347 1115 eu
2401 1081 2439 1133 p

461 1149 561 1204 pro
594 1151 705 1185 var.
741 1132 866 1185 lect.
940 1145 1005 1184 ut
1045 1151 1106 1184 re
1074 1129 1209 1183 ebus
1238 1131 1388 1184 Leid.
1425 1149 1528 1183 unu
1497 1150 1574 1183 u.s

1177 1203 1249 1257 93
1307 1205 1506 1253 Teucri
1552 1219 1634 1269 pr.
1684 1204 1881 1254 Moret-

463 1273 856 1339 stinguebatnr,
890 1271 992 1323 etsi
1030 1270 1200 1324 Servii
1234 1287 1296 1321 ex
1265 1270 1504 1339 x,etnplo
1542 1275 1750 1324 Caussa
1785 1273 1922 1324 mali
1952 1275 2165 1324 cantic
2135 1291 2257 1325 econ
2262 1292 2366 1335 ux,
2417 1275 2625 1325 iter-mn
2663 1275 2710 1323 A.
2817 1321 2818 1350 ᾖ

466 1224 533 1255 ur
504 1202 628 1255 rbee
660 1202 852 1254 Medic.
895 1205 999 1255 Wr
1000 1202 1037 1269 .)

471 1343 722 1402 Tenent-1⁶3⁸
764 1340 976 1393 melius·
1015 1345 1223 1392 Causea
1255 1341 1387 1391 mali
1419 1343 1570 1392 tanti

1712 1135 1870 1189 920
1871 1135 2117 1186 naver-is
2165 1133 2328 1186 wall.
2405 1065 2708 1216 (gmltlensmlgt

1950 1204 2192 1255 Ceterum
2238 1202 2377 1254 male
2428 1203 2596 1272 vulgo
2636 1203 2708 1255 di-

1601 1344 2072 1404 coniuxier,cum
2123 1342 2285 1393 Ιι..Τ
2359 1340 2712 1394 Sicetmm

464 1413 572 1463 irae
575 1430 661 1462 um
696 1410 940 1463 chalam.
1011 1410 1138 1482 (Sed
1170 1426 1276 1461 non
1312 1408 1450 1461 debe
1451 1409 1543 1462 bat
1575 1410 1797 1482 hospita
1830 1428 1863 1462 a
1895 1413 2134 1464 coniunx
2167 1411 2608 1479 interpunctione
2639 1413 2711 1462 di-

464 1480 604 1533 velli.
647 1478 789 1550 Wr.)

470 1643 549 1704 16
581 1640 849 1717 ,μίν-ἕω,
878 1657 1054 1718 quem
1079 1638 1385 1718 quondam
1407 1639 1546 1699 Iovi

465 1727 620 1785 Iuno
665 1725 965 1783 custodem
1019 1724 1328 1783 addidit.“
1424 1723 1546 1782 Sed

465 1810 722 1870 alterum
764 1808 883 1869 hoc
932 1809 1127 1869 Plauti
1166 1829 1246 1868 ex
1296 1808 1371 1869 iis
1426 1830 1546 1889 po-

464 1897 587 1956 fius
615 1895 900 1976 exemplis
934 1905 1042 1971 est,
1088 1913 1240 1973 quae
1270 1895 1545 1993 doceant,

466 1981 769 2061 quomodo
812 2000 944 2040 voc.
986 1980 1234 2039 additus
1276 1981 1343 2040 in
1382 1979 1550 2040 hune

464 2066 863 2146 significatum
924 2066 1185 2125 transire
1258 2066 1548 2147 potuerit.

464 2152 701 2212 Scilicet
759 2151 1061 2209 custodem
1121 2152 1306 2225 dari,
1369 2152 1543 2226 addi,

463 2257 596 2299 voc.
623 2237 939 2316 proprium
971 2245 1099 2309 est3
1139 2257 1197 2294 v.
1231 2256 1282 2296 o.
1304 2237 1410 2297 ins.
1440 2235 1547 2313 ΙΧ,

464 2321 591 2387 649
642 2324 797 2380 Tum
825 2324 1100 2379 comitem
1122 2321 1387 2382 Ascanio
1412 2344 1547 2400 pa-

465 2420 553 2466 ter
573 2406 849 2480 addidit,
840 2428 853 2441 ·
900 2416 963 2465 et
1003 2405 1215 2466 Horat.
1242 2408 1338 2483 111,
1370 2407 1430 2483 4,
1461 2410 1545 2471 79

463 2495 763 2574 nequiciae
802 2492 1049 2552 additus
1097 2493 1337 2567 Custos,
1400 2492 1545 2553 vul-

464 2590 604 2655 tur,
661 2578 763 2657 qui
819 2579 981 2658 Tityi
1024 2579 1191 2638 iecur
1248 2579 1543 2638 observat.

465 2667 591 2725 Iam
632 2675 830 2724 autem
884 2664 988 2741 qui
1034 2664 1306 2723 custodes
1346 2665 1549 2723 additi

466 2759 644 2826 sunt,
685 2748 957 2829 inprimis
1000 2769 1246 2828 peccare
1283 2750 1552 2809 volenti-

465 2838 580 2896 bus
598 2881 615 2912 ‚
669 2836 851 2895 iidem
891 2835 1124 2895 molesti
1163 2844 1337 2911 sunt,
1384 2834 1553 2895 diffi-

468 2923 639 2997 ciles,
683 2921 907 2996 odiosi,
959 2920 1178 2981 infesti.
1262 2920 1419 2981 Nota
1454 2940 1552 2981 res

464 3009 585 3068 iam
628 3026 705 3067 ex
742 3007 1015 3066 virorum
1042 3006 1368 3067 doctorum
1421 3006 1551 3065 dis-

466 3092 896 3174 putationibus.
993 3090 1112 3151 Adi
1156 3092 1255 3154 vel
1303 3092 1553 3151 Gesneri

468 3178 754 3240 Thesaur.
785 3179 848 3238 L.
889 3178 955 3237 L.
997 3177 1060 3237 h.
1102 3197 1159 3237 v.
1235 3178 1551 3258 Virgilium

466 3266 732 3325 imitatus
775 3273 865 3324 est
902 3263 969 3322 in
1005 3263 1172 3323 vocis
1212 3284 1329 3323 usu
1373 3264 1551 3323 Silius

469 3351 542 3425 11,
590 3350 717 3415 595
779 3352 917 3428 agit
986 3349 1203 3408 addita
1260 3352 1544 3428 Erinnys·

469 3395 677 3495 Paullo
750 3436 919 3494 aliter
997 3445 1340 3513 comparata
1408 3443 1552 3495 sunt

470 3521 784 3599 exempla,
848 3520 916 3579 in
988 3521 1204 3599 quibus
1253 3520 1406 3580 addi
1455 3520 1554 3579 vel

469 3606 667 3667 additi
708 3627 832 3665 esse
888 3604 1176 3666 dicuntur
1195 3650 1213 3683 ,
1269 3606 1375 3684 qui
1424 3626 1553 3666 non

471 3693 598 3752 sine
624 3691 894 3750 molestia
917 3692 1114 3769 aliqua
1152 3692 1450 3752 accedunt
1474 3691 1552 3750 ad

470 3798 612 3853 nos,
656 3777 754 3836 vel
792 3796 943 3853 quae
988 3778 1162 3836 uobis
1194 3779 1553 3857 contingunt

470 3865 720 3943 ingrata.
750 3881 811 3921 V.
831 3882 882 3920 c.
914 3862 1078 3940 apud
1106 3866 1256 3924 stat.
1283 3864 1335 3924 11
1363 3862 1550 3923 Theb.

475 3955 601 4016 320
643 3951 727 4008 Ec
742 3992 760 4023 ‚
809 3969 933 4027 qua
959 3970 1078 4007 non
1099 3953 1350 4027 gravior
1387 3971 1552 4009 mor-

474 4035 696 4096 talibus
723 4033 935 4093 addita
960 4055 1106 4093 cura
1127 4079 1144 4110 ‚
1193 4037 1364 4114 SpeS.
1454 4034 1553 4094 Ad

474 4121 595 4182 hoc
618 4140 802 4200 genus
828 4120 1144 4179 reserenda
1182 4121 1309 4185 loca
1328 4166 1345 4195 ,
1398 4140 1553 4200 quae

476 4208 736 4267 afferunt
776 4205 1076 4270 Drakenb.
1118 4206 1197 4266 ad
1252 4207 1462 4266 Silium
1511 4207 1552 4266 l.

477 4313 527 4351 c.
555 4292 821 4351 Gronov.
857 4292 934 4350 ad
965 4294 1168 4352 Senec.
1212 4292 1389 4352 Herc.
1434 4294 1555 4352 sur.

481 4381 644 4440 1237
667 4386 729 4435 et
757 4376 854 4449 al.‚
875 4397 1000 4435 non
1029 4377 1106 4436 ad
1133 4378 1316 4457 prius.
1380 4376 1554 4440 Adde

1628 1637 1760 1701 val.
1788 1637 1876 1698 Pl.
1896 1636 1994 1712 vl,
2014 1639 2155 1702 181.
2200 1637 2504 1697 Necdum
2535 1640 2710 1711 elme,

1629 1723 1842 1805 quibu-s
1873 1745 1997 1783 sese
2023 1725 2212 1800 Fuga
2241 1720 2480 1805 (Φύζα)
2513 1728 2712 1783 menti-

1629 1809 1739 1868 bus
1765 1809 1981 1868 addat.
2058 1808 2251 1866 Aliter
2273 1828 2408 1867 rem
2437 1811 2715 1890 expedire

1629 1895 1889 1954 voluisse
1914 1894 2156 1953 videtur
2179 1894 2602 1972 Burmannus,
2628 1895 2716 1973 qui

1630 1981 1718 2039 ita
1760 1980 2004 2040 ordinat
2051 1979 2282 2041 verba.
2362 2003 2525 2055 „nec
2581 1984 2718 2040 lum

1630 2065 1820 2125 aberit
1872 2068 2111 2124 Teucri-s
2138 2108 2157 2139 ‚
2218 2065 2446 2125 addita
2510 2068 2718 2126 seilicet

1633 2151 1764 2210 aliis
1808 2150 2084 2211 hostibus
2098 2195 2118 2228 ‚
2186 2151 2400 2210 Turno
2468 2162 2538 2212 et
2587 2152 2717 2212 reli-

1632 2237 1841 2314 quis:“
1889 2236 2009 2295 hoc
2048 2256 2195 2296 vero
2239 2237 2441 2296 multo
2488 2239 2717 2308 durius3

1631 2323 1809 2381 etiam
1834 2322 1883 2379 si
1909 2322 2154 2402 iungere
2177 2322 2397 2383 velles:
2443 2345 2561 2382 nec
2587 2324 2718 2382 abe-

1627 2410 1708 2466 rit
1741 2407 1995 2483 addita,
2058 2407 2120 2467 h.
2161 2425 2213 2466 e.
2257 2407 2571 2484 addetur,
2626 2429 2717 2467 ac-

1630 2492 1805 2553 cedet
1853 2513 1933 2554 sc.
1978 2513 2138 2554 nova
2183 2491 2396 2554 hostis.
2492 2497 2561 2555 Si
2597 2494 2719 2574 quis

1629 2578 1903 2639 nondum
1935 2580 2057 2639 ullo
2081 2581 2412 2658 interprete
2458 2582 2722 2660 inspecto

1633 2666 1835 2724 locum
1871 2666 2026 2745 legat
2049 2708 2065 2741 ‚
2119 2665 2170 2723 is
2201 2663 2373 2725 haud
2415 2666 2608 2727 dubie
2643 2669 2718 2725 ita

1635 2750 1922 2830 accipiet:
1964 2773 2072 2809 nec
2094 2752 2278 2809 deerit
2305 2751 2371 2811 in
2400 2752 2585 2812 Italia
2616 2755 2716 2811 Iu-

1633 2858 1711 2894 no
1731 2881 1749 2911 ,
1798 2837 2016 2895 addila
2051 2839 2290 2895 Teucris
2311 2880 2331 2912 ‚
2384 2858 2548 2916 quae
2570 2857 2715 2897 sen-

1632 2941 1743 3001 per
1767 2921 2038 2981 Troianis
2078 2922 2320 2996 adesse,
2363 2924 2446 2982 lis
2487 2926 2721 2996 instare,

1633 3026 1736 3066 eos
1804 3026 2058 3087 urgere,
2143 3008 2474 3087 persequi,
2561 3010 2720 3069 solet.

1633 3093 1748 3153 Eas
1771 3112 1868 3152 res
1902 3093 2101 3152 infesti
2138 3093 2325 3152 animi
2366 3113 2502 3154 esse
2521 3140 2542 3171 ,
2601 3098 2724 3174 quis

1635 3179 1876 3238 dubitet
1890 3179 1921 3239 ’ἶ
2024 3176 2156 3259 (nec
2224 3180 2454 3239 addua
2517 3180 2722 3245 aberit.

1630 3264 1672 3323 i.
1704 3283 1754 3324 e.
1790 3284 1937 3323 non
1981 3263 2298 3324 desinet
2324 3266 2547 3327 addita
2577 3285 2726 3337 διες

1633 3350 1732 3425 Ν,
1759 3352 1931 3416 386.:
1975 3350 2310 3427 „Omnibus
2336 3353 2567 3412 umbra
2589 3353 2725 3413 locis

1635 3435 1935 3512 adero;‘
1939 3438 2322 3516 ‘persequar
2360 3447 2462 3512 te,
2524 3438 2722 3497 addin

1636 3520 1746 3581 tibi
1789 3540 1910 3581 ero.
1995 3521 2306 3581 Praeclare
2359 3523 2633 3584 Lobeck.
2691 3542 2721 3578 a

1633 3606 1805 3669 Iahn.
1836 3605 2000 3667 laud.
2049 3618 2366 3706 comparat
2404 3608 2568 3669 haec
2603 3609 2722 3669 un·

1634 3693 1885 3753 roniana
1917 3713 2055 3753 cum
2094 3692 2197 3766 iis,
2244 3712 2403 3771 quae
2448 3695 2718 3797 leguntur

1636 3778 1800 3859 apud
1829 3777 2106 3858 Sophocl.
2135 3738 2229 3838 A’i.
2256 3798 2347 3839 vs.
2382 3784 2544 3845 611.
2589 3776 2716 3857 §eiv-

1635 3883 1797 3928 εστιν
1823 3864 2091 3945 ἔφεδρος.
2138 3865 2281 3925 Wr.
2291 3863 2318 3944 )

1719 3954 2019 4015 91—97.
2060 3969 2246 4031 quum
2293 3963 2364 4009 tu
2405 3971 2534 4031 pro
2591 3949 2716 4012 vd·

1636 4035 1793 4115 gari,
1835 4049 1965 4095 tum
1999 4050 2085 4094 tu.
2148 4034 2276 4116 (sed
2321 4034 2486 4097 illud
2539 4037 2720 4098 mun

1636 4121 1904 4200 gravius3
1963 4120 2087 4183 vid.
2137 4120 2205 4180 V.
2248 4122 2312 4180 L.
2346 4123 2428 4180 ad
2475 4124 2584 4199 m,
2635 4125 2720 4185 10-

1646 4210 1792 4268 Wr.
1800 4205 1824 4288 )
1853 4210 2157 4267 oraveris:
2196 4226 2254 4265 v·
2285 4206 2390 4265 lib.
2417 4207 2722 4269 vulsi

1629 4292 1992 4352 ‘Euandrum
2055 4301 2118 4351 et
2177 4288 2488 4371 Agyllinos
2533 4295 2724 4353 Etru·

1637 4398 1786 4438 scos.
1872 4381 1940 4437 in
1965 4376 2135 4437 rebus
2160 4380 2383 4456 egeras,
2431 4377 2727 4458 angunt.
