2882 5028
459 341 658 415 1032
968 332 1865 408 EXCURSUS
1968 334 2201 407 XIII

448 521 744 603 Porphyr.
775 522 850 581 de
873 521 1103 582 Abatin.
1132 522 1230 598 IV,
1277 527 1388 599 105
1431 540 1500 580 ea
1525 521 1682 581 enim
1709 522 1773 580 in
1805 521 1968 582 hanc
1990 523 2348 583 sententiam
2371 523 2572 603 accipi
2601 524 2708 584 de-

447 608 589 668 bere
630 608 1022 688 probabiliter
1061 608 1469 667 lablonakium
1527 607 1794 667 docmate
1842 608 2019 668 video
2065 609 2277 669 Panth.
2321 631 2384 688 p.
2411 615 2502 674 32
2529 611 2711 691 sqq.),

448 696 557 753 aed
581 698 841 772 corporis
876 694 1247 752 contubernio
1290 695 1564 752 aetherea
1615 698 1707 752 via
1749 693 2091 753 obtundunt
2114 716 2185 753 ac
2224 695 2595 755 debilitatur
2620 717 2707 756 va.

449 783 597 843 720.
622 784 765 853 722,
794 781 951 838 unde
979 784 1316 838 animorum
1333 778 1801 857 pemttbationes
1825 793 1880 837 et
1905 781 2262 858 cupiditates
2288 802 2353 842 v.
2373 786 2531 846 733.
2560 782 2705 846 734.

456 866 524 925 V
520 868 631 923 itia
678 884 825 925 vero
869 863 1018 923 haec
1058 887 1092 923 a
1143 865 1410 945 corporis
1455 866 1726 944 contagio
1765 875 2075 925 contracta
2120 870 2365 925 ammae
2405 888 2540 924 sese
2575 880 2708 925 tam

449 951 572 1009 alte
600 953 911 1010 &minuant
928 995 945 1026 ,
994 963 1062 1009 ut
1092 973 1165 1009 ne
1199 965 1323 1009 mm
1350 953 1590 1029 quidem
1606 995 1625 1027 ,
1671 972 1810 1009 cum
1858 973 1901 1009 a
1934 974 2167 1029 corpore
2211 966 2393 1010 morte
2422 956 2707 1010 achmete

447 1047 533 1093 est
584 1035 669 1113 (et
712 1035 830 1097 hoc
871 1037 1198 1116 genuinum
1233 1035 1497 1095 Platonis
1535 1036 1778 1115 dogma:
1834 1057 1893 1097 v.
1925 1036 2210 1097 Phaedon
2236 1058 2296 1117 p.
2337 1042 2418 1100 61
2458 1038 2526 1096 C.
2583 1038 2702 1116 D.),

443 1141 517 1177 ex
542 1126 753 1179 anima
779 1126 1067 1181 excedant
1099 1122 1263 1201 (nam
1290 1121 1643 1202 illudpoeta
1680 1143 1799 1181 non
1834 1124 2089 1202 attingit,
2133 1123 2445 1201 quodiam
2485 1123 2553 1180 in
2584 1122 2703 1181 hac

443 1206 570 1265 vita
601 1209 875 1286 purgatio
916 1209 1170 1286 expleri,
1224 1208 1431 1265 saltem
1481 1207 1784 1282 inchoari,
1843 1218 2071 1287 potest,
2112 1229 2252 1267 cum
2280 1228 2389 1287 per
2418 1207 2700 1286 philoso-

440 1290 642 1371 phiam
669 1303 801 1353 tum
830 1313 936 1373 per
962 1292 1194 1375 teletas)
1233 1313 1293 1352 v.
1323 1293 1694 1368 735—7383
1750 1295 1965 1373 Itaque
2007 1298 2071 1351 in
2098 1294 2308 1372 inseris
2351 1295 2505 1351 Iocis
2534 1315 2700 1371 pur-

436 1381 684 1454 gatione
714 1401 861 1456 opus
889 1392 996 1455 est,
1034 1401 1158 1457 qua
1181 1381 1331 1436 vitia
1356 1382 1474 1436 ism
1500 1376 1862 1459 (animorum
1894 1379 2253 1458 cupiditates
2280 1388 2342 1436 et
2362 1379 2699 1457 perturba-

441 1463 659 1540 u'ones,
732 1484 941 1540 curae,
1000 1466 1151 1539 irae,
1225 1463 1523 1526 libidines)
1563 1465 1839 1523 eluantur
1884 1473 1945 1523 et
1985 1466 2328 1524 eximantur
2365 1469 2513 1529 739.
2567 1467 2698 1530 740

441 1546 661 1627 (neque
704 1552 860 1608 enim
899 1551 1057 1629 parti
1088 1550 1203 1609 rati
1830 1551 2101 1609 arrectam
2144 1550 2495 1609 felicitatem
2541 1570 2698 1608 con-

439 1637 661 1714 fingere
704 1656 875 1716 posse
913 1635 1198 1697 videbant
1830 1636 1907 1694 bis
1945 1655 2014 1695 ac
2052 1636 2213 1695 vitiis
2242 1635 2570 1693 liberatae:
2616 1638 2695 1695 cf.

436 1721 721 1782 Brucker.
762 1724 830 1780 Τ.
872 1721 917 1796 1,
973 1742 1031 1800 p.
1078 1726 1201 1784 713
1830 1725 2002 1799 gotio
2041 1742 2211 1795 aem,
2273 1741 2484 1799 aqua,
2555 1724 2698 1798 igni

440 1808 583 1870 740.
611 1808 752 1871 741.
788 1807 913 1870 742
947 1817 1008 1865 et
1037 1807 1117 1866 ibi
1148 1825 1204 1865 v.
1830 1816 2016 1884 poeta,
2081 1827 2200 1884 qua
2242 1806 2308 1864 in
2349 1806 2693 1865 inferorum

432 1902 626 1971 parte.
711 1893 946 1951 Scilicet
988 1893 1039 1951 is
1064 1896 1204 1950 Ηαα
1830 1892 1941 1951 iam
1972 1893 2111 1951 olim
2136 1891 2501 1965 Amemlzes,
2561 1892 2690 1951 vid.

434 1977 738 2038 Plutarch.
781 1977 856 2037 de
895 1978 968 2037 Is.
1000 1987 1061 2035 et
1101 1978 1255 2036 Osir.
1294 1997 1353 2056 p.
1400 1984 1527 2041 362
1575 1984 1672 2053 D.;
1714 1984 1824 2035 ubi
1854 1977 2307 2057 interpretatio,
2370 1996 2501 2035 esse
2547 1996 2689 2035 eum

433 2060 543 2125 τόν
572 2061 835 2143 λαβόντα
861 2062 966 2125 καὶ
997 2058 1275 2135 διδόντα,
1318 2063 1638 2122 referenda
1669 2062 1916 2122 videtur
1961 2063 2037 2122 ad
2068 2064 2422 2122 descensum
2448 2063 2689 2121 anima-

429 2168 569 2208 rum
611 2159 671 2208 et
719 2150 979 2208 reditum
1009 2149 1073 2207 in
1113 2168 1268 2207 nova
1314 2147 1615 2230 corpora).
1719 2150 2015 2227 Purgatio
2033 2170 2214 2226 porro
2256 2148 2574 2206 subeunda
2603 2162 2690 2206 esi

431 2235 702 2292 omnibus
727 2254 786 2294 v.
816 2235 959 2298 743.
1046 2233 1229 2309 Nam,
1279 2233 1353 2292 de
1386 2233 1670 2307 heroum,
1712 2233 2239 2314 philosophorum,
2284 2244 2348 2292 et
2378 2233 2686 2292 bouomm

434 2320 744 2377 animabus
784 2338 939 2396 quae
983 2319 1153 2376 Plato
1195 2319 1404 2392 addit,
1452 2329 1628 2396 poeta
1657 2328 1846 2395 tacet;
1903 2340 2014 2378 nec
2042 2320 2282 2392 adiicit,
2327 2319 2479 2396 quid
2509 2319 2681 2377 deiia

426 2404 564 2478 fiat,
625 2403 840 2481 quibus
863 2413 990 2461 tam
1020 2404 1137 2463 alte
1175 2403 1336 2461 labes
1366 2406 1483 2462 ista
1511 2403 1762 2478 insidet,
1820 2413 1891 2463 ut
1933 2405 2050 2464 elui
2090 2413 2389 2481 nequeat,
2432 2406 2528 2481 qui
2569 2412 2675 2460 ta-

425 2508 564 2548 men
594 2490 795 2569 plures
825 2509 1077 2549 numero
1107 2508 1231 2547 esse
1267 2489 1519 2564 debent;
1561 2489 1782 2548 scilicet
1835 2489 1900 2549 hi
1929 2489 2047 2550 iam
2081 2499 2221 2549 ante
2248 2490 2315 2549 in
2356 2491 2674 2549 Tartarum

426 2587 601 2635 erant
629 2575 875 2635 detrusi.
960 2577 1092 2634 Hoc
1115 2594 1295 2651 vero,
1340 2577 1387 2633 si
1415 2575 1596 2634 modo
1637 2596 1672 2633 a
1707 2585 1883 2654 poeta
1915 2586 2035 2652 est,
2081 2576 2278 2635 addit:
2343 2595 2377 2633 a
2421 2576 2678 2635 crassio-

426 2662 594 2721 ribus
623 2662 900 2720 sordibus
937 2662 1204 2735 liberati,
1249 2662 1327 2720 ad
1359 2661 1628 2740 Elysium
1651 2662 2007 2736 mittuntur,
2051 2663 2154 2720 sed
2189 2666 2416 2739 pauci,
2477 2662 2522 2720 ii
2559 2664 2679 2722 sci-

424 2748 595 2821 licet,
644 2749 858 2824 quibus
889 2750 1089 2806 inusta
1118 2747 1262 2807 vitia
1306 2747 1424 2806 elui
1467 2757 1750 2824 possunt,
1807 2770 1874 2805 eo
1901 2751 2265 2825 pervem'zmt.
2355 2748 2504 2810 743.
2532 2748 2677 2810 744.

423 2834 776 2891 Absolvitur
798 2834 920 2906 hic,
969 2836 1018 2891 si
1040 2843 1251 2912 poetae
1276 2852 1485 2892 versus
1527 2833 1593 2890 hi
1633 2841 1804 2906 sunt,
1837 2837 2168 2910 purgatio,
2216 2835 2586 2910 animaeque
2615 2840 2677 2890 in

410 2922 738 2996 pristinam
759 2923 1083 2996 puritatem
1111 2919 1418 2977 aethereae
1438 2931 1691 2976 naturae
1713 2923 2113 2977 restituuntur.
2180 2918 2325 2980 745.
2352 2920 2503 2983 746.
2532 2918 2677 2981 747.

423 3008 579 3063 Post
617 3006 783 3062 mille
823 3026 1013 3062 annos
1048 3005 1195 3082 (non
1241 3004 1555 3079 definitur,
1613 3005 2085 3083 purgationisne,
2145 3023 2248 3075 an,
2309 3021 2380 3060 ea
2408 3014 2677 3081 peracta,

422 3091 584 3148 mille
622 3092 797 3149 annis
852 3090 1011 3147 inter
1065 3090 1245 3167 Elysii
1293 3089 1529 3147 delicias
1578 3088 1823 3170 exactis)
1897 3087 2216 3148 animabus
2256 3087 2356 3146 his
2396 3089 2677 3147 omnibus

422 3173 603 3253 (748)
636 3198 794 3233 ηονα
828 3197 1073 3253 corpora
1107 3188 1243 3233 sunt
1270 3176 1661 3253 ingredienda
1678 3197 1699 3243 ;
1767 3176 1932 3253 quod
1966 3189 2291 3253 antequam
2310 3174 2445 3246 fiat
2462 3218 2482 3247 ,
2541 3176 2675 3232 Le-

417 3259 513 3318 the
555 3259 806 3319 bibenda
850 3275 970 3333 est,
1017 3261 1371 3324 748—751.
1409 3260 1512 3336 qui
1556 3260 1745 3318 amnis
1773 3261 1956 3338 Elysii
2008 3261 2156 3318 fines
2200 3259 2673 3336 praeterlabitur

418 3344 618 3426 (705).
707 3347 865 3404 lllud
896 3347 1075 3425 igitur
1100 3367 1221 3404 non
1248 3345 1515 3404 declarat
1552 3355 1761 3426 poeta,
1812 3349 1896 3420 -si,
1955 3355 2090 3425 post
2115 3344 2380 3405 reditum
2410 3343 2585 3403 hunc
2609 3348 2670 3404 iu

415 3450 686 3509 corpora,
729 3432 950 3491 iterum
972 3433 1036 3490 in
1060 3433 1294 3490 inferna
1335 3432 1468 3490 loca
1501 3431 1946 3506 descenderint,
2008 3432 2347 3507 iterumque
2378 3442 2671 3509 purgatae

415 3518 675 3592 fuerint,
750 3537 1055 3596 semperne
1098 3517 1259 3575 idem
1296 3537 1504 3576 rerum
1564 3517 1755 3592 orbis,
1828 3517 2067 3575 eaedem
2109 3517 2268 3575 vices
2315 3517 2670 3575 subeundae

413 3603 567 3675 sint,
615 3622 689 3660 an
710 3647 726 3678 ,
772 3603 935 3678 quod
974 3622 1288 3662 commune
1315 3604 1433 3662 fuit
1469 3603 1704 3661 Platoni
1750 3601 1836 3681 (v.
1861 3605 2018 3680 inpr.
2052 3603 2392 3677 Timaeum,
2438 3612 2576 3661 tum
2604 3605 2667 3662 in

411 3687 685 3748 Phaedro
726 3693 907 3752 1222.
951 3689 1253 3765 Phaedon.
1285 3710 1345 3768 p.
1375 3689 1459 3753 84
1488 3690 1556 3747 D.
1601 3689 1676 3747 de
1714 3690 1861 3768 Rep.
1900 3695 2019 3754 761
2065 3689 2130 3746 D.
2155 3687 2249 3769 E.)
2296 3708 2437 3746 cum
2465 3689 2666 3766 Aegy·

404 3776 550 3855 ‘ptiis
583 3785 644 3833 et
671 3754 1059 3851 Pythagoress
1087 3774 1403 3853 placitum,
1450 3775 1561 3832 etsi
1588 3774 1769 3833 variis
1799 3775 1992 3833 modis
2027 3774 2246 3853 passim
2273 3774 2664 3847 illustratum,

412 3862 642 3919 animae
674 3862 808 3920 illae
845 3869 979 3940 post
1000 3861 1144 3917 satis
1168 3861 1385 3919 multas
1422 3860 1800 3937 migrationes
1830 3861 1894 3919 in
1936 3880 2221 3939 corpora,
2281 3868 2340 3917 et
2371 3859 2663 3937 repetitas

409 3948 825 4026 purgationes,
882 3946 1123 4004 tandem
1160 3947 1244 4003 ita
1286 3947 1450 4005 omni
1497 3947 1629 4004 labe
1666 3947 1929 4004 abstersa
1973 3947 2235 4020 niteant,
2299 3954 2377 4004 ut
2421 3945 2661 4003 divinae

408 4042 660 4091 naturae
700 4034 918 4094 iterum
968 4032 1421 4106 assimulentur,
1476 4032 1541 4090 in
1579 4032 1738 4090 hanc
1764 4032 2190 4104 revolvantur,
2246 4028 2330 4088 dii
2374 4049 2481 4088 seu
2512 4029 2662 4089 dae-

407 4138 611 4176 mones
649 4119 828 4194 fiant,
879 4120 1087 4177 saltem
1114 4118 1176 4176 in
1219 4138 1425 4177 eorum
1456 4119 1872 4177 commercium
1919 4117 2348 4189 admittantur3
2393 4125 2532 4189 aut,
2589 4126 2660 4174 ut

406 4204 505 4261 alii
536 4205 913 4282 exprimunt,
956 4204 1021 4262 in
1047 4204 1260 4276 solem,
1303 4204 1364 4261 in
1396 4204 1624 4278 sidera,
1680 4204 1741 4261 in
1770 4203 2033 4275 caelum,
2087 4205 2151 4260 in
2188 4202 2423 4260 beatam
2456 4201 2658 4259 sedem

403 4288 833 4365 traducantur,
909 4288 970 4349 h.
1021 4310 1070 4348 e.
1111 4290 1188 4348 ad
1241 4291 1498 4348 animam
1550 4289 1761 4348 mundi
1813 4297 2156 4365 cognatam,
2213 4295 2523 4364 tamquam
2582 4287 2660 4345 ad

401 4374 629 4433 sontem
675 4394 886 4451 suum,
965 4376 1232 4435 redeant.
1349 4375 1480 4434 Hoc
1535 4376 1696 4434 idem
1744 4375 2039 4435 Pindarus
2084 4373 2242 4432 dixit
2298 4373 2544 4452 Olymp.
2593 4373 2658 4446 u,
