2882 5028
834 375 1945 451 ADLIBRUMI
2377 387 2532 461 25ss

733 647 944 734 EX
982 646 1053 737 C
1092 648 1589 738 URSUS
1703 650 2046 739 XIX*

575 818 700 886 De
743 816 1211 884 Amazonibus
1256 817 1591 885 auxilium
1633 817 1773 886 1120
1798 818 2205 911 ferentibus

421 991 672 1069 1‚49o.
733 994 928 1051 Ducit
974 991 1429 1050 Anaeonidum
1472 994 1703 1052 lunatis
1742 997 2002 1072 agmina
2033 995 2222 1073 pelas
2259 995 2527 1054 Penthe-

240 1078 687 1158 sileasurens,
740 1079 1072 1155 mediisque
1115 1079 1182 1134 in
1212 1077 1482 1135 millibus
1532 1080 1740 1153 uniet,
1792 1081 2000 1139 Aurea
2038 1078 2383 1139 subnectens
2413 1103 2524 1140 ex-

245 1177 437 1223 nes-tae
499 1164 768 1242 cing-ula
811 1172 1115 1220 mammae
1133 1206 1152 1238 ,
1227 1164 1535 1221 Bellatrix
1551 1208 1570 1239 ,
1640 1165 1935 1264 audetque
1987 1167 2134 1224 vin‘s
2186 1187 2525 1226 concurrere

246 1254 445 1328 virgo.
539 1250 725 1323 Quae
766 1246 967 1327 mythi
1025 1247 1100 1306 de
1149 1248 1549 1309 Amazonibus
1608 1249 1862 1329 origines
1903 1250 2164 1327 fuerint,
2222 1251 2523 1312 incertum

250 1345 374 1394 eat:
417 1335 605 1395 suisne
649 1344 857 1394 tamen
903 1333 1164 1393 fundum
1207 1334 1465 1412 aliquem
1499 1333 1887 1411 historicum,
1930 1337 2148 1396 samam
2194 1338 2520 1416 antiquam,

249 1422 440 1480 multa
498 1430 788 1500 arguunt.
876 1420 1103 1479 Verum
1162 1418 1236 1478 de
1289 1418 1384 1478 his
1443 1420 1794 1500 disputandi
1850 1422 2018 1482 locus
2076 1420 2177 1481 hic
2234 1444 2358 1485 non
2413 1422 2544 1484 est-³

249 1506 405 1567 Vide
466 1516 676 1565 notata
735 1504 817 1564 ad
864 1503 1144 1584 Apollod.
1201 1505 1270 1580 11,
1314 1506 1376 1581 5,
1422 1509 1481 1570 9.
1540 1506 1677 1566 Not.
1720 1529 1779 1588 p.
1831 1512 1957 1574 372
1993 1528 2079 1586 sq.
2165 1509 2337 1584 Quae
2382 1530 2522 1569 cum

249 1591 594 1670 virgiliano
634 1593 767 1651 loco
812 1592 1135 1650 coniuncta
1179 1599 1354 1666 sunt,
1421 1612 1532 1671 pai
1534 1592 1643 1651 tim
1688 1612 1720 1651 e
1761 1593 1902 1652 belli
1947 1594 2191 1654 Troiani
2233 1594 2518 1671 historiis,

251 1677 486 1758 partim
530 1697 604 1735 ex
645 1677 1013 1736 Amazonum
1054 1676 1247 1756 specie
1285 1685 1346 1735 et
1386 1675 1604 1739 habitu
1644 1689 1929 1759 repetam.

434 1762 801 1822 Induxerant
846 1764 1179 1821 Amazones
1230 1762 1296 1822 in
1338 1762 1479 1821 belli
1521 1764 1765 1823 Troiani
1804 1764 2085 1824 historias
2127 1756 2359 1844 poetae,
2417 1766 2518 1843 qui

249 1859 404 1929 post
459 1848 788 1909 Homerum
849 1849 1173 1929 scripsere,
1246 1857 1308 1907 et
1358 1849 1423 1907 in
1465 1847 1562 1908 liis
1602 1850 1829 1929 primo,
1888 1858 1963 1910 ut
2016 1851 2318 1931 suspicor,
2386 1850 2518 1910 loco

244 1935 540 1995 Arctinua
581 1936 645 1995 in
687 1933 1084 2014 Aethiopide,
1125 1943 1421 2013 quantum
1464 1954 1540 1993 ex
1584 1936 1796 1995 Proclo
1841 1936 2115 2015 colligere
2157 1936 2323 2014 licet,
2366 1932 2519 2017 (Bt-

240 2020 452 2080 Hs‘oth.
501 2022 568 2079 d.
619 2043 688 2080 a.
739 2024 892 2083 Liu.
951 2022 1030 2078 P.
1082 2022 1140 2078 J.
1198 2043 1268 2099 p.
1313 2023 1396 2085 38
1441 2020 1649 2103 laed.)
1720 2022 1860 2101 quia
1917 2022 2259 2100 antiquiore
2316 2023 2516 2101 aliqua

240 2107 398 2166 sama
442 2107 790 2167 celebratae
832 2113 1009 2165 erant
1048 2104 1419 2165 Amazonum
1464 2106 1829 2187 irruptiones
1871 2109 1935 2167 in
1976 2108 2179 2168 Asiam
2221 2109 2516 2169 minorem

242 2194 471 2269 saetae,
515 2192 798 2273 inprimis
839 2192 905 2251 in
949 2191 1200 2271 Lydiam
1248 2200 1308 2251 et
1352 2191 1674 2272 Phrygiam
1687 2215 1706 2271 3
1750 2215 2004 2272 quarum
2036 2215 2159 2254 una
2200 2195 2263 2255 in
2294 2195 2514 2254 Priami

242 2288 516 2359 tempora
558 2278 892 2338 inciderat:
945 2277 1013 2336 11.
1069 2301 1123 2359 γ,
1187 2279 1328 2341 189.
1412 2278 1682 2338 Intulere
1739 2278 1883 2338 hinc
1927 2281 2254 2341 Amazones
2295 2282 2357 2341 in
2401 2279 2514 2339 he·-

240 2385 416 2425 roum
457 2375 741 2445 tempora
785 2373 846 2422 et
888 2364 1048 2422 sacta
1092 2362 1314 2442 cyclici
1353 2372 1607 2444 propter
1653 2365 1741 2424 rei
1803 2365 2134 2426 novitatem
2186 2366 2517 2426 admodum

236 2450 522 2529 licenter-3
579 2459 953 2511 memoratae
998 2448 1147 2508 adeo
1188 2448 1562 2509 Amazonum
1618 2470 1851 2532 pugnae
1894 2462 2037 2512 aunt
2090 2453 2156 2512 in
2195 2453 2515 2533 Argonau-

235 2539 400 2615 ticis,
448 2538 788 2612 Heraclea,
832 2534 1151 2612 Theseide,
1196 2536 1379 2596 etiam
1421 2537 1487 2595 in
1530 2536 1750 2598 Bacchi
1790 2539 2157 2618 profectione
2198 2541 2275 2601 ad
2303 2540 2512 2601 lndoa:

230 2645 384 2704 quae
430 2624 644 2684 omnia
684 2626 856 2683 suere
897 2631 1213 2703 poetarum
1257 2631 1591 2682 commenta
1606 2646 1624 2700 ς
1698 2632 1762 2681 at
1802 2623 1988 2701 illud,
2059 2625 2225 2703 quod
2270 2627 2338 2685 in
2379 2625 2513 2685 Ho-

229 2730 400 2770 mero
463 2718 884 2769 m-oratum
938 2717 1102 2782 erat,
1179 2728 1214 2765 a
1254 2709 1410 2767 sama
1453 2710 1809 2789 profectum.
1896 2710 2166 2771 Priamus
2223 2711 2514 2771 adversus

237 2814 340 2854 aaa
398 2815 569 2854 arma
626 2795 860 2856 tulerat
871 2816 890 2870 3
960 2802 1023 2853 at
1079 2791 1450 2853 Penthesilea
1521 2794 1745 2854 auxilio
1800 2795 2073 2855 Troianis
2125 2796 2246 2856 suit
2307 2798 2512 2856 accita.

244 2880 394 2940 Post
434 2891 573 2956 eos,
596 2881 702 2959 qui
750 2881 1018 2962 periere,
1062 2881 1315 2961 exponit
1362 2880 1745 2959 Cyclicorum
1766 2890 2010 2941 narrata
2044 2880 2313 2955 Quintus
2337 2881 2439 2942 lib.
2466 2882 2511 2942 1.

243 2976 314 3025 et
354 2966 636 3046 pleraque
678 2987 762 3025 ex
804 2986 877 3025 eo
923 2966 1139 3025 Tzetza
1180 2967 1243 3025 in
1284 2965 1751 3026 Posthomerieis
1791 2986 1887 3045 pr.
2505 2999 2512 3006 ·

421 3051 646 3132 Virgilii
683 3052 859 3112 locus
899 3051 1172 3132 inprimis
1214 3052 1476 3112 disertus
1519 3062 1612 3112 est
1647 3051 1711 3112 in
1743 3057 1938 3132 specie
1983 3062 2045 3112 et
2070 3050 2285 3114 habitu
2326 3051 2513 3114 Ama-

242 3157 470 3196 zonum
526 3138 865 3198 reddendo.
988 3138 1143 3197 Satis
1215 3147 1396 3197 notae
1459 3147 1603 3198 sunt
1678 3158 1881 3198 earum
1951 3141 2159 3217 pellae
2233 3141 2504 3201 lunatae.

240 3224 432 3299 Quod
474 3245 549 3282 ex
599 3227 774 3305 equis
818 3232 1198 3306 pugnarunt,
1254 3244 1381 3284 non
1435 3224 1651 3305 attigit.
1754 3225 1836 3285 At
1887 3246 2225 3284 mammam
2279 3228 2511 3287 nudam

234 3318 561 3370 memorat.

414 3395 645 3454 Dextra
698 3393 817 3453 suit
865 3413 934 3452 ea
988 3415 1283 3472 mamma,
1352 3394 1568 3456 sabulis
1618 3404 1679 3454 et
1716 3404 1845 3456 arte
1902 3395 2232 3474 celebrata,
2289 3397 2510 3458 fabulis

239 3480 524 3559 quidem,
597 3479 765 3558 quod
818 3493 1031 3539 exusta
1073 3481 1251 3540 fuisse
1291 3482 1486 3541 fertur
1500 3524 1518 3557 ,
1580 3491 1738 3559 arte,
1796 3481 1961 3560 quod
2004 3501 2075 3540 ea
2117 3495 2347 3542 exserta
2401 3493 2509 3562 eat,

241 3587 377 3626 non
404 3575 644 3641 exusta,
689 3564 856 3644 quod
889 3565 1027 3625 visu
1049 3565 1352 3647 ingratum
1375 3577 1692 3647 respuerat
1723 3589 1837 3629 ars.
1906 3568 2132 3628 Verum
2159 3577 2221 3627 et
2250 3569 2376 3650 ipsa
2412 3589 2510 3630 res

241 3650 470 3712 docere
502 3661 738 3733 potest,
783 3650 1063 3711 dextram
1102 3653 1312 3729 fuisse,
1359 3672 1511 3732 quae
1547 3662 1940 3733 exureretur,
1984 3672 2060 3715 ne
2096 3655 2263 3714 arcui
2301 3656 2509 3715 inten-

238 3738 455 3799 dendo
511 3748 575 3797 et
622 3737 998 3799 remittendo
1044 3745 1249 3798 tumor
1301 3747 1458 3798 esset
1495 3739 1941 3819 impedimento.
2025 3740 2299 3817 Ins.X1,
2357 3742 2507 3808 649.

235 3824 512 3885 Amazon
542 3824 707 3884 dicta
739 3823 990 3883 Camilla
1027 3831 1120 3882 est
1160 3845 1347 3883 unum
1391 3837 1593 3883 exerta
1636 3827 1799 3885 latus
1818 3870 1838 3903 ,
1886 3826 2052 3905 quod
2090 3825 2270 3886 Silius
2300 3827 2508 3888 imita-

235 3920 339 3972 tus
371 3912 471 3972 lib.
498 3911 573 3987 Π,
616 3914 706 3976 79
741 3909 952 3986 reddit
978 3911 1252 3968 dextrum
1274 3911 1444 3969 nuda
1474 3910 1659 3970 latus.

407 3998 492 4057 De
554 3996 936 4056 Amazonum
991 3995 1187 4078 specie
1250 3995 1316 4056 in
1370 3996 1602 4075 priscae
1660 3996 1808 4056 artis
1872 3997 2274 4057 monumentis
2329 3998 2507 4058 obvia

227 4084 402 4166 plura
454 4104 627 4144 nunc
666 4084 730 4142 in
773 4083 995 4161 vulgus
1047 4081 1453 4142 innotuerunt
1492 4101 1674 4160 quam
1715 4082 1831 4141 illis
1874 4084 2076 4158 annis,
2142 4104 2279 4144 cum
2334 4085 2507 4166 prio-

225 4171 389 4232 ribus
422 4169 672 4231 vicibus
701 4166 1309 4229 commentabamur‘
1292 4188 1353 4227 1n
1388 4176 1649 4249 poetam.
1704 4169 1908 4247 Neque
1940 4167 2089 4228 adeo
2128 4190 2365 4229 neeesse
2394 4179 2504 4248 est,

219 4279 382 4320 nunc
422 4257 630 4319 multa
669 4274 1044 4315 commemor
1046 4272 1165 4312 are.
1250 4253 1563 4333 Attingam
1616 4263 1852 4314 tantum
1884 4255 2156 4334 potiora,
2213 4275 2368 4335 quae
2414 4255 2504 4331 iis,

211 4366 477 4426 quorum
538 4342 756 4404 studia
806 4341 872 4418 in
939 4358 1008 4398 ea
1069 4338 1443 4419 antiquitatis
1506 4349 1678 4419 parte
1728 4341 2021 4400 collocata
2081 4339 2252 4399 haud
2315 4341 2505 4417 fuere,

199 4432 497 4516 prodesse
534 4436 825 4513 possunt.
918 4424 1222 4503 Antiquae
1263 4425 1409 4486 artis
1426 4426 1725 4507 frequens
1766 4426 1886 4488 suit
1920 4434 2339 4507 argumentum
2383 4426 2504 4487 iam
