2882 5028
466 408 615 480 1ss
946 376 1026 468 ι’).
1083 364 1611 471 νιΒῦιιιι
1661 389 2219 468 MARoms
2278 388 2281 391 ’

456 590 558 663 At
588 583 881 659 domus
914 581 1246 658 interior
1275 579 1513 678 regali
1545 575 1961 678 splendida
1999 577 2184 654 luxu

452 687 911 781 Instruitur‚
963 683 1410 785 mediisque
1443 694 1722 785 parant
1747 682 2099 757 convivia
2137 680 2397 758 tectis:

452 796 642 867 Arte
682 789 1082 865 laboratae
1115 800 1409 878 vestes,
1465 800 1844 887 ostroque
1878 784 2271 887 superbo;

450 898 745 992 Ingens
790 904 1205 990 argentum
1235 890 1570 984 mensiS‚
1627 887 2077 990 caelataque
2109 889 2186 963 in
2220 911 2414 964 auro
2557 892 2721 966 640

448 999 718 1074 Fortia
741 994 944 1071 facta
968 1009 1311 1095 patrum,
1362 996 1604 1071 series
1634 992 2093 1091 longissima
2125 1016 2422 1085 rerum,

449 1105 607 1178 Per
635 1112 757 1175 tot
805 1098 1037 1175 ducta
1066 1100 1277 1175 viros
1308 1100 1679 1198 antiquae
1716 1096 1812 1171 ab
1845 1097 2148 1194 origine
2184 1095 2458 1194 gentis.

552 1209 859 1282 Aeneas
898 1210 1199 1303 (neque
1229 1205 1445 1278 enim
1477 1201 1773 1304 patrius
1807 1202 2239 1275 consistere
2269 1211 2643 1274 mentem

445 1312 728 1385 Passus
761 1315 1021 1405 amor)
1059 1305 1427 1407 rapidum
1470 1303 1570 1381 ad
1601 1304 1818 1378 navis
1854 1305 2287 1405 praemittit
2318 1301 2714 1397 Achaten,

551 1436 736 1510 638.
778 1449 1071 1505 ruens,
1281 1434 1455 1508 642.
1505 1446 1862 1515 Annona

443 1602 805 1686 amplecteris,
851 1600 985 1653 illud
1008 1601 1274 1667 fatebere,
1322 1601 1615 1654 desiderari
1648 1598 1734 1652 hio
1778 1599 2081 1652 munditiem
2117 1597 2529 1667 elegantiamque
2562 1597 2715 1649 Vir-

442 1673 717 1741 gihanam
763 1690 884 1723 nam
919 1690 986 1723 ne
1020 1671 1152 1723 illud
1184 1673 1395 1741 quidem
1438 1688 1669 1724 munera
1717 1671 1829 1723 diei
1884 1679 1939 1720 et
1987 1670 2205 1720 laeticia
2239 1668 2352 1719 diei
2380 1667 2506 1719 satis
2543 1684 2713 1718 com-

439 1743 598 1794 mode
632 1743 843 1794 dictum.
914 1741 1124 1793 Scilicet
1171 1742 1283 1793 fato
1331 1739 1643 1793 interclusus
1680 1749 1762 1791 est
1793 1749 1985 1809 poeta,
2019 1737 2291 1806 quominus
2335 1736 2713 1790 adumbratum

441 1813 587 1881 quasi
626 1822 681 1863 et
728 1812 984 1863 abiectum
1033 1810 1341 1863 versiculum
1390 1811 1626 1880 expleret
1671 1808 2079 1879 perpoliretque.
2150 1807 2390 1858 Ceterum
2439 1806 2486 1856 si
2521 1808 2629 1858 Ge.
2667 1810 2711 1873 1,

437 1882 562 1935 208.
606 1881 696 1932 die
741 1898 865 1932 vera
914 1889 997 1930 est
1040 1879 1200 1930 lectio
1219 1918 1234 1944 ,
1284 1891 1344 1932 ut
1391 1888 1635 1948 putatur,
1683 1877 1901 1930 eandem
1946 1879 2168 1929 formam
2216 1877 2304 1928 hic
2355 1893 2559 1957 quoque
2602 1895 2711 1927 re-

438 1949 646 2019 quit-au
713 1949 817 2001 nisi
872 1949 1013 2001 forte
1074 1959 1311 2001 ornatum
1359 1967 1424 2002 ex
1478 1947 1733 2000 eiusmodi
1779 1947 2031 2000 varietate
2092 1945 2354 2015 quaesisse
2413 1943 2709 2012 Virgilium

442 2017 867 2071 existimabimus.
926 2019 1069 2087 Wr.)
1207 2020 1313 2074 639
1363 2017 1631 2090 superbae
1663 2019 1868 2086 Hngen.
1907 2036 1940 2068 a
1989 2034 2057 2068 m.
2107 2034 2213 2067 sec.
2274 2014 2709 2083 interpolatrice-

437 2088 544 2144 642
581 2087 863 2156 vulgatum
919 2098 1041 2140 aute
1088 2097 1204 2142 erat
1254 2091 1517 2159 antiquae
1565 2087 1634 2139 ab
1682 2089 1896 2159 origine
1941 2088 2143 2158 gentis.
2213 2089 2309 2147 At,
2365 2085 2504 2152 quod
2551 2103 2709 2139 nunc

438 2176 553 2210 eum
605 2157 865 2209 Bruuckio
911 2159 979 2210 V.
1015 2159 1072 2210 G.
1114 2158 1267 2224 dedi,
1316 2159 1549 2227 antiqua
1595 2155 1664 2209 ab
1716 2158 1930 2228 origine
1973 2158 2188 2227 gentis,
2237 2154 2534 2206 obtulerant
2573 2157 2706 2207 Gu-

436 2225 620 2280 dianus
660 2245 691 2279 a
731 2245 802 2279 m.
845 2245 951 2296 pr„
1000 2227 1105 2280 duo
1153 2227 1468 2280 vetustiores
1502 2227 1774 2292 Rottend„
1821 2236 1931 2276 tres
1981 2223 2072 2276 alii
2108 2243 2151 2275 c.
2185 2224 2371 2293 fragm.
2405 2225 2602 2277 Moret.
2646 2237 2709 2278 et

436 2307 662 2366 quatuor
695 2298 970 2348 Burmann.
1006 2315 1122 2349 cum
1163 2298 1326 2350 Goth.
1375 2315 1458 2366 pr.
1542 2298 1611 2347 Et
1657 2296 1732 2349 sie
1778 2294 1968 2347 Medic.
2004 2293 2166 2345 Pierii
2202 2303 2256 2345 et
2297 2293 2534 2360 Longob.
2573 2313 2706 2348 cum

434 2366 553 2418 aliis
600 2365 805 2435 aliquot
861 2366 1003 2434 apud
1060 2384 1191 2420 enm.
1246 2366 1388 2436 qnod
1437 2365 1678 2448 equidem
1738 2366 1981 2435 praefero
2041 2374 2304 2433 tamquam
2364 2362 2573 2416 doctius
2649 2378 2707 2417 et

432 2435 647 2496 melium
714 2446 766 2487 et
817 2435 892 2487 sic
940 2436 1041 2487 iam
1089 2436 1221 2489 editi
1265 2435 1503 2488 nonnulli
1540 2435 1738 2486 habere
1774 2434 2032 2491 videntur.
2086 2436 2337 2504 (antiqua
2372 2451 2401 2483 e
2433 2433 2606 2487 Paris.
2645 2437 2701 2489 2.

434 2513 491 2556 et
523 2509 574 2563 9.
645 2507 702 2557 In
738 2505 996 2557 eiusmodi
1029 2524 1087 2557 re
1139 2506 1417 2576 plurimum
1462 2504 1798 2557 tribuendum
1830 2503 2267 2573 praestantiorum
2302 2502 2550 2554 librorum
2594 2525 2703 2557 an·-

432 2575 692 2638 etoritati3
738 2574 861 2626 huic
905 2576 1064 2644 igitur
1099 2577 1375 2629 obsecutus
1409 2573 1598 2626 reduxi
1647 2577 1924 2656 antiquae.
1991 2574 2237 2638 Accedit,
2292 2573 2434 2642 qnod
2470 2574 2702 2642 epithe-

429 2653 522 2697 ton
564 2646 633 2697 ad
677 2645 964 2715 proximum
990 2663 1106 2698 voc.
1130 2646 1551 2698 accommodasse
1581 2644 1784 2696 librarii
1803 2644 2075 2708 videntur,
2123 2644 2267 2712 quod
2295 2643 2444 2694 etiam
2478 2644 2700 2698 facilius

429 2713 546 2766 fieri
577 2725 787 2784 poterat
815 2715 868 2766 h.
891 2715 928 2767 l.
956 2716 1026 2767 ob
1057 2715 1354 2776 elisionem3
1390 2733 1489 2766 nec
1513 2731 1620 2764 non
1646 2712 1830 2765 similis
1857 2713 2252 2783 compositionis
2283 2712 2587 2765 recordatio
2619 2715 2698 2766 li-

428 2783 634 2836 brarios
661 2785 713 2836 in
737 2784 973 2837 fraudem
999 2785 1272 2853 impellere
1299 2784 1505 2851 potuit3
1529 2784 1596 2835 cf.
1612 2801 1768 2853 supra
1782 2801 1859 2834 vs.
1884 2784 2006 2838 372.
2027 2783 2161 2834 infra
2178 2783 2298 2837 753.
2313 2784 2407 2832 Ge.
2425 2784 2696 2848 1v,236.;

429 2863 485 2904 et
527 2854 631 2906 vid.
671 2856 738 2906 V.
779 2854 839 2907 L.
879 2854 950 2906 ad
974 2856 1048 2919 X,
1088 2857 1204 2910 179.
1247 2853 1388 2923 Wr.)
1452 2854 1742 2925 primaque
1793 2852 1862 2904 ab
1905 2872 1951 2905 ο.
2007 2870 2107 2922 pro
2167 2853 2371 2904 diversa
2425 2852 2699 2920 scriptura

427 2922 484 2975 in
510 2923 602 2975 alt.
632 2924 820 2975 Hamb.
891 2925 1058 2975 ducta
1099 2943 1236 2976 suae
1265 2927 1496 2993 antiqua
1528 2922 1612 2975 ed.
1654 2923 1790 2974 Ven.
1928 2922 2033 2977 643
2067 2936 2244 2974 mente
2285 2921 2425 2989 apud
2460 2924 2695 2976 Germa-

426 2999 546 3043 num
570 2994 750 3055 suere,
798 2992 888 3062 qui
932 2993 1188 3062 legerent.
1243 2994 1397 3044 male.
1469 3005 1700 3044 mentem
1739 3009 1916 3043 omnes
1946 2991 2069 3043 libri
2094 3002 2320 3043 tuentur.
2394 2994 2539 3042 Meus
2570 3012 2693 3047 non

425 3065 751 3126 consistere,
800 3061 894 3111 sed
934 3062 1216 3125 fluctuare,
1258 3062 1481 3126 dicitur,
1530 3062 1738 3131 quando
1782 3061 1919 3113 curis
1946 3073 2000 3113 et
2030 3060 2471 3113 sollicitudinibus
2505 3062 2695 3130 agitn-

424 3139 537 3193 tur3
573 3131 651 3181 uti
689 3141 743 3182 et
777 3130 975 3182 animus
1001 3131 1087 3182 vel
1116 3150 1260 3183 mens
1288 3149 1508 3201 quassa,
1545 3148 1826 3195 concussa,
1875 3142 2236 3200 conquassata.
2284 3134 2541 3202 (patruus
2571 3145 2693 3184 erat

423 3197 477 3250 in
504 3199 719 3251 Oudart.
739 3202 823 3253 W
817 3201 884 3264 r.)
968 3198 1074 3256 644
1108 3201 1183 3254 ad
1213 3220 1408 3252 navem
1435 3200 1650 3252 Oudart.
1706 3203 2034 3252 transmittit
2063 3203 2267 3268 Menag.
2294 3218 2376 3270 pr.
2409 3203 2690 3272 permittit

422 3270 614 3320 Moret.
641 3286 744 3321 sec.
774 3271 1033 3321 etGraev.
1083 3272 1253 3323 Burm.
1280 3269 1418 3323 coni.
1446 3272 1703 3331 remmia
1742 3270 1884 3338 quod
1905 3282 2079 3322 tamen
2102 3282 2318 3322 metrum
2343 3271 2484 3322 ferre
2509 3288 2686 3340 nega-

422 3338 516 3390 bat
541 3338 820 3391 Schrader.
844 3339 1141 3391 Emendatt.
1182 3340 1351 3409 praef.
1393 3329 1685 3409 1⁸».XL111.
1725 3341 1817 3392 IV.
1885 3344 1954 3392 At
1985 3340 2294 3404 tenendum,
2325 3342 2690 3411 praeminere

420 3479 548 3538 lent
596 3479 682 3539 sic
722 3480 965 3559 gaudia
1019 3480 1137 3541 dici
1200 3481 1275 3540 de
1321 3481 1504 3540 rebus
1587 3481 1813 3540 sionem
1846 3482 2020 3541 verbi
2061 3481 2320 3561 peperit:
2364 3496 2524 3558 sunt.
2582 3484 2687 3543 vel

419 3585 571 3643 quae
597 3565 850 3643 faciunt,
873 3577 936 3627 et
963 3566 1094 3629 val.
1121 3566 1210 3627 Pl.
1238 3567 1336 3642 1V‚
1356 3566 1502 3633 534.
1587 3570 1974 3626 ἰηειωιιηιιιν.
2054 3568 2165 3627 int.
2223 3577 2422 3628 autem
2481 3579 2688 3630 vestes

419 3649 679 3711 Phineus
735 3673 897 3711 nova
952 3655 1210 3713 miratur
1255 3655 1503 3733 gaudia
1587 3652 1880 3731 stragulas
1898 3663 1903 3670 '
1921 3673 2255 3733 purpureas
2285 3674 2499 3732 magna
2537 3677 2685 3715 cum

417 3756 679 3796 mensae.
1587 3747 1719 3797 arte
1748 3746 1965 3798 textas.
2054 3739 2297 3797 Ostrum
2324 3740 2677 3818 superbum,

505 3826 650 3886 637.
725 3823 850 3882 lam
916 3824 1187 3884 Catullus
1265 3823 1503 3884 dixerat
1586 3824 2003 3904 splendidum3
2071 3825 2177 3884 inf.
2230 3829 2355 3889 697
2419 3836 2482 3885 et
2548 3831 2684 3893 700

417 3906 570 3983 LXI,
600 3907 686 3973 46
712 3930 1071 3990 quacunque
1095 3912 1378 3988 opulenta
1401 3933 1499 3969 re-
1584 3911 1813 3969 aulaea
1851 3909 2105 3989 superba
2144 3918 2204 3970 et
2240 3923 2464 3969 ostrum
2510 3928 2681 3971 stm-

413 3997 588 4052 cessit
652 3995 861 4072 Regia
913 4027 999 4041 —
1076 3998 1226 4054 Tota
1284 3999 1499 4055 domu-⁹
1583 4008 1728 4055 tum.
1777 3997 1986 4069 (vestes
2029 4008 2180 4054 ostro
2224 3995 2496 4073 superbo,
2546 3999 2681 4062 vid.

407 4081 643 4157 gaudee
687 4082 892 4158 regali
939 4081 1258 4158 splendida
1296 4102 1488 4160 gaza.
1581 4080 1653 4145 V.
1686 4081 1749 4140 L.
1792 4080 1870 4139 ad
1910 4081 2013 4154 111,
2056 4086 2203 4145 617.
2254 4081 2422 4164 Wr.)
2527 4084 2677 4148 640.

410 4165 773 4243 enseliqua.
833 4167 986 4225 luxu
1028 4167 1330 4246 praeclare
1382 4187 1496 4246 pro
1581 4166 1737 4226 Vasa
1782 4188 1992 4245 magna
2043 4177 2320 4245 argentea
2359 4179 2421 4226 et
2468 4189 2676 4245 aurea,

409 4251 705 4332 apparatu
739 4251 938 4331 regali.
1027 4256 1173 4317 639.
1217 4253 1494 4330 Brevita-
1579 4273 1765 4330 eaque
1819 4253 2038 4312 caelata
2082 4273 2114 4311 e
2162 4274 2329 4313 more
2391 4262 2675 4315 veterum

411 4339 506 4413 tis,
534 4341 746 4418 utpote
774 4337 836 4397 in
867 4339 1230 4414 narratione,
1256 4349 1319 4399 et
1346 4359 1495 4418 poe·
1578 4339 1908 4399 admodum
1964 4341 2374 4418 frequentato,
2420 4348 2483 4398 et
2521 4340 2589 4404 b.
2630 4341 2689 4402 l.-

407 4424 560 4485 tiene
619 4424 942 4506 elegantiae
997 4424 1263 4487 studium
1309 4425 1492 4486 omis-
1577 4424 1819 4504 quidem
1867 4425 2038 4485 factis
2075 4425 2367 4486 maiorum
2417 4426 2674 4487 Didonis
