2882 5028
559 340 1169 439 AENmnos
1223 343 1433 420 LIB.
1484 342 1618 435 lv,
1670 345 2005 429 75—83

2276 350 2426 423 60¹7

176 528 540 609 lncuhat.
602 528 848 606 Illum
873 527 1159 605 absens
1186 527 1598 606 absentem
1628 526 2004 632 auditque
2031 526 2427 632 videtque.

175 690 405 749 relictis
428 688 686 748 Incubet
703 709 730 750 .-
774 707 896 748 non
923 707 1050 749 uno
1080 685 1266 747 modo

173 774 335 837 haec
405 774 591 854 accipi
654 782 954 854 possunt3
1030 782 1139 833 aut
1192 772 1269 832 de

173 861 359 935 lecto,
386 859 467 919 ad
492 879 670 940 quem
698 859 1037 919 dormiendi
1061 877 1270 919 caussa

173 947 282 1006 ms
316 946 666 1022 seconfert,
718 954 828 1006 aut
867 945 943 1006 de
983 945 1265 1021 triclinio,

171 1032 245 1092 in
290 1051 414 1109 quo
458 1031 834 1092 accubuerat.
901 1029 1269 1111 simplicissi-

173 1137 350 1177 mum
407 1126 498 1176 est
551 1116 637 1176 ita
682 1115 912 1177 dicere:
969 1115 1044 1175 de
1090 1123 1267 1176 nocte

174 1202 377 1282 agitur
405 1247 423 1277 ,
500 1201 769 1262 convivis
825 1201 947 1261 iam
991 1201 1263 1276 dimissis,

172 1288 349 1348 unde
388 1288 563 1346 domo
608 1309 831 1347 vacua.
923 1287 1098 1348 Nunc
1130 1287 1265 1346 sola

171 1373 282 1434 illa
330 1385 545 1432 moeret
583 1376 787 1432 etr-atis
810 1417 828 1447 ,
888 1372 1043 1432 lecto
1090 1375 1266 1431 incu-

171 1458 374 1530 bam;
420 1456 540 1518 hoc
576 1469 649 1517 ut
683 1467 862 1538 poeta
896 1458 1264 1519 enuntiavit:

172 1554 401 1602 moeret
452 1555 509 1602 et
572 1543 815 1603 meabat
876 1546 1078 1603 stratis
1107 1587 1125 1619 ‚
1203 1551 1264 1602 et

170 1628 429 1710 quidem
481 1628 699 1688 relictis
745 1649 781 1687 a
832 1648 924 1706 se;
991 1638 1067 1689 ut
1113 1628 1263 1689 adeo

171 1714 404 1774 amoris
453 1723 625 1774 aestu
672 1715 894 1773 iactata
942 1714 1126 1775 modo
1169 1714 1264 1774 le·-

170 1808 348 1860 ctum
369 1818 547 1858 suum
566 1798 875 1879 reliquerit
889 1844 907 1876 ‚
937 1799 1118 1861 modo
1144 1800 1265 1859 ite-

167 1905 318 1947 rum
350 1885 664 1983 repetierit.
709 1885 1104 1946 obscuritatis
1122 1886 1263 1965 qui-

171 1971 318 2033 dem
340 1970 493 2031 vitio
524 1970 671 2030 haec
711 1970 975 2032 brevitas
1008 1992 1131 2033 non
1158 1992 1263 2030 ca-

166 2064 300 2130 τοῖς
354 2075 392 2114 a
446 2075 514 2115 re
555 2066 758 2117 tamen
801 2057 1095 2117 sententia
1138 2077 1261 2116 non

168 2150 271 2207 ut
299 2126 521 2201 aliena·
506 2184 523 2218 ,
581 2142 692 2201 etsi
733 2142 1010 2202 lucanus
1054 2142 1264 2202 melius

166 2227 251 2304 V,
290 2231 421 2292 790
478 2228 583 2287 Sic
622 2227 809 2305 sata,
866 2230 1089 2289 relictis
1131 2230 1265 2286 Ex·

167 2313 351 2376 eihais
400 2315 604 2373 euntia
660 2334 891 2374 amens.
992 2313 1263 2373 Servius:

166 2399 438 2473 relictis,
484 2397 560 2457 ab
589 2396 790 2458 Aenea
806 2440 823 2474 ,
881 2398 1114 2479 inquit3
1163 2406 1262 2457 at·

169 2483 286 2565 qui
311 2496 476 2544 torus
497 2485 838 2563 coniugalis
862 2503 963 2544 eos
987 2482 1263 2545 nondum

170 2578 520 2650 acceperat·
572 2588 712 2649 ergo
743 2572 1122 2631 convivalem
1160 2570 1262 2629 ina

168 2655 491 2716 intellexit.
576 2657 730 2715 Sane
761 2675 862 2733 ea,
905 2676 1056 2735 quae
1088 2664 1266 2715 ante-

170 2741 434 2804 cedunt:
489 2742 637 2801 Sola
675 2742 851 2801 domo
894 2756 1112 2802 moer-et
1144 2763 1264 2800 να·-

170 2848 336 2901 cua,
391 2844 523 2887 eam
552 2846 662 2907 per
696 2826 994 2888 thalamos
1028 2848 1099 2887 ac
1140 2827 1261 2886 tri-

172 2911 361 2973 dinis
441 2911 919 2973 discursitantem
994 2913 1264 2973 indicare

170 2996 379 3061 videri
413 3006 701 3077 possunt5
756 2998 1024 3077 adeoque
1057 2999 1159 3058 illa
1196 2999 1261 3059 in

171 3103 250 3147 eu
308 3083 605 3159 triclinio,
678 3104 801 3162 quo
861 3093 1038 3147 antea
1092 3092 1265 3143 erant

174 3168 418 3231 coenati
431 3212 453 3245 ,
493 3168 755 3245 lectum,
795 3189 917 3249 quo
962 3190 1103 3230 cum
1144 3168 1268 3229 Ae·-

175 3274 290 3315 nea
339 3253 740 3330 adcubuerat,
800 3257 1065 3335 agnoseit
1078 3298 1095 3329 ‚
1148 3254 1269 3315 ite-

173 3358 438 3419 rumque
463 3339 517 3400 ei
539 3339 815 3418 incubat5
855 3341 1021 3420 quod
1057 3361 1269 3402 amsu-

139 3435 272 3499 ,ctes
303 3426 503 3485 facere
528 3426 753 3504 solent,
785 3436 858 3487 *et
887 3426 1054 3505 quod
1089 3431 1269 3487 toties

177 3511 525 3572 amantibus
593 3531 628 3570 a
689 3512 884 3592 poetis
948 3513 1262 3574 tribuitur.

173 3597 305 3659 vid.
365 3596 544 3657 Ovid.
601 3597 786 3677 Epist.
998 3599 1080 3664 61
1136 3618 1262 3676 sqq.

179 3685 382 3759 Saepe
437 3695 633 3742 tonans
683 3704 821 3762 repe
1000 3686 1109 3764 qui
1154 3704 1265 3742 nos

174 3767 1091 3847 accepemambo-Ettua,
1140 3784 1292 3849 qua*

169 3872 428 3932 possum·
468 3874 584 3932 pro
629 3865 685 3912 te
738 3857 999 3934 vestigia
1047 3865 1259 3932 tango,

177 3940 503 4019 &utaque
528 3982 547 4014 ,
595 3960 753 4019 quae
788 3938 1065 4000 membris
1110 3942 1267 3999 irate-

169 4045 362 4102 puere
413 4027 556 4083 tuis.
628 4024 703 4085 cs.
756 4026 862 4105 Ep.
921 4025 1054 4101 XV,
1122 4027 1265 4090 149.

175 4110 301 4173 Nec
327 4106 606 4169 dubitare
632 4108 775 4192 liqat
786 4155 806 4187 ‚
849 4131 926 4171 an
963 4118 1153 4171 strata
1192 4110 1268 4171 de

174 4201 317 4257 toro
343 4194 744 4256 convivarum
784 4195 1084 4258 dicantur.
1167 4196 1270 4257 Sic

173 4299 236 4341 v.
263 4301 316 4342 c.
352 4278 537 4341 ovid.
587 4280 732 4342 Met.
775 4281 848 4357 V,
899 4281 1002 4359 34,
1045 4281 1152 4344 ubi
1189 4282 1265 4341 de

172 4366 460 4431 convivio
494 4364 697 4446 agitur
713 4409 732 4443 ‚
773 4380 841 4428 ut
880 4371 1038 4428 stetit
1080 4367 1270 4427 hacta·

1351 698 1475 746 tom
1493 730 1511 764 ,
1561 686 1769 747 stratis
1810 702 1937 747 tum
1973 688 2227 769 denique
2270 690 2430 748 Per-

1350 793 1487 832 seue
1511 771 1797 832 EssiIuit.
1874 772 1982 833 Est
2009 792 2247 854 quoque
2272 786 2429 833 stm-

1351 868 1417 918 ta
1456 857 1648 917 lectus
1672 902 1690 936 ,
1769 867 1843 919 ut
1894 860 2000 919 ins.
2041 863 2168 924 392
2212 859 2429 936 dictus,

1349 963 1471 1021 quo
1497 943 1709 1004 sedent
1737 953 1844 1006 aut
1871 944 2164 1006 recubant
2189 945 2255 1004 in
2284 944 2430 1005 tha-

1348 1028 1509 1088 lamo
1541 1048 1647 1090 seu
1687 1029 1991 1090 cubiculo:
2047 1029 2429 1110 quandoqui-

1352 1113 1487 1173 dem
1557 1114 1784 1196 priscae
1848 1115 2012 1175 vitae
2088 1116 2428 1196 simplicitas

1350 1200 1607 1259 eundem
1649 1209 1855 1260 torum
1895 1201 1961 1260 in
2001 1200 2209 1262 eodem
2254 1202 2428 1260 cubi-

1349 1286 1485 1345 culo
1517 1296 1581 1345 et
1606 1286 1952 1347 sedentibus
1981 1295 2040 1346 et
2072 1287 2428 1347 dormienti·-

1347 1370 1463 1430 bus
1502 1371 1853 1432 destinabat,
1939 1372 2276 1432 Fatendum
2328 1380 2426 1430 ta·

1295 1479 1308 1490 *
1348 1477 1487 1516 men
1503 1501 1519 1533 ,
1546 1455 1706 1517 hanc
1732 1467 1943 1537 poetae
1968 1459 2264 1518 rationem
2289 1458 2427 1538 plus

1347 1543 1494 1602 artis
1519 1540 1860 1606 habituram
1896 1563 2020 1603 esse
2055 1563 2235 1622 quam
2279 1545 2429 1604 sim-

1345 1628 1673 1708 plicitatis;
1731 1637 1806 1689 ut
1865 1629 2068 1688 malim
2124 1631 2428 1711 praeferre

1345 1713 1449 1788 id,
1510 1712 1678 1792 quod
1716 1714 1912 1794 primo
1961 1714 2099 1775 loco
2155 1717 2426 1796 apposui.

1348 1797 1435 1879 (Si
1482 1818 1694 1859 verum
1749 1811 1840 1859 est
1863 1844 1883 1878 ,
1950 1800 2115 1879 quod
2167 1811 2425 1882 ponunt,

1347 1883 1663 1945 discrimen
1704 1884 1865 1945 inter
1903 1885 2180 1946 itu-ubam
2226 1897 2287 1948 et
2326 1890 2426 1945 in-

1343 1970 1614 2029 cumbere
1634 2015 1652 2046 ,
1699 1970 1851 2031 illud
1881 1972 2197 2051 posteriori
2230 1973 2425 2054 expli-

1346 2055 1564 2116 cationi
1614 2057 1793 2117 favet.
1881 2056 2087 2130 Quid?
2153 2060 2202 2119 si
2238 2077 2424 2132 more,

1346 2160 1525 2219 quem
1550 2140 1816 2222 Heynius
1858 2145 2245 2222 memoravit,
2302 2163 2425 2205 non

1346 2226 1644 2288 advocato
1667 2271 1684 2302 ,
1757 2227 2049 2288 Didonem
2114 2229 2425 2291 ardentem

1348 2311 1503 2372 toris
1569 2313 2017 2391 convivalibus,
2088 2316 2425 2392 relictis,

1345 2397 1477 2457 ubi
1594 2398 1977 2459 convivae
2090 2399 2426 2481 digressi

1346 2491 1573 2543 erant
1602 2527 1620 2561 ,
1693 2483 1984 2546 virtutem
2060 2484 2290 2548 Aeneae
2363 2496 2428 2548 et

1345 2569 1753 2635 conditionem
1794 2590 1991 2647 suam,
2033 2581 2176 2631 vota
2215 2584 2277 2635 et
2319 2593 2428 2633 ra-

1341 2655 1569 2715 tionem
1600 2655 1671 2715 iis
1702 2656 1966 2735 potiendi
2005 2657 2205 2718 animo
2236 2679 2428 2739 repu-

1342 2749 1573 2800 tantem
1626 2741 1963 2805 incubuisse
2012 2762 2246 2804 mecum
2302 2753 2428 2804 sta-

1344 2826 1523 2886 tuas?
1608 2826 1770 2886 Neve
1824 2826 2033 2888 eadem
2103 2830 2271 2889 notio
2330 2829 2425 2889 bis

1345 2910 1610 2971 exhibita
1636 2944 1717 2959 ·-
1744 2933 1947 2972 vacua
1968 2956 1984 2972 .
2010 2956 2025 2974 .
2053 2957 2067 2973 .
2095 2917 2316 2975 relictis
2338 2947 2428 2962 —

1343 3005 1405 3056 te
1448 2997 1711 3057 offendat
1725 3039 1743 3073 ,
1802 3017 2105 3079 compares
2138 3001 2286 3062 Aen.
2326 3001 2425 3078 111,

1354 3086 1527 3149 128.:
1585 3085 1780 3142 Hoste
1849 3104 2129 3145 vacare
2193 3088 2421 3165 domos,

1349 3168 1629 3248 sedesque
1741 3169 1982 3229 adstare
2076 3173 2426 3233 relictas.

1355 3255 1452 3316 W
1453 3254 1548 3312 ch.
1636 3251 1783 3314 Mihi
1832 3255 2077 3317 videtur
2111 3256 2260 3318 haec
2301 3277 2428 3318 esse

1350 3339 1775 3419 simplicissima
1798 3342 1987 3420 ratio,
2014 3352 2085 3403 ut
2112 3357 2302 3403 strata
2330 3366 2428 3403 re·-

1350 3427 1498 3485 licta
1564 3425 1897 3506 significent
1972 3437 2230 3489 torum
2300 3429 2428 3489 vi-

1352 3510 1620 3588 duum,
1709 3522 1886 3571 antea
1956 3532 2094 3572 cum
2156 3515 2427 3595 Sychaeo

1345 3596 1564 3676 partiri
1615 3596 1857 3656 solitum
1889 3642 1908 3674 ‚
1980 3618 2146 3659 nunc
2189 3601 2428 3662 desola-

1347 3690 1502 3742 tum.
1587 3682 1664 3742 Et
1695 3685 1955 3764 relinqui
1993 3704 2164 3766 saepe
2211 3686 2428 3748 dicun-

1347 3775 1454 3827 tur
1493 3768 1841 3852 superstites
1888 3770 2193 3851 coniuges,
2247 3774 2425 3835 ovid.

1349 3853 1400 3912 Τ
1402 3852 1533 3914 nst.
1572 3852 1945 3929 1V‚8,40·
1996 3867 2231 3932 „morte
2271 3861 2428 3920 fores

1348 3938 1475 3999 sola
1497 3939 1704 3998 relicta
1731 3944 1901 4003 mea!
1904 3944 2297 4024 ‘stratisque
2326 3949 2428 4005 in-

1346 4023 1559 4098 cubat,
1606 4024 1645 4084 i.
1673 4043 1722 4084 e.
1751 4024 2039 4087 incubans
2063 4035 2303 4107 stratis,
2354 4040 2429 4092 ut

1347 4110 1475 4190 ipse
1535 4110 1807 4191 Heynius
1883 4133 2064 4194 supra
2154 4075 2425 4195 explicat.

1354 4198 1462 4258 W
1449 4193 1523 4278 r.)
1637 4196 1945 4259 Praeclare
2009 4208 2209 4260 autem
2273 4200 2426 4261 illud

1348 4281 1695 4345 subiicitur:
1736 4285 1912 4343 dium
1952 4284 2165 4344 absens
2206 4284 2426 4344 absen-

1348 4379 1466 4426 tem
1488 4369 1775 4449 auditque
1790 4369 2064 4449 videtque
2081 4393 2102 4428 .-
2131 4369 2295 4450 quod
2316 4391 2427 4433 or-
