2882 5028
462 386 612 462 548
956 381 1039 456 P.
1093 376 1620 456 VIRGILII
1671 375 2225 452 MARONIS

462 569 743 647 Missus
777 556 1015 643 adest.
1083 555 1283 641 Viv'o
1314 557 1888 666 praetervehor
1921 562 2116 637 ostia
2146 585 2348 637 saxo.

464 754 571 795 tem
590 742 710 796 687.
736 739 923 794 factam
950 734 1191 790 Pelori
1215 737 1533 789 mentionem
1559 731 2127 804 inicitur-premetur,
2162 744 2222 787 ut
2256 746 2400 787 retro
2438 734 2504 786 ad
2542 734 2693 802 Scyl-

463 811 568 863 lam
596 818 650 860 et
680 807 1003 880 Charybdim
1041 806 1166 860 illos
1205 805 1337 860 ferri
1378 805 1725 870 existimaret,
1775 805 1910 858 haec
1946 807 2061 856 fere
2108 802 2417 873 adscripsit:
2468 803 2696 868 „Contra

463 880 600 931 iussa
630 877 849 940 Helonis
882 883 1077 929 eertum
1099 886 1178 929 est
1195 905 1261 916 —-
1281 876 1320 929 i.
1339 892 1388 928 e.
1418 892 1496 948 up
1509 893 1543 945 p
1558 891 1587 926 a
1606 893 1635 926 r
1650 889 1678 926 e
1696 885 1721 927 t
1745 873 1957 926 euim-
1970 874 2097 926 dare
2110 874 2274 926 lintea
2292 882 2438 925 retro
2453 876 2516 933 3⁸⁶
2552 883 2696 940 puts,

462 965 640 1002 versus
664 946 905 999 Pelorum
937 957 994 999 et
1017 946 1208 998 fretum
1231 945 1477 1000 Siculum.
1546 949 1679 1007 Aut,
1712 961 1819 1013 quo
1843 944 1985 995 Medi
2206 944 2309 1008 eit,
2345 943 2399 993 in
2438 958 2543 1010 quo
2577 941 2695 1010 pri-

463 1036 601 1070 mum
620 1016 699 1068 ita
724 1013 973 1084 seriptum
996 1013 1125 1067 ruit:
1158 1009 1240 1068 Ni
1282 1028 1321 1067 t.
1365 1027 1593 1078 curtus,
1639 1011 1977 1066 relate—sle
2181 1015 2186 1018 ’
2289 1024 2469 1074 retro,
2521 1011 2695 1063 verbis

463 1099 667 1139 certum
708 1098 790 1137 ese
829 1085 1226 1154 superscriptis:
1277 1085 1409 1141 haec
1444 1079 1630 1204 alianis
1671 1081 1910 1151 margins
1931 1083 1998 1134 ad
2177 1091 2232 1132 t:
2281 1085 2485 1133 Contra
2524 1082 2694 1145 iussa,

462 1166 711 1219 monent,
748 1155 947 1206 Heleni
970 1155 1106 1209 dare
1131 1155 1304 1205 lincea
1332 1165 1510 1215 retr-03
1568 1189 1582 1203 .
1616 1168 1664 1205 e.
1690 1149 1821 1214 ulii,
1873 1146 2211 1204 Grammatici
2257 1160 2312 1202 et
2353 1148 2695 1217 Virgilioma·

462 1226 658 1293 stiga,
710 1232 950 1287 monent,
1005 1215 1065 1276 h.
1103 1241 1149 1273 e.
1190 1221 1594 1274 meminisse
1633 1231 1702 1273 et
1743 1221 2141 1275 udtendere
2191 1220 2258 1272 le
2278 1230 2539 1271 ctorem
2578 1219 2693 1270 iu-

462 1294 667 1358 bent,
703 1294 961 1345 Troianos
999 1302 1182 1344 contra
1214 1289 1406 1344 Heleni
1444 1288 1584 1343 iussa
1628 1295 1808 1354 retro,
1850 1294 1893 1343 ἵ.
1939 1308 1988 1341 e.
2033 1289 2118 1343 ad
2158 1288 2496 1370 Scyllam,
2546 1288 2694 1340 navi-

463 1381 607 1431 gare.
674 1364 778 1413 Iam
803 1361 893 1412 alii
916 1360 1033 1425 vel,
1069 1370 1157 1426 ut,
1192 1377 1326 1432 quae
1357 1370 1497 1413 esset
1520 1361 1703 1412 horum
1732 1360 2008 1412 verborum
2036 1368 2293 1410 sententia
2312 1398 2327 1421 ,
2370 1358 2565 1410 clarius
2595 1375 2694 1426 ap-

461 1441 698 1501 pareret-3
747 1431 862 1495 vel,
907 1428 1061 1499 quia,
1107 1448 1258 1500 quam
1302 1429 1407 1482 vim
1440 1430 1575 1480 illud
1616 1443 1836 1483 monem
1867 1429 2118 1494 haberet,
2174 1445 2280 1480 non
2323 1427 2696 1497 intelligerent,

461 1501 659 1570 reliqua
683 1499 1001 1551 adiecerunt.
1071 1499 1311 1551 Ceterum
1345 1499 1401 1550 in
1431 1498 1635 1551 minore
1669 1497 1908 1580 editione
1948 1498 2179 1567 Heynius
2222 1513 2329 1549 non
2367 1506 2494 1578 post
2525 1499 2691 1578 pians,

463 1571 557 1622 sed
585 1578 708 1639 post
732 1570 890 1620 Inter
907 1586 1107 1620 comma
1139 1569 1349 1637 posuit3
1391 1585 1492 1638 qua
1521 1586 1633 1620 curn
1667 1568 2083 1638 interpunctione
2112 1566 2339 1619 concinit
2371 1583 2490 1634 ipsa
2520 1576 2690 1618 inter-

460 1639 690 1760 pretatio
710 1638 765 1688 in
796 1637 949 1689 Notis
972 1639 1277 1707 propositaz
1329 1655 1463 1706 quae
1499 1637 1707 1706 quidem
1748 1636 2181 1707 explicationibus
2220 1636 2286 1687 ab
2324 1635 2441 1687 aliis
2485 1636 2693 1687 tentatis

499 1708 600 1760 aud
628 1707 786 1758 dubie
812 1707 1172 1776 praeferenda.
1243 1707 1450 1758 Laudat
1488 1725 1590 1759 vsa.
1630 1708 1752 1762 685.
1778 1725 1858 1776 sq.
1905 1707 2197 1758 Priscianus
2236 1707 2434 1768 xvm,
2480 1709 2568 1767 10,
2609 1707 2692 1760 79.

460 1779 562 1840 ita,
598 1788 656 1828 ut
684 1794 797 1828 eum
829 1779 988 1828 Inter
1012 1789 1297 1846 ueramque
1316 1778 1461 1828 viam
1486 1774 1715 1827 iunxisse
1742 1785 1798 1827 et
1830 1778 1893 1828 ni
1935 1793 2036 1844 pro
2075 1775 2154 1826 rie
2194 1774 2386 1826 dictum
2426 1774 2693 1841 accepisse

460 1855 743 1916 appareat3
776 1844 916 1896 idem
946 1845 1108 1908 laees',
1146 1856 1202 1896 ut
1229 1855 1311 1897 est
1341 1845 1496 1896 etiam
1526 1845 1582 1895 in
1606 1845 1864 1908 Mediceo‚
1899 1862 2004 1897 non

2084 1848 2142 1896 ιε.
2186 1845 2331 1910 Wr.)
2471 1846 2579 1897 sss
2612 1844 2694 1896 Ν.

460 1916 595 1967 Gud.
622 1932 737 1967 cum
761 1914 961 1982 aliquot
990 1914 1146 1975 Piera,
1181 1915 1275 1966 sed
1306 1914 1385 1966 Ni
1410 1913 1640 1984 antique.
1687 1932 1735 1966 v.
1762 1918 1905 1966 Serv·
1933 1914 2111 1966 Heius.
2180 1914 2421 1965 Ceterum
2460 1912 2567 1964 hoc
2594 1912 2692 1964 he—

458 1984 801 2037 mistichium:
837 1996 1045 2034 certum
1076 1997 1159 2034 ese
1186 1985 1323 2035 dare
1350 1983 1525 2035 lintea
1554 1997 1702 2035 recta
1720 2021 1735 2046 ‚
1788 1994 2044 2052 tamquam
2083 2001 2113 2034 a
2155 1983 2413 2033 sententia
2452 1981 2692 2048 alienum,

461 2073 489 2106 a
517 2069 650 2105 nova
682 2069 834 2103 manu
864 2052 931 2102 ad
966 2051 1312 2118 supplendum
1339 2069 1541 2103 versum
1571 2062 1825 2104 attextum
1852 2070 1966 2103 esse
1995 2050 2221 2104 videtur.
2258 2051 2385 2117 (vid.
2427 2053 2496 2103 V.
2530 2053 2588 2102 L.
2629 2051 2693 2103 ad

459 2141 532 2174 vs.
559 2122 679 2178 684.
724 2120 865 2187 Wr.)

461 2193 646 2260 (nimio
679 2190 796 2243 Alb.
838 2190 983 2258 Wr.)

458 2363 585 2410 tum
609 2361 696 2407 est
732 2349 876 2408 dam
916 2349 1101 2409 lintea
1139 2360 1285 2408 retro
1306 2393 1325 2425 ,
1371 2349 1435 2409 h.
1477 2369 1526 2408 e.

456 2436 575 2494 iam
606 2429 1088 2510 decreveramus,
1114 2435 1332 2494 iterum
1365 2454 1530 2494 mare

457 2520 827 2580 Adriaticum
850 2529 1150 2600 repetere;
1191 2540 1348 2595 eum,
1377 2540 1530 2596 ecee,

456 2609 673 2665 Boreas
700 2607 993 2666 exoritur.
1078 2608 1306 2665 Heleni
1331 2608 1525 2681 iussa,

455 2713 514 2753 v.
544 2712 674 2772 sup.
704 2691 833 2767 410
862 2711 945 2770 sq.
980 2690 1105 2755 429
1129 2711 1256 2770 sqq.
1297 2694 1385 2767 ni,
1419 2713 1532 2751 an-

454 2778 620 2857 tique
651 2796 763 2856 pro
791 2797 888 2835 ne.
979 2777 1078 2836 Sic
1104 2779 1270 2836 Serv.
1304 2786 1364 2836 et
1391 2778 1531 2858 plu·—

452 2883 549 2923 res
619 2871 848 2923 veteres
916 2862 1303 2922 Grammatici
1369 2862 1533 2942 apud

454 2948 654 3019 Heins.
683 2956 745 3007 et
771 2947 934 3006 alios.
967 2968 1025 3007 v.
1048 2949 1260 3008 Horat.
1276 2948 1318 3007 Ι.
1336 2950 1531 3008 Carm.

459 3032 557 3111 14,
592 3033 693 3098 15.
777 3031 1038 3112 (Horatii
1088 3034 1272 3117 verba
1305 3046 1372 3094 tu·
1412 3037 1537 3092 nisi

454 3121 642 3177 ventis
714 3117 885 3175 debes
939 3117 1263 3177 lusiibrium
1292 3162 1311 3194 ,
1382 3140 1532 3178 cave

455 3204 628 3263 alitor
677 3202 1079 3282 explicanda3
1152 3223 1344 3281 neque
1380 3207 1526 3278 ηιζςί,

454 3288 561 3347 sed
575 3297 814 3347 tantum
838 3290 908 3344 ni
932 3307 1040 3367 pro
1076 3308 1151 3345 ne
1175 3300 1533 3369 usurpatum

454 3392 577 3431 esse
622 3372 987 3451 grammatici
1024 3383 1335 3434 notarunt.
1395 3375 1531 3435 vid.

454 3458 770 3518 Forcellini
797 3457 909 3517 sub
936 3478 1068 3519 voc.
1097 3462 1196 3534 ni,
1247 3460 1351 3537 qui
1390 3461 1530 3539 plu-

453 3544 608 3603 rima
637 3544 880 3621 collegit
923 3543 1100 3604 huius
1138 3564 1281 3604 usus
1323 3565 1531 3604 exem·-

452 3629 570 3708 pla.
622 3627 846 3710 Welz.)
917 3642 1151 3689 teneant
1192 3650 1274 3692 sc.
1326 3651 1531 3694 naves.

456 3711 717 3795 (teneant
750 3736 955 3774 cursus
972 3759 990 3790 ,
1035 3714 1099 3775 h.
1134 3735 1185 3775 e.
1231 3718 1529 3796 navigent.

460 3798 685 3880 Wclz.)
769 3800 834 3858 ln
862 3800 1037 3859 simili
1058 3820 1124 3860 re
1156 3801 1271 3861 Od.
1298 3828 1354 3888 y,
1386 3806 1529 3876 172,

454 3885 559 3945 ubi
630 3894 1027 3965 praecesserat
1093 3879 1395 3970 Ἡιτέομεν
1464 3884 1533 3950 δὲ

454 3965 610 4034 θεόν
633 4003 716 4015 -
742 3967 910 4051 ὄφρα
951 3964 1336 4054 φύγοιμεν-
1359 4022 1378 4052 ,
1435 3992 1533 4033 se-

455 4056 665 4135 quitur
691 4075 750 4115 v·
784 4060 934 4121 176:
966 4047 1148 4138 Ὦρτο
1200 4052 1258 4120 δ’
1304 4057 1402 4122 ἔπι
1450 4063 1533 4121 λι-

454 4138 587 4290 3333.
607 4132 1533 4310 ...6ὲῶέῖ

455 4335 593 4393 μον.
607 4312 683 4377 of.
701 4311 816 4377 Od.
835 4336 901 4392 μ,
919 4316 1055 4378 197.
1073 4317 1219 4378 221.
1231 4313 1539 4375 Hactenus

453 4417 663 4459 versus
688 4396 1002 4458 infeliciter
1035 4419 1322 4480 procusos
1345 4400 1541 4463 inter-

1003 2121 1108 2176 687
1141 2120 1211 2173 ab
1240 2140 1284 2173 s.
1316 2121 1507 2173 Heins.'
1528 2139 1558 2173 e
1583 2122 1733 2174 libris
1760 2131 1814 2172 et
1837 2139 1982 2174 more
2011 2131 2221 2191 poetae.
2297 2120 2467 2188 Vulgo
2492 2141 2530 2172 a
2550 2119 2693 2173 sede.

1613 2359 1882 2431 pretatus
1925 2370 2057 2409 sum
2084 2394 2100 2425 ,
2160 2357 2458 2427 quantum
2513 2346 2691 2406 licuit.

1614 2435 1733 2495 Sed
1777 2457 1840 2499 v.
1895 2435 2183 2495 iudicium
2253 2443 2535 2512 nostrum
2613 2429 2692 2514 (et

1613 2542 1849 2598 meum,
1901 2520 2077 2604 Wr.)
2121 2522 2185 2583 in
2230 2522 2298 2581 V.
2339 2521 2404 2580 L.
2495 2516 2692 2600 (Gete-

1613 2628 1756 2685 rum,
1808 2627 1886 2666 ex
1929 2607 2428 2687 interpretatione
2478 2604 2690 2684 Heynii

1615 2693 1969 2772 distingues:
2025 2714 2248 2751 cursus.
2331 2692 2572 2749 Certum
2613 2701 2691 2747 ese

1614 2779 1759 2838 dare
1772 2780 1955 2837 lintea
1971 2791 2117 2837 retro
2130 2801 2158 2850 ;
2177 2777 2329 2836 Ecce
2342 2809 2446 2835 —.
2470 2777 2578 2837 W
2566 2773 2687 2854 ch)

1702 2867 1847 2928 687.
1886 2864 1953 2924 V
1948 2866 2070 2922 enti
2093 2864 2283 2941 poetis
2305 2883 2340 2920 a
2370 2862 2687 2933 montibus,

1614 2959 1920 3026 tamquam
1952 2948 2191 3008 sedibus
2205 2993 2222 3024 ,
2271 2957 2568 3027 petuntur
2593 2943 2686 3028 (ef.

1615 3034 1951 3094 Markland.
2010 3034 2191 3114 Epist.
2252 3034 2385 3092 crit.
2447 3053 2507 3110 p.
2555 3030 2689 3112 66);

1615 3121 1817 3198 itaque
1844 3118 1905 3179 h.
1933 3119 1974 3178 l.
1998 3119 2212 3198 Aquilo
2256 3139 2293 3201 a
2333 3126 2685 3198 promonto-

1613 3206 1707 3266 rio
1735 3206 1983 3279 Peloro,
2026 3205 2103 3264 ad
2146 3205 2368 3263 fretum
2399 3204 2686 3276 Siculum3

1615 3291 1758 3351 hine
1781 3305 2049 3368 angusta
2072 3289 2152 3349 ab
2170 3291 2402 3348 ssde—
2419 3292 2682 3347 Missus:

1613 3387 1765 3457 puto
1806 3375 2057 3455 exprimi
2102 3377 2343 3455 ἴκμενος
2393 3373 2495 3433 vel
2542 3373 2684 3453 ἰέμε-

1614 3484 1761 3535 voc:
1826 3462 1878 3519 is
1924 3481 2136 3520 navem
2185 3462 2303 3519 fert
2362 3459 2687 3519 secundum

1611 3548 1787 3607 littus
1847 3546 2077 3606 Siciliae
2144 3545 2432 3606 orientale
2488 3563 2687 3607 versus

1614 3642 1905 3693 austrum.

1700 3721 1845 3782 688.
1885 3720 2028 3782 689.
2100 3718 2170 3775 V
2165 3716 2262 3775 ivo
2330 3717 2490 3773 ostia
2549 3732 2686 3772 saro

1617 3804 1989 3881 Pantagiae.
2081 3803 2442 3879 Pantagias
2509 3798 2686 3880 (nune

1617 3890 1834 3948 Fiame
1873 3888 1942 3945 di
1977 3884 2257 3968 Pon-ari)
2304 3905 2535 3965 parvus
2572 3884 2684 3943 flu-

1616 3973 1785 4049 vius,
1827 3972 1997 4032 brevi
2035 3992 2250 4048 cursu,
2303 3972 2460 4031 infra
2500 3972 2682 4029 Leon·

1616 4061 1774 4119 tinos
1790 4104 1808 4136 ,
1864 4058 2033 4118 cuius
2084 4058 2302 4117 ostium
2353 4054 2683 4137 praeruptis

1619 4146 1902 4223 utrinque
1930 4143 2178 4223 rupibus
2207 4141 2575 4202 includitur:
2613 4139 2682 4198 de

1621 4250 1692 4290 eo
1734 4252 1794 4292 v.
1822 4231 2060 4291 Cluver.
2091 4228 2248 4288 sicil.
2276 4228 2377 4289 lib.
2405 4229 2451 4303 1,
2495 4248 2544 4286 c.
2591 4229 2678 4288 1¹.

1621 4316 1869 4376 Dorvill.
1897 4315 2093 4375 Sicula
2122 4335 2180 4395 p.
2197 4318 2338 4378 206.
2366 4316 2509 4379 20⁷.
2549 4314 2679 4367 vivo

1620 4424 1770 4462 saxo
1789 4447 1807 4478 ,
1854 4410 1927 4461 ut
1965 4401 2010 4477 1,
2060 4404 2184 4465 167
2234 4403 2486 4479 vivoque
2522 4395 2675 4453 sedi·
