2882 5028
454 471 457 478 ,
567 385 1181 464 AENEmos
1237 387 1645 483 Lmv1,
1691 395 2072 465 91-100
2289 343 2458 468 ses

180 573 667 673 Externique
697 574 989 649 iterum
1014 571 1363 651 thalami.

182 681 315 752 Tu
350 699 455 752 ne
487 676 683 753 cede
717 676 983 755 malis:
1034 675 1178 753 sed
1213 688 1487 751 contra
1518 675 1943 752 audentior
1977 677 2113 771 ito,
2334 681 2435 758 95

183 783 449 875 Quam
474 791 608 854 tua
634 792 717 855 te
741 784 1093 856 Fortuna
1119 780 1343 860 sinet.
1448 780 1593 860 Via
1625 781 1881 880 prima
1911 779 2198 875 salutiS,

182 881 430 978 Quod
461 883 794 959 minime
821 883 1055 980 reriS‚
1110 884 1339 959 Graia
1367 881 1766 983 pandetur
1795 883 1893 958 ab
1922 883 2145 963 urbe.

289 985 613 1061 Talibus
645 1011 737 1063 ex
765 985 998 1084 adyto
1031 985 1256 1062 dictis
1286 988 1637 1065 Cumaea
1672 985 1968 1083 Sibylla

176 1089 643 1166 Horrendas
686 1091 893 1165 canit
933 1089 1333 1189 ambageS,
1386 1103 1779 1190 antroque
1813 1091 2176 1190 remugit,

180 1193 567 1271 Obscuris
596 1218 778 1270 vera
806 1192 1261 1273 involvens:
1316 1218 1408 1273 ea
1432 1191 1662 1272 frena
1693 1191 1993 1270 furenti
2147 1271 2158 1280 f
2288 1202 2432 1273 100

285 1339 408 1411 96.
465 1333 646 1427 Qus

318 1521 392 1576 94
436 1525 784 1593 Extremique
827 1524 1023 1577 Μαι-ετ.
1065 1542 1170 1579 sec.
1308 1524 1379 1580 95
1431 1525 1595 1577 erede
1642 1524 1807 1580 Goth.
1853 1531 1980 1578 tert.
2051 1535 2108 1575 es
2151 1540 2186 1575 a
2231 1540 2313 1591 pr.
2362 1539 2431 1573 m.

174 1589 374 1646 Medic.
446 1591 712 1645 audacior
745 1592 879 1644 alter
909 1595 1194 1664 Hamburg.
1230 1602 1285 1645 et
1319 1594 1431 1645 bini
1465 1593 1630 1647 Goth.
1700 1594 1960 1647 audatior
1990 1592 2156 1648 wan.
2224 1592 2433 1644 arden-

177 1662 293 1712 tior
325 1660 477 1714 Leid.
522 1669 578 1712 et
609 1662 812 1730 Hagen.
849 1681 879 1713 a
913 1682 982 1716 m.
1019 1682 1101 1732 pr.
1238 1664 1311 1718 96
1342 1663 1628 1733 Vulgatum
1662 1673 1803 1716 erat:
1856 1667 2028 1745 Quam
2071 1673 2175 1714 tua
2206 1674 2263 1713 te
2295 1659 2434 1731 for-

180 1741 323 1780 tuna
359 1731 519 1782 sinet.
588 1733 667 1782 Ut
690 1730 818 1800 plus
855 1732 1079 1799 audeat,
1128 1749 1281 1801 quam
1315 1733 1426 1784 fata
1461 1732 1803 1801 permittant,
1851 1747 1937 1784 m
1982 1732 2190 1784 videtur
2236 1731 2433 1782 bonum

176 1797 458 1850 consilium
494 1816 637 1862 esse3
687 1800 851 1852 multo
886 1801 1054 1853 minus
1090 1806 1300 1855 Aeneae
1334 1802 1546 1868 datum,
1592 1801 1735 1855 cuius
1770 1801 1943 1854 omnia
1977 1799 2195 1853 consilia
2228 1798 2298 1850 ad
2345 1799 2433 1851 fa-

176 1878 357 1919 torum
394 1867 631 1920 ordinem
666 1889 697 1920 a
730 1879 896 1938 poeta
933 1879 1278 1940 attemperata
1325 1881 1460 1923 sunt.
1535 1875 1707 1936 Quam
1752 1887 1851 1940 pro
1904 1883 2165 1939 quantum
2214 1877 2273 1919 ut
2318 1885 2433 1919 cum

173 1937 399 1988 Heinsio
438 1949 490 1988 et
522 1940 812 1991 Burmanno
846 1940 1103 2008 accipias,
1139 1940 1322 1992 durum
1358 1958 1475 1992 esse
1508 1948 1674 2010 puto,
1721 1949 1777 1991 et
1810 1955 1935 1992 vero
1972 1937 2128 1990 etiam
2173 1936 2431 1990 ieiunum:

172 2006 336 2058 Malis
372 2007 576 2059 obviam
611 2008 686 2059 ito
707 2047 722 2071 ‚
756 2019 1000 2077 quantum
1035 2019 1208 2078 potes.
1276 2009 1661 2078 significantius
1698 2019 1811 2061 est:
1857 2025 2160 2092 quacunque
2189 2004 2435 2096 viaJIicet

176 2076 240 2127 id
273 2077 466 2129 facere.
537 2077 744 2129 Accede
785 2077 947 2146 igitur
980 2077 1109 2130 viris
1141 2078 1312 2133 doctis
1330 2118 1348 2145 ,
1394 2087 1454 2131 ut
1485 2079 1766 2147 legendum
1801 2077 2114 2141 existimem,
2164 2079 2316 2143 Qua,
2370 2092 2434 2127 ea

171 2145 295 2211 via,
346 2163 477 2214 qua3
513 2157 570 2199 ut
615 2164 731 2216 sup.
765 2149 831 2212 11,
862 2150 994 2204 387:
1045 2152 1091 2199 Ο
1135 2150 1300 2213 socii,
1371 2167 1446 2199 ua
1473 2149 1683 2219 prima,
1717 2149 1933 2217 inquit,
1955 2146 2201 2218 fortuna
2232 2145 2433 2196 salmis

172 2218 466 2268 Monstrat
499 2215 608 2266 iter
625 2254 641 2281 ,
689 2234 905 2285 quaque
942 2217 1183 2269 ostendit
1216 2235 1277 2268 se
1378 2228 1538 2281 xtra,
1589 2235 1898 2286 sequamur.
1964 2215 2137 2268 Affine
2190 2224 2273 2266 est
2315 2230 2431 2281 sup.

168 2287 218 2348 1,
252 2285 375 2338 418.
416 2286 736 2356 Corripuere
775 2287 952 2350 viam,
999 2305 1108 2356 qua
1151 2288 1345 2337 senu'ta
1390 2298 1679 2338 monstrat.
1727 2304 1825 2338 nec
1871 2295 2046 2338 tamen
2093 2284 2227 2337 adeo
2271 2282 2433 2350 longe

169 2353 232 2404 in
272 2352 423 2405 malis
455 2353 825 2422 propulsandis
859 2355 1111 2423 progredi
1143 2355 1254 2408 fata
1287 2365 1345 2406 te
1376 2355 1586 2422 sinent,
1633 2355 1731 2407 sed
1803 2366 2005 2408 aratum
2038 2364 2119 2406 est
2151 2351 2429 2405 auxilium:

178 2423 295 2476 Via
324 2424 502 2493 prima
548 2441 592 2474 s.
662 2427 831 2505 Atque
879 2424 983 2476 fuit
1028 2424 1160 2507 baec
1208 2423 1377 2476 lectio
1421 2424 1581 2476 etiam
1626 2424 1682 2475 in
1728 2424 1769 2475 li
1807 2425 1880 2477 ris
1926 2423 2190 2494 plerisque
2236 2420 2430 2483 Pierii3

84 2518 97 2523 -
167 2493 321 2546 forte
356 2491 675 2545 recentibus.
713 2494 893 2563 (immo
928 2492 1096 2557 libris,
1131 2504 1279 2563 puto,
1312 2493 1598 2563 impressis.
1644 2494 1787 2563 Wr.)
1856 2495 1993 2547 Nam
2014 2502 2220 2546 veteres
2250 2508 2430 2543 omnes

168 2562 232 2613 in
267 2579 430 2631 quam
464 2578 591 2614 cons
631 2562 783 2614 irant.
854 2566 998 2615 Inter
1027 2562 1201 2616 editos
1233 2564 1481 2633 princeps
1516 2562 1637 2616 Ald.
1682 2581 1797 2633 qua
1829 2564 2069 2628 exhibet,
2110 2570 2364 2613 mutatum
2398 2577 2431 2611 a

168 2631 447 2701 Naugerio
480 2630 537 2682 in
619 2642 746 2684 tera.
816 2634 873 2683 ln
909 2632 994 2683 his
1031 2632 1209 2683 tamen
1257 2632 1559 2701 particulis,
1600 2632 1840 2700 inprimis
1886 2650 2002 2684 cum
2051 2646 2165 2683 com
2204 2628 2429 2683 arativus

168 2701 235 2752 in
280 2717 515 2753 errorem
560 2710 669 2752 tam
711 2701 869 2754 facile
912 2701 1161 2753 iuducere
1206 2701 1485 2768 debuerit,
1548 2701 1712 2753 nolim
1771 2701 2104 2752 librariorum
2189 2697 2275 2750 dei
2323 2709 2430 2749 tam

167 2769 391 2822 multum
425 2769 676 2822 tribuere.
744 2770 852 2823 Alii
883 2770 1068 2837 legunt
1114 2775 1317 2837 Quum,
1363 2769 1509 2840 qnod
1555 2769 1643 2822 vix
1689 2771 1903 2838 probes.
1971 2768 2206 2837 Toupius
2254 2766 2426 2836 Epist.

166 2840 305 2891 erit.
339 2858 463 2909 pag.
502 2841 599 2895 171
636 2843 791 2911 Lego
810 2880 825 2905 ,
874 2852 936 2892 ut
968 2840 1101 2891 mihi
1142 2839 1357 2909 quidem
1391 2840 1640 2904 videtur,
1695 2840 2020 2890 certissime:
2067 2842 2188 2904 Quo
2231 2845 2323 2887 tua
2369 2844 2427 2887 te

166 2912 385 2962 fortuna
407 2908 579 2979 feret.
646 2911 763 2961 Hoc
799 2919 913 2974 est,
948 2918 1142 2976 poetae
1178 2907 1462 2960 dictionem
1498 2925 1595 2977 per
1623 2907 1795 2959 lusum
1828 2906 2065 2971 variare,
2107 2921 2250 2970 nou,
2300 2920 2426 2956 eor-

164 2987 331 3047 rupta
365 2978 660 3031 emendare.
730 2981 877 3047 (Non
911 2978 1141 3029 debebat
1174 2977 1388 3046 egregia
1433 2977 1594 3029 lectio
1643 2975 1837 3028 elumbi
1881 2975 1991 3028 sive
2036 2973 2310 3041 varietati,
2357 3002 2426 3013 —

166 3047 301 3101 satis
340 3045 476 3098 enim
510 3046 712 3100 incerta
748 3058 830 3100 est
868 3048 1002 3099 fides
1025 3076 1093 3087 —
1120 3046 1232 3098 sive
1283 3046 1616 3098 coniecturae
1659 3046 1878 3113 cedere,
1927 3044 2087 3097 modo
2136 3042 2229 3095 illa
2276 3052 2425 3095 recte

166 3115 487 3185 explicetur.
554 3118 828 3170 Sententia
878 3117 1065 3169 horum
1112 3116 1390 3168 verborum
1437 3131 1546 3167 non
1600 3125 1684 3166 est
1727 3132 1789 3166 ea
1805 3155 1820 3179 ‚
1864 3132 2022 3185 quam
2070 3111 2305 3182 Heyuius
2356 3111 2424 3164 iis

164 3186 394 3252 tribuit,
427 3186 524 3237 sed
556 3185 714 3240 haec:
764 3189 882 3250 Quo
918 3186 1082 3254 magis
1115 3185 1462 3237 reluctabitur
1502 3183 1606 3236 tibi
1640 3186 1902 3250 Fortuna,
1949 3199 2013 3235 eo
2050 3183 2329 3235 audentior
2373 3180 2424 3233 ei

164 3257 406 3317 obsiste;
445 3255 589 3307 sive:
637 3273 702 3308 eo
736 3254 1013 3307 audentior
1048 3264 1231 3308 contra
1266 3254 1372 3318 ito,
1420 3271 1525 3324 quo
1560 3253 1728 3305 minus
1761 3252 1863 3305 ista
1894 3262 1952 3304 te
1999 3252 2166 3317 mala,
2212 3270 2254 3304 s.
2304 3252 2424 3301 for-

162 3336 304 3379 tuna
339 3334 461 3385 tua,
511 3324 684 3377 sinere
714 3325 1042 3376 videbuntur.
1110 3323 1246 3376 nlud
1286 3328 1435 3390 Qua
1472 3337 1573 3376 tua
1607 3336 1664 3375 te
1682 3321 1927 3393 fortuna
1959 3323 2158 3373 sinet
2188 3338 2300 3372 rem
2332 3319 2424 3371 ni-

161 3395 271 3448 mis
307 3404 561 3447 extenuat
585 3396 790 3463 vimque
826 3392 1078 3445 orationis
1111 3392 1444 3461 gravissimae
1477 3392 1635 3463 plane
1666 3390 1931 3460 infringit3
1977 3390 2254 3442 dicendum
2285 3388 2424 3441 fuis-

163 3475 283 3517 set:
341 3467 459 3530 Quo
520 3477 622 3516 tua
681 3476 736 3515 te
772 3461 1013 3534 fortuna
1059 3475 1235 3515 voeat-
1290 3461 1432 3529 Wr.)
1502 3465 1654 3514 sinat
1698 3461 1915 3512 Oudai-t.
2063 3461 2134 3513 98
2182 3463 2422 3512 Cumana

162 3532 429 3598 DorvilL,
462 3533 557 3585 sed
589 3533 812 3587 alterum
844 3532 1076 3585 doctiusz
1111 3550 1160 3584 v.
1195 3532 1261 3584 ad
1296 3532 1480 3586 Silium
1510 3532 1611 3599 IX,
1643 3532 1731 3588 57.
1765 3529 1986 3602 (Qymea
2008 3526 2202 3582 Medic.
2234 3528 2380 3596 Wr.)

159 3725 536 3810 periculosis.
620 3724 757 3785 Noli
787 3742 923 3784 cum
955 3722 1164 3784 Servio
1192 3732 1255 3782 et
1337 3747 1444 3803 μιν
1465 3717 1670 3804 ὄνειαρ
1699 3713 1985 3795 α’δευκὲος
2006 3718 2071 3798 ἕξ
2098 3716 2244 3795 ἆλδς
2265 3713 2418 3783 εἶσιν

165 3813 307 3874 aliis
351 3812 427 3872 de
468 3812 625 3871 same
668 3812 949 3890 accipere.
1034 3812 1254 3867 coniux
1317 3806 1643 3890 ”Λῤῥητον.
2009 3818 2014 3823 ”

159 3897 467 3974 Lavinia,¹
511 3905 583 3955 ut
621 3897 763 3956 olim
807 3894 1049 3955 Helena.
1148 3898 1252 3958 96.
1424 3897 1568 3957 100.
1625 3891 1858 3963 Eventa
1894 3908 2103 3950 rerum
2151 3888 2415 3950 obscuris

158 4006 297 4067 qua
332 3984 431 4044 via
474 3992 536 4041 et
577 3983 811 4043 ratione
906 3999 1027 4060 quo
1066 3978 1250 4038 modo
1332 3978 1536 4040 verbis
1572 3976 1795 4057 prodit.
1892 3975 2169 4035 Imitatur
2214 3974 2415 4033 locum

158 4090 231 4131 se
303 4088 403 4129 res
477 4067 730 4128 dabunt.
852 4110 867 4125 .
945 4064 1253 4147 (revocavi
1334 4065 1612 4123 Lucanus
1637 4062 1700 4136 -Ι,
1750 4080 1810 4124 v.
1866 4065 2011 4128 637.
2054 4063 2179 4125 638
2231 4060 2413 4136 flexa

157 4175 388 4238 quam,
468 4156 569 4215 W
563 4152 647 4236 r.)
747 4172 810 4212 v.
878 4150 1018 4211 var.
1089 4151 1251 4210 Lect.
1333 4153 1422 4210 sic
1493 4151 1696 4208 omina
1775 4149 2007 4206 Τωωιε
2094 4144 2412 4205 Involvens
2465 4198 2478 4209 „

162 4244 372 4302 Graia
406 4238 486 4298 ab
509 4238 646 4298 urbe
667 4283 683 4313 ,
714 4236 1017 4298 Pallanteo
1046 4237 1253 4297 Euan·
1334 4237 1645 4315 multaque
1684 4245 1886 4311 tegens
1922 4230 2183 4307 ambage
2215 4249 2410 4286 cane-

154 4325 283 4388 dri.
388 4325 568 4384 Color
629 4323 836 4383 similis
920 4329 1011 4381 est
1089 4319 1253 4401 apud
1334 4320 1459 4382 bat.
1547 4321 1833 4397 Pompon.
1862 4315 1999 4375 Sub.
2025 4333 2227 4391 ‚‚vera‚
2253 4334 2410 4392 quae

152 4410 445 4495 Apollon.
495 4408 565 4487 ΙΙ,
613 4412 741 4476 890
784 4407 940 4472 ἔνθα
985 4404 1099 4492 yolo
1139 4402 1254 4487 ὔμ.
1338 4426 1522 4482 „vera
1586 4402 1814 4484 sutura
1873 4412 2059 4460 eram.
2178 4398 2410 4458 Probus
