2882 5028
506 364 658 436 332
992 358 1074 430 Ρ.
1128 355 1658 431 VIRGILII
1706 357 2258 434 MARONIS

501 542 973 644 Auxilioque
998 542 1261 618 levare
1302 543 1548 639 virOS,
1603 544 1925 643 vimque
1958 543 2257 620 addere
2290 546 2514 623 victis,

604 648 888 723 Limen
922 659 1123 743 erat,
1179 670 1619 747 caecaeque
1652 644 1901 743 fore5‚
1959 660 2038 722 et
2067 650 2381 749 pervius
2408 672 2583 725 usus

504 755 939 827 Tectorum
969 749 1182 824 inter
1211 773 1297 823 se
1330 750 1665 846 Priami,
1725 764 2158 852 postesque
2192 752 2440 829 relicti

498 859 566 930 A
599 866 863 951 tergo;
921 850 1192 927 infelix
1220 878 1373 952 qua
1406 877 1528 949 se,
1586 853 1781 929 dum
1810 876 2051 952 regna
2083 857 2526 951 manebant,
2585 858 2708 933 455

501 958 831 1056 Saepius
862 956 1428 1032 Andromache
1459 954 1675 1033 serre
1707 958 2164 1034 incomitata
2192 960 2493 1035 solebat

498 1059 623 1137 Ad
658 1083 979 1135 soceros
1000 1120 1021 1157 ,
1080 1073 1159 1135 et
1194 1084 1339 1134 avo
1369 1084 1715 1160 puerum
1745 1065 2204 1158 Astyanacta
2240 1060 2602 1139 trahebat.

494 1162 768 1239 Evado
801 1162 896 1237 ad
929 1162 1222 1238 summi
1255 1161 1558 1261 fastigia
1593 1163 1992 1243 culminis:
2046 1165 2267 1241 unde

496 1266 691 1343 Tela
719 1291 966 1341 manu
995 1267 1262 1342 miseri
1296 1266 1688 1342 iactabant
1716 1269 1942 1344 inrita
1979 1270 2287 1349 Teucri.

498 1371 821 1446 Turrim
888 1371 971 1445 in
1046 1371 1456 1471 praecipiti
1539 1382 1920 1469 stantem,
2020 1373 2509 1473 summisque
2584 1367 2702 1441 sub

1666 1488 1867 1550 astra
2581 1477 2704 1551 460

630 1613 737 1668 452
770 1614 923 1666 viros
954 1613 1144 1665 levare
1167 1611 1333 1665 wall.
1352 1652 1368 1676 ,
1413 1614 1565 1665 male.
1636 1628 1692 1666 et
1745 1616 1854 1666 vim
1899 1616 2104 1682 Menag.
2144 1632 2224 1683 pr.
2295 1615 2504 1682 vimque
2538 1609 2705 1661 addere

493 1683 629 1734 νεὶ-ιι·
658 1683 797 1734 coni,
832 1682 1013 1734 Heius.
1056 1682 1307 1750 (scilicet,
1343 1681 1387 1733 si
1421 1684 1630 1735 addere
1662 1701 1761 1753 pro
1787 1685 1938 1736 finito
1968 1684 2127 1735 modo
2161 1683 2391 1753 positum
2423 1685 2534 1748 est).
2566 1698 2610 1731 a.
2635 1691 2704 1728 te-

490 1753 595 1803 ctis
626 1751 798 1819 Bigot.
818 1762 872 1803 et
898 1751 1063 1805 wall.
1099 1770 1131 1803 a
1161 1770 1229 1804 m.
1260 1769 1365 1803 sec.
1471 1754 1578 1809 453
1614 1753 1810 1805 devius
1835 1753 1998 1806 Goth.
2022 1763 2194 1805 tert.a
2222 1772 2287 1804 m.
2306 1771 2414 1804 sec.
2515 1748 2605 1804 455
2620 1764 2704 1816 quo

489 1820 595 1871 duo
619 1823 789 1872 Burm.
816 1838 930 1872 cum
960 1822 1125 1874 Goth.
1154 1839 1235 1889 pr.
1306 1839 1416 1891 qua
1440 1839 1503 1873 se
1526 1821 1723 1894 infelix
1749 1824 1956 1891 Menag.
1993 1840 2075 1891 pr.
2147 1835 2260 1874 tum
2290 1841 2337 1873 r.
2368 1820 2492 1873 alibi
2516 1819 2565 1869 in
2586 1822 2702 1869 sm.

488 1890 596 1944 456
642 1890 1031 1944 Andromacha
1084 1891 1219 1942 alter
1262 1892 1474 1959 Menag.
1637 1890 1740 1947 457
1789 1899 2132 1961 Astyanacta
2173 1891 2339 1943 wall.
2413 1891 2703 1942 Asu‘anacta

488 1958 596 2010 alii.
668 1962 841 2011 Totus
861 1977 1040 2012 versus
1074 1961 1263 2012 deerat
1292 1960 1458 2012 Goth.
1496 1978 1578 2029 pr.
1717 1958 1822 2016 458
1872 1962 1947 2014 ad
1983 1961 2182 2012 omittit
2226 1960 2493 2028 Eugraph.
2534 1956 2582 2007 in
2615 1957 2702 2006 Bu-

485 2027 642 2079 nach.
686 2031 935 2093 Terent„
997 2047 1125 2081 sane
1172 2028 1494 2096 elegantius;
1556 2030 1652 2081 sed
1689 2030 1899 2100 scriptis
1944 2041 2127 2083 contra
2164 2030 2487 2091 dicentibus3
2530 2034 2702 2097 praeter

486 2097 651 2150 Goth.
696 2117 806 2168 pr.:
845 2099 1022 2152 Guiet.
1057 2098 1193 2151 coni.
1226 2099 1424 2151 Evado
1449 2100 1556 2150 hac
1584 2119 1628 2151 s.
1662 2098 1747 2170 sl,
1784 2101 1927 2170 quod
1970 2110 2027 2150 et
2054 2100 2260 2152 Servius
2310 2100 2537 2168 supplet.
2600 2093 2703 2146 inde

486 2171 522 2219 8
562 2176 663 2247 rot.
804 2166 908 2222 459
942 2167 1226 2222 iactabant
1257 2169 1784 2250 undique-Excerpta
1806 2171 1979 2221 Burm.
2050 2171 2254 2221 inertia
2294 2188 2324 2251 a
2356 2188 2425 2220 m.
2450 2187 2526 2238 pr.
2548 2166 2700 2285 stagn-

539 2245 662 2287 attc.
797 2237 905 2292 460
950 2251 1159 2290 turrem
1204 2238 1430 2288 Carisius
1469 2237 1565 2289 hb.
1610 2241 1635 2290 1
1675 2241 1801 2291 lust.
1834 2241 2062 2291 Gramm.
2108 2249 2367 2306 agnoscit.
2437 2243 2503 2290 At
2535 2237 2578 2287 G
2658 2249 2703 2282 us

484 2305 628 2367 xm,
659 2308 725 2359 19
760 2305 1031 2358 Valerium
1050 2308 1278 2358 Probum
1303 2309 1502 2358 turrim
1532 2306 1725 2376 legisse
1759 2310 1914 2362 testis
1954 2318 2067 2372 est3
2124 2326 2222 2361 nec
2259 2308 2419 2361 aliter
2452 2304 2635 2374 scripti.
2664 2319 2700 2352 v·

483 2374 744 2441 Pieriam,
782 2375 963 2428 Heius.
997 2387 1052 2429 et
1079 2376 1295 2446 Erythr.
1327 2377 1441 2427 Iud.
1474 2376 1526 2428 h.
1554 2395 1604 2438 v,

569 2494 695 2562 458
719 2532 801 2544 --
825 2498 970 2564 458.
1026 2499 1176 2558 Cum
1234 2498 1435 2559 aditus
1493 2499 1572 2559 ad
1654 2501 1864 2562 saltem
1906 2514 2221 2582 postesque
2277 2503 2474 2561 relic-li
2521 2496 2700 2558 vellem

479 2583 700 2663 regiam
743 2583 1119 2645 obsideretur
1161 2586 1236 2644 ab
1272 2584 1567 2661 hostibus,
1654 2590 1943 2648 abessent.
2007 2590 2114 2649 W
2103 2585 2232 2670 elz.)
2297 2600 2499 2666 postes
2545 2581 2702 2643 relicti

478 2668 710 2749 postica
737 2680 914 2750 porta
953 2691 1082 2731 eam
1120 2672 1308 2730 intrat
1338 2672 1568 2732 Aeneas
1653 2696 1695 2732 a
1744 2686 1945 2752 tergo,
2016 2672 2078 2732 h.
2131 2693 2180 2732 e.
2229 2685 2446 2753 porta,
2504 2687 2641 2748 quae
2674 2684 2701 2722 a

479 2763 540 2814 et
587 2775 621 2814 a
674 2765 840 2836 tergo
886 2759 1162 2837 pervenit
1205 2757 1283 2816 ad
1323 2767 1565 2838 portam
1649 2768 1814 2840 tergo
1855 2768 2014 2833 erat,
2077 2760 2353 2838 opposita
2407 2758 2522 2831 illi,
2576 2768 2701 2833 quae

476 2842 702 2921 regiae,
748 2862 865 2921 qua
890 2854 1063 2923 parte
1092 2863 1302 2905 versus
1328 2844 1564 2904 aditum
1595 2884 1601 2889 -

478 2948 514 2985 a
551 2927 752 2987 fronte
794 2929 1007 2988 domus
1043 2940 1366 3010 pugnatur.
1453 2930 1563 2988 Illa

475 3023 654 3093 porta
681 3016 906 3094 postica
938 3035 1077 3074 cum
1108 3026 1348 3090 ornatu,
1382 3035 1563 3092 quem

474 3107 599 3156 tam
639 3100 900 3179 vulgaris
946 3120 1043 3159 res
1086 3102 1194 3160 vix
1236 3101 1563 3160 videbatur

474 3202 688 3263 capere
747 3205 949 3263 posse,
1039 3185 1383 3265 designatur
1452 3207 1562 3266 per

475 3277 740 3348 quatuor
772 3269 1325 3331 determinationes:
1357 3281 1449 3329 est
1476 3274 1560 3330 Ιί-

471 3376 645 3430 men,
693 3365 838 3416 sunt
857 3378 1073 3416 caecae
1092 3401 1110 3431 ,
1154 3356 1214 3418 h.
1249 3377 1299 3416 e.
1324 3357 1562 3435 ignotae

472 3440 602 3500 aliis
629 3461 742 3499 nec
771 3443 1011 3521 cognitu
1034 3443 1234 3502 faciles
1251 3452 1312 3503 et
1328 3443 1558 3519 obviae,

452 3527 644 3605 sores.
674 3559 761 3573 —
790 3532 1038 3605 pervias
1089 3552 1234 3588 usus
1273 3542 1556 3588 tectorum

469 3614 714 3671 Priami
734 3616 887 3672 inter
907 3636 1003 3691 se,
1050 3613 1113 3675 h.
1143 3636 1193 3676 e.
1237 3610 1353 3694 qua
1383 3635 1552 3673 com-

468 3717 668 3758 meare
705 3708 768 3757 et
810 3701 1130 3761 convenire
1184 3720 1246 3760 se
1296 3701 1554 3761 invicem

469 3784 780 3844 commode
802 3795 1122 3865 poterant,
1167 3788 1270 3866 qui
1311 3786 1555 3847 inhabi-

466 3871 680 3929 tabant
708 3872 962 3950 regiam3
1014 3870 1077 3932 h.
1106 3893 1155 3933 e.
1185 3874 1408 3933 familia
1448 3894 1550 3933 re-

464 3956 559 4034 gia
587 3977 695 4037 per
725 3958 930 4037 plnres
975 3959 1216 4033 domos,
1278 3969 1347 4019 ut
1387 3960 1549 4039 apud

464 4042 796 4102 Homerum
821 4053 941 4119 est,
984 4046 1085 4104 vel
1104 4045 1311 4126 palatii
1344 4056 1550 4125 partes

465 4128 747 4208 dispersa.
809 4112 979 4209 (uanis
1014 4143 1296 4189 tectorum
1311 4174 1329 4206 ,
1391 4130 1453 4189 h.
1497 4151 1546 4191 e.

463 4215 659 4276 aditus
705 4224 1033 4291 tectorum,
1094 4224 1225 4275 erat
1270 4219 1542 4294 pervius,

461 4301 523 4362 h.
558 4322 606 4362 e.
636 4301 722 4385 ita
760 4303 1041 4381 patebat,
1083 4311 1157 4363 ut
1195 4320 1270 4360 ex
1318 4321 1444 4360 uno
1481 4302 1545 4371 in

463 4388 716 4449 alterum
753 4389 1013 4449 transire
1041 4397 1303 4469 possent.
1346 4387 1543 4457 Verba

1649 2854 1740 2904 est
1765 2846 1825 2905 in
1854 2845 2092 2903 aedium
2138 2846 2362 2905 fronte.
2448 2844 2533 2902 ad
2564 2858 2704 2897 soce-

1643 2953 1775 3006 ros,
1824 2931 2126 2990 Priamum
2156 2940 2218 2990 et
2251 2930 2588 3002 Hecubam,
2622 2922 2702 3001 (ut

1644 3017 1802 3075 infra
1828 3018 1971 3081 579.
1992 3029 2236 3094 patres,
2277 3017 2314 3076 i.
2347 3036 2398 3076 e.
2426 3019 2704 3096 parentes5

1642 3102 1767 3162 vid.
1793 3103 2059 3163 Gronov.
2090 3102 2169 3160 ad
2199 3102 2328 3162 Liv.
2354 3104 2398 3178 1,
2429 3105 2528 3165 39.-
2555 3092 2700 3172 Wr.)

1645 3189 1919 3247 trahebat
1947 3232 1965 3263 ‚
2028 3188 2537 3247 accommodatum
2577 3183 2702 3239 bre·

1646 3274 1822 3333 vibus
1860 3273 2035 3352 pueri
2073 3274 2402 3353 gressibus;
2452 3290 2552 3352 pro
2593 3266 2700 3323 du-

1646 3361 1836 3419 cebat.
1922 3360 2022 3419 sic
2044 3378 2174 3439 sup.
2197 3380 2256 3419 v.
2273 3364 2413 3425 820
2430 3372 2699 3437 parvum-

1645 3467 1760 3524 que
1788 3458 2061 3522 nepotem
2090 3448 2234 3524 Ipse
2264 3446 2473 3504 trahit.
2535 3439 2704 3521 (Haeo

1641 3531 1997 3591 Homericae
2052 3531 2385 3590 narrationi
2424 3526 2582 3588 mad.
2617 3522 2700 3595 Vl,

1638 3621 1784 3693 389,
1833 3616 1979 3682 467.
2040 3638 2165 3676 non
2222 3615 2558 3677 accuratius
2615 3628 2702 3669 re·

1636 3702 1976 3783 spondent,
2042 3723 2222 3780 quam
2276 3702 2389 3761 alia
2444 3698 2622 3760 multa
2673 3713 2701 3748 ι

1635 3787 1881 3868 Virgilio
1948 3790 2240 3868 exposita.
2337 3789 2490 3846 Nam
2560 3777 2702 3863 apud

1635 3874 1965 3934 Homerum
2007 3876 2220 3934 nutrix
2278 3874 2570 3933 infantem
2614 3885 2702 3946 ge-

1636 3970 1771 4021 stat.
1808 3958 2034 4041 Wch.)
2078 3961 2292 4034 evade,
2314 3958 2523 4018 sobac
2546 3962 2700 4037 porta

1632 4048 1929 4127 ingressus
1981 4047 2218 4125 regiam.
2305 4045 2451 4111 458.
2509 4038 2702 4102 Evado

1631 4135 1721 4192 ad
1741 4133 1964 4192 summi
1970 4134 2250 4211 fastigia
2269 4132 2549 4189 culminis
2573 4124 2698 4190 441-

1631 4218 1776 4286 445.
1820 4218 1965 4277 tecti
2009 4219 2073 4292 in
2117 4220 2247 4298 ipso
2287 4216 2505 4276 domus
2551 4212 2699 4272 aditu

1629 4326 1700 4364 ac
1728 4305 1971 4365 soribus.

1731 4389 1857 4455 460
1884 4422 1971 4435 —
1996 4388 2140 4455 467.
2230 4392 2306 4450 ln
2365 4382 2697 4465 praecepit&
