2882 5028
465 297 620 369 308
958 284 1638 363 P.·V1RG1L11
1699 281 2260 360 MARONIS
2339 331 2348 341 -

467 469 820 554 Hectore
845 532 867 569 ‚
925 474 1059 573 qui
1087 469 1299 547 redit
1333 471 1639 546 exuvias
1674 469 1999 544 indutus
2028 419 2334 561 Achilli,
2584 469 2736 549 2'75

466 580 615 660 Vel
642 585 1012 655 Danaum
1040 575 1420 672 Phrygios
1451 570 1824 650 iaculatus
1856 573 2257 673 puppibus
2292 571 2525 668 ignis!

471 683 994 786 squalentem
1042 679 1410 771 barbam,
1471 691 1549 753 et
1597 690 2016 751 concretos
2047 677 2425 772 sanguine
2475 674 2735 771 criniS,

465 786 976 886 Vulneraque
998 783 1127 858 illa
1162 805 1485 880 gemm,
1522 806 1727 880 quae
1759 780 2055 856 circum
2078 777 2416 880 plurima
2450 801 2735 853 muros

466 889 802 990 Adcepit
832 890 1146 989 patrios,
1253 884 1480 964 Ultro
1521 883 1724 960 flens
1755 884 1922 984 ipse
1949 882 2277 959 videbar

473 991 953 1094 Conpellare
1034 990 1328 1086 virum,
1429 1002 1509 1063 et
1591 1001 1927 1065 maestas
2019 1009 2490 1086 expromere
2587 1008 2732 1058 vo-

515 1106 523 1115 “
1638 1115 1802 1167 ces:
2576 1095 2731 1165 280

476 1199 550 1275 O
590 1197 720 1274 lux
749 1196 1230 1295 Dardaniae,
1283 1219 1466 1296 spes
1496 1218 1545 1269 o
1579 1192 1959 1270 fidissima
1992 1197 2419 1288 Teucrum,

601 1390 707 1446 275
742 1390 956 1441 exuviis
981 1386 1188 1457 aliquot
1214 1405 1301 1456 ap.
1327 1387 1463 1438 Pier.
1496 1397 1551 1438 et
1575 1388 1748 1439 Burm.
1817 1386 2081 1438 inductus
2120 1383 2321 1452 aliquot
2354 1382 2493 1452 apud
2522 1392 2734 1433 utrum-

466 1476 587 1529 que.
656 1459 865 1511 Achilli
887 1458 1067 1509 Heius.
1094 1474 1211 1508 cum
1235 1456 1542 1509 melioribus
1576 1456 1733 1508 etiam
1767 1455 1819 1506 h.
1843 1456 1881 1506 l.
1955 1454 2052 1523 (sic
2083 1454 2237 1505 etiam
2282 1454 2334 1507 3.
2377 1463 2431 1503 et
2475 1454 2525 1506 8.
2571 1448 2729 1518 ‘Wr.)

464 1528 640 1597 Vulgo
668 1529 904 1581 Achillis
933 1531 1011 1597 (ut
1033 1526 1198 1578 Palat.
1242 1530 1385 1594 Wr.)
1425 1537 1482 1577 et
1511 1526 1749 1578 Achillei
1798 1527 1878 1591 (ut
1903 1524 1970 1575 fr.
2020 1525 2139 1575 vat.
2195 1525 2281 1576 W
2274 1522 2361 1588 η).
2410 1523 2477 1573 cf.
2519 1540 2636 1589 sup.
2687 1524 2729 1587 1,

462 1599 549 1654 30.
588 1597 828 1664 (Bothiua
851 1597 908 1647 in
939 1597 1091 1664 Virg.
1117 1595 1413 1665 virgiliano
1459 1615 1513 1665 p.
1562 1597 1644 1650 13.
1694 1594 1935 1658 coniicit,
1983 1593 2105 1662 quia
2140 1602 2391 1661 sequatur
2431 1593 2728 1654 iaculatus.

463 1669 606 1738 quod
634 1669 706 1720 ait
735 1667 1016 1719 iaculatus
1047 1679 1187 1729 est,
1228 1666 1506 1734 Virgilium
1533 1665 1834 1733 scripsisse:
1872 1665 1993 1734 qui
2021 1664 2252 1714 exuvias
2277 1663 2439 1712 redi
2454 1663 2511 1711 ἐι
2554 1662 2727 1712 indu-

468 1751 560 1789 eus
603 1738 768 1798 Ach.;
831 1745 921 1787 aut
975 1735 1132 1787 etiam
1181 1737 1421 1806 proximo
1458 1753 1533 1785 vs.
1578 1736 1835 1785 Praesens
1876 1751 1991 1784 esse
2029 1731 2386 1800 reponendum
2426 1730 2726 1781 iaculatur.

466 1806 601 1858 mad
625 1807 894 1873 inelegans
927 1815 1007 1856 est
1041 1805 1109 1856 ob
1139 1805 1323 1857 duram
1351 1804 1646 1865 elisionem5
1690 1804 1792 1856 hoc
1815 1820 1921 1855 uon
1947 1801 2325 1864 necessarium,
2376 1797 2496 1867 quia
2537 1799 2604 1849 ad
2636 1802 2728 1851 ia-

467 1875 690 1927 culatus
714 1874 1058 1943 repetendum
1085 1883 1168 1925 eat
1194 1878 1289 1944 qui
1338 1875 1498 1926 redit.
1571 1874 1812 1925 Ceterum
1856 1872 1962 1923 vid.
1999 1872 2130 1923 Not.
2172 1871 2242 1922 ad
2279 1875 2406 1921 Aen.
2452 1871 2491 1932 1,
2532 1870 2618 1923 99.
2666 1879 2726 1919 et

464 1945 613 1997 Iahn.
643 1945 698 1996 h.
722 1944 759 1996 l.
804 1947 888 1996 W
882 1944 951 2008 r.)
1090 1944 1197 1998 276
1232 1944 1536 1995 iaculatum
1568 1943 1728 1994 Goth.
1753 1961 1833 2011 pr.
1974 1941 2079 1995 277
2116 1953 2169 1992 et
2188 1940 2339 1991 abest
2356 1941 2537 1990 Franc.
2587 1957 2726 1991 con-

465 2027 725 2084 cretaque
785 2032 833 2064 u.
859 2015 1053 2065 Moret.
1125 2025 1179 2063 et
1203 2025 1455 2064 concreto
1486 2030 1530 2063 e.
1560 2015 1765 2080 Menag.
1796 2031 1876 2083 pr.
1929 2029 1958 2062 a
2004 2029 2071 2061 m.
2117 2028 2241 2073 aec„
2279 2010 2421 2078 quod
2462 2007 2728 2076 vulgarius

465 2093 623 2135 esset.
652 2100 751 2135 con
775 2119 790 2135 .
819 2084 993 2134 Burm.
1129 2084 1236 2137 278
1279 2083 1527 2134 Vulnera
1553 2083 1655 2133 illa
1676 2081 1825 2133 Leid.
1894 2080 2128 2131 vulnera
2152 2092 2207 2130 ee
2232 2078 2335 2130 illa
2361 2079 2530 2146 Bigot.
2591 2079 2726 2129 vul-

462 2171 707 2234 neraque
732 2154 856 2222 ipsa
882 2154 1067 2203 Franc.
1106 2161 1161 2202 et
1188 2151 1351 2205 Witt.
1375 2156 1505 2203 Stat.
1533 2154 1603 2203 11¹
1631 2152 1806 2204 Theb.
1849 2151 1955 2204 364
1997 2150 2351 2219 Vulneraque
2378 2152 2488 2200 ista
2522 2146 2728 2217 serens

458 2234 614 2294 putri
655 2222 922 2273 insiccata
961 2240 1176 2274 cruore.
1228 2222 1613 2291 (volneraque,
1671 2221 1775 2286 sic,
1816 2218 1984 2271 Palat.
2047 2217 2189 2284 Wr.)
2328 2220 2434 2274 280
2469 2220 2732 2269 Incertae

465 2310 587 2362 exp.
613 2290 798 2357 fragm:
832 2291 1022 2342 Moret.
1092 2304 1330 2342 moestas
1352 2309 1606 2361 promere
1637 2291 1763 2342 Exc.
1789 2293 1960 2342 Burm.
1990 2298 2045 2338 et
2071 2289 2276 2354 Menag.
2309 2288 2444 2339 alter
2470 2305 2501 2338 a
2525 2305 2593 2338 m.
2621 2304 2728 2338 sec.

463 2360 569 2410 has
590 2378 845 2443 promere
871 2360 1042 2428 Bigot.
1113 2360 1398 2429 effundere
1430 2361 1639 2428 Meuag.
1682 2379 1764 2429 pr.
1801 2362 1991 2411 Moret.
2039 2375 2124 2426 qu.
2196 2356 2419 2424 Vulgata
2468 2366 2549 2407 est
2583 2356 2727 2426 apud

463 2429 690 2481 Nonium
728 2429 781 2481 in
825 2441 1080 2481 moestas.
1221 2430 1323 2483 281
1374 2430 1700 2481 Dardanide
1749 2429 1884 2480 alter
1931 2428 2214 2493 Hamburg.
2264 2437 2315 2477 et
2365 2429 2550 2477 Franc.
2607 2443 2727 2476 cum

463 2499 627 2551 Goth.
655 2517 759 2552 aec.
790 2508 843 2549 et
871 2508 995 2553 tert.
1070 2498 1453 2565 (Dardanidae
1492 2499 1610 2550 Alb.
1649 2499 1808 2567 -Wr.)
1879 2497 2263 2550 Dardanidum
2304 2494 2728 2566 aliquot'l’ierii.

463 2587 589 2641 epea
616 2588 647 2621 ο
674 2571 1020 2620 sanctissima
1045 2568 1221 2621 Schol.
1249 2569 1438 2637 Cruqu.
1469 2568 1675 2620 Horatii
1704 2572 1728 2620 1
1753 2575 1860 2622 Sat.
1900 2570 1934 2623 7
1979 2577 2032 2617 et
2076 2568 2151 2617 IV
2191 2566 2287 2617 od.
2324 2568 2378 2621 5.
2446 2565 2554 2617 Sed
2597 2566 2724 2616 vul—

464 2647 638 2707 gatam
666 2638 820 2690 etiam
845 2639 1078 2689 Macrob.
1112 2641 1188 2689 IV
1216 2643 1325 2690 Sat.
1354 2641 1390 2694 2
1420 2638 1601 2690 habet.
1658 2640 1958 2705 fidissama
1981 2635 2215 2687 scribunt
2236 2636 2392 2687 codd.
2439 2634 2722 2705 antiquio—

462 2726 550 2759 res
572 2725 656 2778 ap.
686 2707 944 2772 Pieriam,
977 2717 1032 2759 et
1054 2707 1110 2759 in
1142 2726 1242 2763 uno
1255 2709 1583 2777 firmissima
1608 2708 1691 2762 vel
1702 2707 2035 2778 fortissima.

462 2867 709 2928 Servius
732 2867 957 2927 docuit.
1045 2869 1246 2943 Quam
1278 2867 1551 2929 diversus
1605 2868 1844 2939 'cratem
1881 2864 2127 2925 foedum
2148 2862 2406 2943 quidem,
2436 2862 2542 2922 sed
2558 2863 2732 2941 quod

463 2953 540 3012 ab
569 2972 639 3011 ea
669 2955 860 3031 specie
878 2997 894 3028 ,
940 2974 1059 3031 qua
1092 2955 1331 3014 redibat
1352 2955 1551 3013 victor
1634 2953 1950 3013 horrorem
1993 2972 2118 3010 non
2156 2951 2353 3010 minus
2394 2969 2573 3028 quam
2608 2950 2735 3007 mi-

462 3038 754 3112 Patrocli,
800 3048 862 3097 et
891 3058 1013 3097 una
1042 3039 1162 3099 iam
1192 3049 1367 3098 antea
1392 3058 1550 3098 nave
1636 3039 1993 3099 serationem
2016 3038 2210 3096 facere
2249 3045 2445 3114 queat.
2532 3035 2734 3094 Porro

462 3121 837 3183 Achivorum
858 3123 1114 3184 incensa.
1201 3125 1274 3183 cs.
1299 3126 1549 3184 Excurs.
1636 3128 1764 3191 278
1815 3125 2061 3181 vulnera
2109 3122 2357 3182 omnino
2402 3122 2462 3180 in
2503 3120 2732 3200 pugnis

463 3206 649 3268 VBP.
690 3213 797 3288 qui
817 3210 969 3268 redit
994 3230 1107 3289 pro
1150 3210 1340 3288 qualia
1385 3209 1554 3268 redi-

402 3289 407 3292 *
461 3295 568 3354 bat
582 3338 601 3369 ,
641 3294 842 3353 redire
865 3295 1096 3354 solebat
1112 3341 1128 3369 ,
1174 3293 1414 3376 (salumn
1435 3293 1555 3354 hoc

464 3383 653 3438 vedire
683 3379 938 3455 solebat,
977 3381 1104 3440 vid.
1132 3381 1271 3441 Not.
1299 3380 1377 3440 ad
1402 3380 1551 3440 Aen.

465 3465 512 3541 1,
547 3468 647 3528 99.
691 3463 867 3548 Wr.)
926 3468 1129 3546 paullo
1169 3467 1554 3543 insolentiu85

465 3559 529 3609 et
556 3551 658 3610 inf.
691 3554 816 3615 279
849 3557 1115 3630 accepit,
1163 3573 1277 3633 pro
1303 3572 1552 3633 accepe-

462 3645 600 3719 rat5
645 3640 868 3715 poetica
887 3681 904 3712 ,
943 3639 1123 3697 etiam
1151 3658 1395 3718 graeca,
1425 3637 1550 3697 sal—

466 3731 590 3782 tem
620 3721 940 3782 Homerica
954 3767 973 3798 ‚
1015 3733 1341 3786 structura.
1399 3744 1551 3783 exzo-

465 3809 603 3866 vias
663 3808 927 3867 Achiuis
944 3854 963 3885 ‚
1057 3831 1221 3870 arma
1284 3809 1551 3870 Achillea

464 3892 743 3953 Patroclo
767 3893 1065 3954 detracta:
1108 3897 1275 3956 Iliad.
1309 3921 1366 3978 ρ,
1411 3895 1552 3961 194.

465 3980 769 4039 Danaum
815 3980 1133 4059 puppibus
1150 4026 1167 4055 ,
1239 3984 1305 4040 in
1368 4000 1553 4042 naves

464 4062 854 4125 Achivorum.
929 4065 1172 4146 respicit
1211 4068 1553 4147 ναυμαχίαν

1635 3231 1775 3270 cum
1800 3208 2038 3268 Achivis
2065 3210 2235 3267 factis
2262 3216 2494 3286 accepta
2523 3207 2731 3263 inter-

1635 3296 1949 3376 pretabar;
2026 3315 2195 3353 nunc
2259 3294 2514 3371 intelligo
2564 3288 2735 3349 haec.

1637 3403 1761 3441 non
1784 3399 2109 3441 convenire
2136 3400 2273 3438 cum
2298 3394 2530 3451 ceteris,
2564 3396 2736 3454 quae

1635 3467 2080 3528 miserationem
2105 3467 2298 3525 facere
2316 3466 2562 3538 debent3
2591 3482 2732 3521 me-

1632 3553 1867 3631 liusque
1904 3553 2119 3611 referri
2159 3571 2227 3610 ea
2269 3552 2348 3610 ad
2391 3547 2461 3614 τό
2507 3549 2736 3624 alul&-

1637 3646 1819 3708 σθαι,
1884 3637 2225 3696 vulneribus
2274 3637 2534 3716 foedato
2591 3658 2736 3694 ew

1630 3745 1774 3803 pore
1797 3727 1961 3783 caesi
1987 3728 2267 3782 Hectoris
2297 3723 2377 3781 ab
2405 3743 2736 3781 accan-en-

1636 3810 1792 3869 tibus
1825 3809 2126 3870 Achivise
2171 3830 2227 3870 v.
2270 3807 2442 3870 Iliad.
2481 3832 2535 3887 χ,
2578 3810 2734 3873 369.

1636 3895 1939 3955 adiunctis
2010 3905 2213 3954 tamen
2303 3893 2736 3954 laniationibus

1634 3991 1833 4042 tracto
1918 3979 2077 4040 circa
2159 4000 2363 4039 muros
2444 3999 2734 4059 corpore:

1637 4062 2127 4146 quandoquidem
2164 4066 2466 4126 adiectum
2504 4070 2737 4125 circum

467 4149 635 4210 Iliad⁴
678 4173 717 4213 ν
748 4170 889 4256 'qq‘
927 4160 990 4253 et
1029 4176 1109 4227 π,
1191 4157 1319 4218 122
1376 4152 1474 4215 tol
1493 4146 1560 4225 δῖ
1637 4175 1835 4212 mma
1880 4156 2158 4231 patriam
2230 4161 2292 4210 et
2338 4152 2545 4231 paullo
2593 4162 2738 4233 pont

468 4235 733 4318 ἔμβαλον
826 4259 1145 4319 ακαματον
1224 4240 1349 4318 πῦρ
1420 4239 1557 4317 Νηῒ
1634 4257 1696 4299 v.
1725 4242 1871 4306 286.
1894 4238 2046 4297 haec
2074 4239 2319 4298 volnera
2341 4248 2486 4319 post
2516 4240 2738 4300 verba:

466 4325 602 4409 θοῇ
611 4355 697 4369 -
712 4367 726 4383 .
761 4326 908 4388 277.
934 4336 1229 4384 concretos
1252 4326 1552 4403 sanguine
1616 4325 1904 4405 foedavit
1928 4325 2143 4385 voltus.
