2882 5028
564 274 1183 399 AENEmos
1233 318 1452 397 Lm.
1503 319 1600 415 v,
1655 324 2089 400 641—659

197 515 386 613 Ipsa
411 521 736 607 egomet
768 507 1079 585 dudum
1108 513 1423 585 Beroen
1462 504 1804 605 digressa
1839 504 2127 606 reliqui

2315 329 2466 402 809

2315 510 2470 590 650

196 622 588 712 Aegram,
647 612 1232 711 indignantem,
1285 611 1420 686 tali
1453 609 1674 710 quod
1705 608 1871 686 sola
1901 622 2204 685 careret

197 724 548 798 Munere
566 777 587 812 ‚
642 741 792 793 nec
820 717 1157 796 meritos
1188 714 1577 793 Anchisae
1609 711 1947 790 inferret
1975 713 2351 795 honores,

200 826 426 900 Haec
458 818 716 899 effata.

205 933 316 1006 At
344 937 639 1000 matres
667 923 932 1026 primo
963 923 1339 1025 ancipites
1377 919 1791 1023 oculisque
1825 918 2187 1019 malignis

206 1028 652 1126 Ambiguae
681 1040 1038 1128 spectare
1068 1027 1253 1103 ratis
1282 1027 1669 1102 miserum
1698 1026 1907 1100 inter
1931 1048 2296 1100 amorem
2322 1029 2474 1108 655

207 1132 659 1211 Praesentis
692 1146 951 1208 terrae
980 1129 1321 1233 fatisque
1352 1130 1707 1205 vocantia
1739 1151 2016 1226 regna:

212 1242 492 1333 Quum
536 1234 684 1311 dea
717 1260 805 1312 se
837 1236 1158 1335 paribus
1192 1260 1341 1336 per
1371 1232 1686 1335 coelum
1721 1230 2032 1308 sustulit
2058 1230 2218 1332 alis,

211 1346 806 1440 lugentemque
834 1337 1021 1436 suga
1058 1339 1310 1414 secuit
1332 1338 1480 1414 sub
1509 1335 1858 1413 nubibus
1888 1360 2181 1414 arcum.

215 1450 436 1522 Tum
472 1468 665 1520 vero
696 1442 1095 1520 adtonitae
1127 1441 1506 1518 monstris
1526 1502 1546 1539 ,
1601 1453 1979 1540 actaeque
2005 1438 2305 1537 furore,

361 1618 466 1672 650
499 1617 767 1687 degressa
801 1626 914 1669 tres
955 1618 1097 1688 apud
1121 1621 1293 1669 Burm.
1341 1617 1418 1684 (et
1449 1618 1498 1668 1.
1544 1614 1686 1681 Wr.)

1829 1615 1928 1670 651
1973 1633 2079 1685 quo
2116 1616 2317 1684 aliquot
2340 1614 2475 1670 Pier.

214 1706 364 1761 quae
398 1686 506 1752 alii,
538 1705 642 1738 non
673 1686 1017 1755 ineleganter.
1122 1690 1227 1743 652
1246 1684 1433 1758 ferret
1461 1686 1584 1736 Exc-
1609 1685 1901 1748 Burmauu„
1937 1685 2033 1735 sed
2055 1685 2268 1755 inserte
2293 1685 2475 1737 vocab.

216 1896 361 1948 bene
435 1912 615 1946 curere
684 1907 1000 1948 contextum.

259 1757 509 1826 roprium.
612 1757 717 1811 653
744 1761 844 1807 Eu
871 1757 1040 1826 effata
1062 1760 1245 1826 Puget.
1318 1759 1475 1807 Haec
1500 1766 1585 1805 est
1611 1752 1749 1824 sata
1779 1752 2015 1816 Dorvill„
2066 1764 2123 1805 ut
2155 1755 2309 1807 codd.
2335 1754 2477 1824 apud

282 1844 357 1878 er.
426 1828 623 1878 Totum
663 1825 1051 1878 hemistichium
1093 1825 1361 1879 exciderat
1394 1823 1560 1876 Goth.
1605 1831 1730 1875 tert.
1798 1825 1982 1876 Potest
2028 1841 2154 1874 saue
2191 1824 2275 1875 hia
2302 1823 2477 1875 verbio

1162 1897 1267 1951 654
1314 1896 1546 1959 primum
1602 1892 1765 1945 Goth.
1822 1911 1929 1945 aec.
1999 1894 2280 1964 malignae
2327 1897 2478 1946 Rom.

215 1966 329 2022 655
370 1962 676 2045 Ambiguae
715 1965 881 2019 wall.
962 1963 1230 2038 Ambigue
1278 1963 1437 2019 Witt.
1505 1965 1581 2030 (et
1625 1963 1834 2026 Medic„
1883 1962 1978 2013 aed
2022 1962 2372 2032 superscripta
2412 1981 2478 2025 ας

215 2035 364 2087 idem
409 2034 599 2085 Medic.
638 2046 792 2086 rates
836 2053 911 2087 vs.
968 2038 1088 2091 655.
1144 2035 1286 2102 Wr.)

208 2105 500 2177 saccisque
538 2102 677 2154 alter
713 2104 900 2157 Hamb.
972 2107 1231 2157 vacantia
1276 2103 1478 2156 zulich.
1518 2120 1549 2153 a
1590 2120 1662 2153 m.
1703 2118 1808 2153 sec.

219 2174 309 2225 ed.
332 2174 470 2225 Ἴου.
499 2190 610 2224 cum
639 2173 831 2227 Medic.
862 2175 1022 2226 Pierii
1049 2185 1106 2226 et
1129 2175 1237 2226 Erf.

218 2314 528 2375 sublatum
589 2315 897 2394 consurgit
950 2316 1194 2375 Turnus
1245 2312 1312 2374 in

216 2420 453 2475 ensem,
511 2401 603 2459 Et
656 2400 873 2461 serit.
962 2402 1314 2462 Exclamant

220 2487 414 2548 Troes
455 2484 798 2566 trepidique
824 2486 1057 2564 Latini,
1113 2487 1313 2547 Adre-

222 2583 476 2651 ctaeque
518 2572 830 2632 amborum
885 2575 1096 2635 acies.“
1155 2574 1313 2633 cous.

223 2659 411 2718 etiam
448 2658 528 2734 X,
573 2662 717 2723 336.
769 2661 952 2732 Wr.)
1058 2656 1185 2724 647
1229 2679 1314 2736 sq.

221 2745 300 2806 es.
331 2763 465 2822 sup.
506 2745 758 2804 Excute.
782 2744 925 2804 XIII
956 2744 1036 2804 ad
1075 2743 1125 2820 I,
1168 2742 1314 2808 402.

222 2830 474 2892 Servius
502 2828 582 2888 ad
606 2827 670 2889 h.
700 2829 741 2888 l.
777 2832 928 2890 Non
957 2842 1043 2889 est
1069 2831 1317 2889 detenue-

222 2920 319 2976 aio
338 2961 356 2992 ,
424 2927 495 2972 uc
572 2914 825 2994 quidam
854 2925 1079 2995 putant
1091 2959 1110 2992 ,
1166 2913 1316 2997 (scil.

222 3021 306 3064 ne
368 2999 623 3060 credant
678 3001 930 3060 feminae
988 2999 1149 3062 hanc
1192 3020 1316 3060 esse

220 3088 457 3150 Beroen
489 3104 681 3164 neque
724 3089 777 3147 ei
816 3087 1000 3147 fidem
1028 3085 1314 3169 habeant)

224 3175 341 3233 aed
359 3175 564 3250 magis
591 3171 863 3232 hor-tatur
879 3173 1316 3252 persuadendo,

224 3260 497 3320 numinis
540 3263 916 3318 auctoritate.
1008 3258 1125 3318 Sed
1155 3258 1318 3318 idem

224 3347 512 3423 spiritum
553 3343 709 3403 male
739 3344 816 3404 de
858 3345 1047 3406 odore
1083 3344 1318 3425 accipit.

116 3485 121 3492 .
224 3431 382 3492 Nam
427 3429 506 3487 ad
551 3428 902 3509 dignitatem
946 3439 1201 3512 spectat:
1254 3429 1318 3490 h.

228 3516 504 3680 333333.
522 3516 1040 3680 333333ῗᾶ
1080 3536 1322 3678 ῗῗῖἓίζ

227 3689 597 3750 maiestatem
656 3648 886 3749 halieus
946 3697 1010 3754 et
1081 3623 1322 3749 npuinen.

228 3777 377 3841 651.
425 3774 542 3832 tali
582 3795 853 3851 munere,
912 3775 1201 3835 sacrificio
1258 3783 1321 3835 et

229 3860 587 3919 inferiarum
620 3861 993 3921 caerimoniis
1031 3871 1155 3922 tam
1193 3860 1319 3921 sol-

217 3945 549 4022 -lennibus3
607 3955 682 4005 ut
732 3946 858 4026 ipse
905 3958 1083 4026 poeta
1123 3949 1320 4008 inter-

229 4040 547 4114 pretatur:
602 4052 712 4091 nec
750 4036 988 4093 meritos
1015 4035 1323 4094 Anchisae

224 4118 478 4198 insen-et
524 4115 683 4199 (voc.
727 4119 1003 4203 proprio)
1044 4121 1316 4196 honores,

229 4204 495 4264 inferias.

317 4289 706 4356 654—658.
775 4292 966 4350 oculis
1000 4291 1318 4370 malc'gnis,

226 4375 290 4437 h.
332 4377 372 4437 l.
425 4375 620 4456 simpl.
674 4377 891 4453 torvis,
949 4379 1322 4454 transversis,

1444 2034 1550 2088 656
1592 2045 1776 2084 terras
1818 2034 1967 2083 Rom.
2026 2050 2138 2083 cum
2186 2031 2305 2084 aliis
2341 2032 2479 2083 Pier.

1950 2102 2056 2157 657
2089 2106 2225 2154 Tum
2252 2101 2404 2154 Leid.
2424 2111 2481 2153 et

1378 2173 1483 2227 659
1511 2173 1875 2242 monstrisque
1904 2170 2148 2225 Parrhas-

1395 2314 1602 2395 quales
1623 2312 1767 2372 alias
1783 2312 2023 2393 maligni
2049 2313 2235 2374 animi
2248 2314 2483 2394 signum

1400 2420 1528 2460 ease
1566 2400 1777 2461 solent.
1843 2399 2012 2478 sali-⁹
2057 2404 2340 2460 vocantia
2382 2422 2479 2459 re-

1392 2508 1529 2567 gna
1549 2532 1566 2563 ,
1643 2495 1715 2546 ut
1760 2484 1919 2564 fata
1973 2499 2190 2546 vocant
2206 2532 2224 2561 ,
2296 2499 2484 2545 nme

1397 2584 1618 2633 vocant
1648 2592 1778 2653 sup.
1810 2571 1855 2646 l,
1887 2576 2045 2640 61ος
2068 2572 2151 2631 ita
2183 2592 2343 2631 nunc
2371 2591 2483 2630 ex-

1401 2659 1674 2738 quisitius
1687 2678 1877 2736 regna
1907 2671 2123 2717 vocant
2133 2659 2320 2736 sati-9,
2340 2678 2484 2717 ora-

1401 2744 1584 2819 culis,
1656 2744 1755 2804 vel
1814 2762 1890 2801 ex
1936 2745 2199 2803 satorum
2254 2743 2484 2804 ordine.

1392 2830 1683 2909 paribus,
1751 2829 1981 2909 pariter
2026 2829 2290 2900 libratis,
2363 2830 2486 2888 alia

1399 2936 1462 2976 v.
1508 2935 1636 2995 sup.
1682 2915 1778 2990 JV,
1821 2915 1967 2979 252.
2037 2916 2192 2974 conf.
2229 2915 2396 2975 Iliad.
2436 2936 2484 2989 ε,

1401 3004 1552 3068 778.
1598 2999 1839 3079 (fuga,
1901 2999 2026 3060 vid.
2063 3001 2133 3062 V.
2176 3002 2239 3061 L.
2285 3000 2363 3061 ad
2395 3021 2484 3061 va.

1401 3087 1549 3153 686.
1599 3085 1773 3169 Wr.)
1876 3089 2064 3145 secuit
2099 3108 2338 3163 mma,
2389 3105 2488 3145 se·-

1401 3172 1599 3231 cando
1638 3190 1834 3231 aerem
1877 3171 2024 3230 fecit
2067 3192 2306 3248 arcum,
2362 3181 2486 3246 aut,

1403 3256 1569 3336 quod
1599 3257 1833 3334 malim,
1867 3257 2121 3318 ductum
2150 3279 2226 3318 ex
2252 3256 2489 3338 τέμνειν

1404 3339 1571 3420 ὁδὸν,
1614 3338 1956 3420 θάλασσαν,
2005 3338 2187 3425 ἀέρα,
2232 3346 2488 3425 petitum

1404 3430 1481 3489 ab
1509 3450 1791 3509 agrorum
1822 3429 2027 3507 sulci35
2067 3439 2142 3491 ut
2171 3431 2267 3506 sit,
2290 3433 2490 3490 itu-es·-

1404 3517 1483 3574 εἱι
1505 3537 1621 3594 per
1636 3537 1868 3576 amum.
1944 3516 2092 3578 Nam
2123 3537 2233 3597 per
2261 3538 2490 3590 arcum,

1403 3610 1715 3681 tamquam
1741 3603 2068 3680 tramitem,
2111 3605 2351 3665 evolare
2381 3603 2490 3664 de·

1403 3686 1557 3748 buit.
1599 3688 1675 3748 cf.
1703 3709 1835 3769 sup.
1865 3693 2011 3755 609.
2044 3693 2191 3755 610.

1493 3858 1882 3927 659—663.
1938 3859 2111 3938 socie
2160 3859 2495 3940 penetrali-

1405 3943 1546 4021 bus,
1595 3946 1759 4007 socos
1791 3947 2129 4027 penetrales
2174 3946 2352 4023 dixit,
2393 3947 2497 4024 qui

1402 4031 1471 4091 in
1523 4033 1927 4112 penetralibus
1986 4030 2168 4115 (locis
2239 4050 2342 4091 seu
2397 4051 2497 4090 aa·

1406 4117 1645 4201 crariis)
1714 4130 1888 4196 sunt5
1962 4128 2125 4180 recte
2193 4119 2493 4177 Donatus:

1406 4223 1485 4264 ex
1519 4205 1909 4266 interioribus
1943 4205 2212 4286 partibus
2255 4200 2498 4284 (domo-

1406 4312 1548 4352 rum
1593 4289 2038 4373 proximarum)
2083 4290 2362 4351 incendia
2393 4310 2502 4351 ra-

1409 4378 1676 4458 piebant.
1733 4399 1875 4459 opp.
1946 4399 2091 4438 atae
2132 4387 2397 4456 quatuor
2440 4399 2502 4438 v.
