2882 5028
620 395 1162 483 EXCURSUS
1218 410 1256 481 1
1312 411 1444 483 AD
1497 409 1892 486 LIBRUM
1942 412 2018 485 11
2293 420 2444 492 379

168 598 449 659 carunina
465 643 484 673 ,
528 600 785 658 suerunt
824 606 1120 657 tractatae
1164 619 1198 655 a
1226 604 1424 676 poetis
1466 603 1726 680 cyclicis,
1762 599 1882 660 hoc
1923 611 2034 677 est,
2076 602 2151 660 ab
2194 602 2265 662 iis
2298 623 2451 683 poe-

172 687 287 760 tis,
335 685 483 763 qui,
540 684 795 744 Homeri
836 683 1142 763 exemplo,
1202 704 1324 745 non
1366 687 1549 745 modo
1591 706 1796 746 rerum
1839 687 1997 746 bello
2043 687 2303 748 Troiano
2347 708 2451 768 ge-

173 781 417 831 starum
432 814 452 844 ,
497 789 652 848 quae
693 770 940 830 Iliadem
981 770 1106 829 sive
1148 781 1598 832 antecesserunt
1636 772 1760 832 sive
1803 783 1950 832 sunt
1989 782 2291 851 sequutae,
2337 794 2451 834 ve·-

177 877 362 932 rum,
402 856 622 915 Proclo
653 855 819 936 apud
861 854 1140 915 Phutium
1182 866 1365 934 testo,
1422 859 1613 919 totius
1652 857 2063 938 mythologiae
2102 880 2138 917 a
2181 860 2346 919 Coeli
2390 871 2453 920 et

179 944 414 1002 Terrae
475 941 621 1000 inde
674 942 906 1021 nuptiis
959 941 1039 1000 ad
1089 942 1272 1002 finem
1328 963 1607 1003 errorum
1662 944 1886 1024 Ulyssis
1903 950 1936 1019 ,'
1983 945 2164 1005 modo
2222 945 2452 1025 singula

181 1029 396 1108 capite
438 1027 623 1087 modo
664 1028 932 1107 plurium
987 1028 1253 1107 capitum
1312 1030 1691 1109 complexum
1707 1074 1724 1106 ,
1769 1033 2033 1090 carmine
2071 1034 2239 1109 epioe
2253 1076 2272 1108 ,
2334 1030 2454 1092 hoc

183 1125 311 1190 est,
384 1114 471 1173 ad
513 1112 817 1173 Homerici
859 1114 1136 1173 carminis
1188 1134 1504 1192 numeros,
1558 1114 1977 1194 tractandique
2034 1125 2097 1175 et
2137 1117 2453 1195 eloquendi

186 1199 479 1273 modum,
538 1199 904 1279 composito,
961 1211 1398 1278 exposuerant,
1454 1209 1518 1259 et
1574 1221 1653 1261 ex
1717 1201 1936 1280 quibus
1978 1210 2147 1262 certa
2191 1201 2452 1283 disposi-

194 1286 363 1345 tione
406 1306 441 1342 a
487 1285 684 1344 nescio
728 1304 852 1363 quo
894 1283 1160 1347 collectis
1203 1296 1265 1347 et
1308 1287 1602 1346 ordinatis
1659 1296 1968 1367 syntagma
2022 1288 2259 1368 epicum
2301 1309 2454 1348 conb

192 1372 541 1447 (innatum.
596 1370 865 1430 extitisse
922 1378 1195 1451 putatur.
1308 1373 1604 1433 Accurate
1663 1374 1740 1433 de
1795 1373 1901 1449 iis,
1953 1375 2090 1452 post
2144 1374 2455 1434 Nicolaum

193 1458 490 1517 Ioensem
529 1457 597 1516 in
642 1455 942 1537 Epiphyll.
986 1457 1060 1531 11,
1103 1458 1164 1521 4.
1225 1458 1469 1518 Salmas.
1509 1460 1575 1518 in
1617 1459 1799 1519 Solin.
1842 1478 1901 1538 p.
1928 1459 2055 1523 697
2099 1469 2161 1518 et
2204 1460 2453 1519 Casaub.

122 1553 125 1554 ’
196 1543 275 1603 nd
316 1541 542 1603 Athen.
599 1541 737 1618 vn,
780 1541 844 1606 4.
917 1541 1207 1604 Dodwell.
1254 1545 1330 1604 de
1372 1543 1537 1625 Cycl.
1577 1564 1637 1625 p.
1681 1548 1828 1620 802,
1895 1544 2002 1623 qui
2057 1545 2169 1604 soli
2221 1545 2458 1606 consuli

194 1638 541 1703 merentur,
596 1629 719 1709 egit
760 1626 1137 1689 Schwarzius
1177 1628 1437 1690 Altdors.
1497 1632 1564 1689 in
1607 1631 1755 1690 Diss.
1816 1630 1892 1689 de
1947 1631 2141 1710 poetis
2191 1631 2454 1711 cyclicis.

198 1714 374 1776 Adde
415 1713 655 1774 Fabric.
698 1714 767 1774 Β.
815 1715 919 1774 Gr.
964 1715 1031 1775 T.
1074 1715 1103 1774 Ι
1144 1736 1203 1795 p.
1245 1720 1390 1781 281.
1476 1719 1633 1776 Sunt
1672 1726 1874 1777 tamen
1906 1715 2235 1777 admodum
2266 1735 2459 1798 pauca

198 1803 261 1860 in
301 1800 426 1862 hoc
470 1809 821 1879 argumento
866 1800 946 1859 ad
985 1801 1280 1880 liquidum
1324 1801 1639 1882 perducta.
1729 1868 1737 1878 ,

366 1887 525 1946 Nam
569 1887 799 1967 primo,
861 1905 1119 1964 qnorum
1161 1898 1477 1968 poetarum
1518 1886 1763 1948 nomina
1803 1897 1867 1946 et
1909 1906 2091 1967 opera
2133 1885 2251 1947 hoc
2291 1886 2458 1965 cyclo

198 1971 637 2053 comprehensa
690 1972 916 2031 fuerint
930 2019 952 2047 ,
1024 1993 1121 2033 res
1174 1984 1268 2033 est
1325 1975 1549 2055 partim
1603 1974 1891 2049 obscura,
1944 1973 2169 2053 partim
2211 1979 2460 2032 contro-

201 2078 403 2134 versa,
441 2059 629 2117 etiam
668 2057 832 2116 inter
872 2068 1138 2136 veteres3
1194 2080 1307 2119 nec
1347 2061 1490 2119 satis
1530 2069 1882 2120 constanter
1922 2059 2221 2133 traditur,
2278 2077 2458 2136 quam

200 2146 318 2204 late
356 2145 491 2204 eins
534 2153 960 2221 argumentum
995 2148 1293 2225 patuerit3
1358 2147 1541 2207 modo
1600 2147 1757 2206 enim
1813 2146 1979 2206 intra
2020 2145 2159 2204 belli
2216 2143 2460 2204 Troiani

201 2231 348 2289 fines
386 2230 493 2289 ille
536 2229 907 2304 substitisse,
961 2231 1142 2291 modo
1187 2233 1266 2311 ad
1308 2231 1501 2311 ipsam
1542 2231 1980 2311 cosmogoniem
2018 2241 2299 2310 evagatus
2335 2248 2462 2288 esse
2555 2251 2558 2254 ·

200 2325 510 2376 umatus.
602 2315 745 2388 Quo
805 2316 938 2395 ipso
996 2327 1269 2377 constare
1323 2329 1476 2398 puto
1495 2362 1512 2394 ,
1580 2318 1743 2377 intre
1784 2317 2086 2398 privatam
2131 2316 2461 2376 nonnullo·-

198 2423 338 2463 rum
366 2402 700 2461 doctorum
733 2401 1279 2463 Grammaticorum
1340 2403 1680 2483 opinionem
1736 2412 1929 2464 totam
1968 2401 2130 2462 hanc
2173 2401 2249 2462 de
2292 2401 2461 2482 cyclo

195 2488 365 2571 epico
426 2487 913 2569 praeceptionem
986 2489 1313 2549 substitisse
1369 2490 1435 2549 in
1492 2490 1729 2552 diversa
1793 2489 2160 2549 abeuntium.
2258 2489 2464 2567 Neque

193 2595 473 2654 unquam
524 2575 652 2634 tale
700 2594 918 2655 corpus
961 2575 1226 2655 plurium
1265 2585 1584 2656 poetarum
1630 2578 1803 2636 aliter
1844 2577 2183 2635 consectum
2199 2619 2217 2651 ‚
2283 2592 2465 2653 quam

191 2672 267 2722 ut
306 2660 748 2742 grammaticus
791 2661 1002 2738 aliquis
1042 2680 1254 2721 eorum
1292 2682 1603 2723 recensum
1644 2681 1753 2721 seu
1787 2662 2045 2721 indicem
2088 2662 2361 2737 faceret,.
2406 2668 2469 2718 et

195 2746 492 2826 singulari
534 2748 700 2806 sorte
738 2746 939 2805 libello
981 2755 1090 2806 aut
1140 2748 1206 2807 in
1249 2767 1428 2827 opere
1484 2746 1869 2827 grammatico
1924 2745 2164 2823 ederet;
2216 2765 2328 2805 nec
2369 2746 2466 2804 sa—

205 2833 320 2891 cile
359 2852 595 2910 omnes,
638 2851 899 2909 quorum
941 2853 1188 2912 magnus
1226 2833 1342 2894 fuit
1381 2853 1703 2906 numerus,
1744 2832 1848 2911 qui
1892 2832 2276 2910 Genealogias
2320 2830 2468 2889 ‹leo-

212 2938 385 2993 rum,
437 2917 956 2993 Titanomachias,
1034 2919 1583 2998 Gigantomachias,
1643 2918 2077 2997 Argonautica,
2154 2916 2470 2989 Thebaica,

214 3003 559 3080 Heracleas,
604 3013 671 3062 et
711 3003 797 3062 sic
838 3024 1042 3083 porro,
1085 3014 1216 3064 tum
1256 3005 1323 3064 in
1366 3006 1546 3066 rebus
1587 3004 1799 3079 Iliacis,
1840 3003 1945 3083 qui
1993 3000 2273 3075 Νόστους
2315 3001 2470 3060 scri-

211 3101 500 3170 puerunt,
575 3090 688 3148 tali
745 3091 945 3150 indice
997 3092 1330 3150 enumerati
1382 3094 1652 3152 suerunt.
1749 3091 2070 3151 Art-tinum
2124 3089 2466 3162 Μίἰεκὶιαη,

211 3179 546 3235 Eanum
567 3218 584 3250 ,
652 3176 927 3235 Lesa-hen
983 3187 1044 3237 et
1093 3179 1317 3256 Qypria
1358 3180 1633 3237 camina
1688 3196 1760 3236 eo
1804 3172 2233 3255 comprehensa
2291 3173 2474 3233 fuisse

207 3262 492 3343 plerique
548 3260 834 3337 tradunt3
916 3263 1353 3322 Antimachum
1370 3308 1388 3337 ,
1459 3263 1855 3323 Stesichorum
1876 3304 1892 3336 ‚
1981 3260 2126 3319 elios
2199 3261 2474 3320 inserunt

205 3349 344 3424 alii,
408 3347 537 3406 fide
593 3367 718 3406 uon
773 3347 920 3407 satis
975 3350 1307 3427 explorata.
1425 3348 1723 3409 Videntur
1777 3366 1962 3428 porro
2003 3347 2182 3426 plura
2236 3346 2299 3405 in
2357 3344 2477 3405 hac

208 3435 575 3512 quaestione
617 3433 945 3493 confundi:
1011 3434 1178 3503 Alius
1222 3443 1314 3493 est
1364 3434 1579 3512 chlus
1624 3433 1921 3513 mythicue
1944 3476 1960 3506 ,
2017 3431 2081 3491 h.
2123 3449 2176 3491 e.
2234 3430 2475 3491 fabula-

210 3539 357 3579 rum
399 3519 753 3597 complexus
791 3520 932 3579 inde
974 3540 1010 3577 a
1049 3518 1401 3599 genealogiis
1446 3519 1696 3577 deorum
1755 3518 1833 3576 ad
1875 3518 2091 3577 Troiae
2132 3536 2321 3596 usque
2361 3536 2477 3576 ex-

213 3604 448 3667 cidium
489 3604 822 3683 deductus5
863 3604 1015 3664 alius
1064 3608 1278 3685 Cycla-⁹
1315 3607 1630 3681 Troianae,
1674 3602 1739 3668 h,
1762 3623 1812 3663 e.
1856 3603 2195 3664 fabularum
2238 3603 2316 3662 ad
2343 3602 2474 3662 bel-

214 3691 347 3750 lum
390 3691 726 3751 Troianum
769 3691 1184 3770 spectantium.
1287 3691 1411 3750 Iam
1454 3691 1535 3749 ab
1593 3691 1689 3748 his
1745 3692 1927 3768 cyclis
1970 3688 2162 3748 ‹lictos
2217 3689 2479 3751 arbitror

204 3789 436 3856 poetas
480 3778 740 3855 cyclicus
799 3786 863 3836 et
919 3781 1195 3835 carmina
1251 3778 1481 3856 cyclica
1499 3821 1517 3849 ,
1590 3795 1850 3861 quorum
1908 3785 2260 3854 argumenta
2307 3776 2480 3834 ‘intra

210 3864 588 3923 alterutrum
632 3861 992 3943 mythorum
1036 3863 1414 3942 complexum
1455 3872 1517 3919 et
1561 3862 1766 3921 orbem
1810 3862 2299 3921 continerentur:
2355 3879 2483 3920 non

216 3968 370 4009 vero
422 3957 498 4008 ut
540 3948 655 4028 ipsi
711 3949 946 4029 cyclum
1008 3949 1263 4026 aliquem
1323 3947 1776 4006 constituerent.
1878 3949 1969 4007 Ex
2025 3948 2227 4028 priore
2269 3964 2483 4026 genere

216 4036 391 4097 fuere
432 4034 854 4116 Theogoniee‚
898 4035 1353 4114 Cosmogoniae,
1397 4035 1448 4092 T
1450 4033 1916 4109 itanomachiae,
1982 4034 2175 4111 qualis
2217 4033 2352 4093 fuit·
2378 4048 2483 4091 seu

219 4276 375 4329 finem
400 4275 846 4330 Observationum
873 4271 928 4323 in
958 4271 1174 4323 Iliadem
1202 4269 1444 4340 prodidi3
1497 4270 1638 4320 forte
1669 4286 1766 4322 nec
1805 4270 1908 4322 hoc
1943 4269 1997 4321 in
2035 4270 2261 4323 animum
2285 4268 2486 4323 admis-

221 4365 393 4410 surus,
428 4346 530 4399 nisi
556 4361 819 4417 expressa
849 4339 1229 4424 quodammodo
1258 4357 1432 4393 earum
1460 4337 1721 4392 confessio
1750 4338 1964 4403 fuisset3
2016 4358 2184 4409 neque
2220 4337 2485 4391 enimtam

219 4415 390 4488 magni
414 4416 617 4489 ingenii
642 4431 736 4468 res
764 4421 851 4463 est
876 4428 930 4461 m
960 4409 1085 4463 talia
1113 4408 1361 4473 incidere,
1397 4428 1549 4477 quam
1574 4405 1770 4470 iudicii,
1806 4402 2006 4473 videre',
2043 4428 2107 4461 an
2136 4409 2262 4461 satis
2296 4405 2486 4475 explo-

213 4498 325 4544 rata
342 4500 402 4544 et
423 4500 579 4544 certa
611 4504 677 4540 ea
712 4480 853 4546 siut,
892 4489 948 4533 ut
974 4479 1028 4532 in
1062 4480 1286 4533 medinm
1315 4476 1546 4550 proferri
1569 4476 1789 4551 possint.
