<?xml version="1.0" encoding="UTF-8"?>
<!DOCTYPE html PUBLIC "-//W3C//DTD XHTML 1.0 Transitional//EN"
    "http://www.w3.org/TR/xhtml1/DTD/xhtml1-transitional.dtd">
<html xmlns="http://www.w3.org/1999/xhtml" xml:lang="en" lang="en">
 <head>
  <title>
</title>
<meta http-equiv="Content-Type" content="text/html;charset=utf-8" />
  <meta name='ocr-system' content='tesseract 3.04.00' />
  <meta name='ocr-capabilities' content='ocr_page ocr_carea ocr_par ocr_line ocrx_word'/>
</head>
<body>
  <div class='ocr_page' id='page_1' title='image "./pvblivsvirgiliv00sillgoog/pvblivsvirgiliv00sillgoog_0612.png"; bbox 0 0 2882 5028; ppageno 0'>
   <div class='ocr_carea' id='block_1_1' title="bbox 651 357 2359 477">
    <p class='ocr_par' dir='ltr' id='par_1_1' title="bbox 651 357 2359 477">
     <span class='ocr_line' id='line_1_1' title="bbox 651 357 2359 477; baseline 0.005 -10"><span class='ocrx_word' id='word_1_1' title='bbox 651 357 1825 470; x_wconf 74' lang='lat' dir='ltr'>ADL1BRUM111</span> <span class='ocrx_word' id='word_1_2' title='bbox 2208 399 2359 477; x_wconf 86' lang='lat'><strong>589</strong></span> 
     </span>
    </p>
   </div>
   <div class='ocr_carea' id='block_1_2' title="bbox 149 581 2358 1348">
    <p class='ocr_par' dir='ltr' id='par_1_2' title="bbox 149 581 2358 1348">
     <span class='ocr_line' id='line_1_2' title="bbox 162 581 2357 663; baseline 0.002 -21"><span class='ocrx_word' id='word_1_3' title='bbox 162 591 284 659; x_wconf 84' lang='lat' dir='ltr'><strong>tur,</strong></span> <span class='ocrx_word' id='word_1_4' title='bbox 315 602 448 642; x_wconf 90' lang='lat' dir='ltr'><strong>sano</strong></span> <span class='ocrx_word' id='word_1_5' title='bbox 487 581 708 642; x_wconf 88' lang='lat' dir='ltr'><strong>iudicio</strong></span> <span class='ocrx_word' id='word_1_6' title='bbox 752 581 1096 663; x_wconf 87' lang='lat' dir='ltr'><strong>probanda;</strong></span> <span class='ocrx_word' id='word_1_7' title='bbox 1142 581 1249 641; x_wconf 88' lang='lat' dir='ltr'><strong>sed</strong></span> <span class='ocrx_word' id='word_1_8' title='bbox 1289 582 1517 643; x_wconf 84' lang='lat' dir='ltr'><strong>faciunt</strong></span> <span class='ocrx_word' id='word_1_9' title='bbox 1560 582 1734 642; x_wconf 88' lang='lat' dir='ltr'><strong>simul</strong></span> <span class='ocrx_word' id='word_1_10' title='bbox 1762 581 2113 661; x_wconf 82' lang='lat' dir='ltr'><strong>horrorem3</strong></span> <span class='ocrx_word' id='word_1_11' title='bbox 2153 595 2214 645; x_wconf 89' lang='lat' dir='ltr'><strong>et</strong></span> <span class='ocrx_word' id='word_1_12' title='bbox 2236 584 2357 646; x_wconf 92' lang='lat' dir='ltr'><strong>ho-</strong></span> 
     </span>
     <span class='ocr_line' id='line_1_3' title="bbox 158 667 2357 749; baseline 0.002 -21"><span class='ocrx_word' id='word_1_13' title='bbox 158 670 361 728; x_wconf 87' lang='lat' dir='ltr'><strong>miuum</strong></span> <span class='ocrx_word' id='word_1_14' title='bbox 400 668 533 728; x_wconf 90' lang='lat' dir='ltr'><strong>belli</strong></span> <span class='ocrx_word' id='word_1_15' title='bbox 574 668 854 728; x_wconf 86' lang='lat' dir='ltr'><strong>caedibus</strong></span> <span class='ocrx_word' id='word_1_16' title='bbox 899 668 1238 748; x_wconf 74' lang='lat' dir='ltr'><strong>rapinisque</strong></span> <span class='ocrx_word' id='word_1_17' title='bbox 1296 667 1685 728; x_wconf 86' lang='lat' dir='ltr'><strong>adsuetorum</strong></span> <span class='ocrx_word' id='word_1_18' title='bbox 1729 688 1932 729; x_wconf 85' lang='lat' dir='ltr'><strong>sensus</strong></span> <span class='ocrx_word' id='word_1_19' title='bbox 1974 670 2177 749; x_wconf 84' lang='lat' dir='ltr'><strong>potuit</strong></span> <span class='ocrx_word' id='word_1_20' title='bbox 2235 691 2357 732; x_wconf 89' lang='lat' dir='ltr'><strong>esse</strong></span> 
     </span>
     <span class='ocr_line' id='line_1_4' title="bbox 158 753 2357 832; baseline 0.002 -19"><span class='ocrx_word' id='word_1_21' title='bbox 158 754 430 830; x_wconf 88' lang='lat' dir='ltr'><strong>obtusior,</strong></span> <span class='ocrx_word' id='word_1_22' title='bbox 474 753 929 831; x_wconf 88' lang='lat' dir='ltr'><strong>stomachusque</strong></span> <span class='ocrx_word' id='word_1_23' title='bbox 973 753 1168 832; x_wconf 87' lang='lat' dir='ltr'><strong>minus</strong></span> <span class='ocrx_word' id='word_1_24' title='bbox 1208 753 1531 813; x_wconf 83' lang='lat' dir='ltr'><strong>fastidiens.</strong></span> <span class='ocrx_word' id='word_1_25' title='bbox 1613 754 1765 813; x_wconf 84' lang='lat' dir='ltr'><strong>Nam</strong></span> <span class='ocrx_word' id='word_1_26' title='bbox 1783 798 1801 830; x_wconf 94' lang='lat'><strong>,</strong></span> <span class='ocrx_word' id='word_1_27' title='bbox 1860 755 2024 832; x_wconf 89' lang='lat' dir='ltr'><strong>quod</strong></span> <span class='ocrx_word' id='word_1_28' title='bbox 2064 753 2214 815; x_wconf 89' lang='lat' dir='ltr'><strong>haec</strong></span> <span class='ocrx_word' id='word_1_29' title='bbox 2255 758 2357 817; x_wconf 83' lang='lat' dir='ltr'><strong>in·</strong></span> 
     </span>
     <span class='ocr_line' id='line_1_5' title="bbox 156 839 2356 920; baseline 0.002 -22"><span class='ocrx_word' id='word_1_30' title='bbox 156 848 235 899; x_wconf 88' lang='lat' dir='ltr'><strong>ter</strong></span> <span class='ocrx_word' id='word_1_31' title='bbox 273 840 634 916; x_wconf 82' lang='lat' dir='ltr'><strong>convivium,</strong></span> <span class='ocrx_word' id='word_1_32' title='bbox 692 860 896 900; x_wconf 86' lang='lat' dir='ltr'><strong>coram</strong></span> <span class='ocrx_word' id='word_1_33' title='bbox 943 839 1162 898; x_wconf 82' lang='lat' dir='ltr'><strong>semina</strong></span> <span class='ocrx_word' id='word_1_34' title='bbox 1202 839 1437 918; x_wconf 89' lang='lat' dir='ltr'><strong>regina,</strong></span> <span class='ocrx_word' id='word_1_35' title='bbox 1503 848 1863 915; x_wconf 86' lang='lat' dir='ltr'><strong>narrantur,</strong></span> <span class='ocrx_word' id='word_1_36' title='bbox 1919 839 1987 899; x_wconf 90' lang='lat' dir='ltr'><strong>id</strong></span> <span class='ocrx_word' id='word_1_37' title='bbox 2027 849 2204 920; x_wconf 87' lang='lat' dir='ltr'><strong>poeta</strong></span> <span class='ocrx_word' id='word_1_38' title='bbox 2247 862 2356 902; x_wconf 87' lang='lat' dir='ltr'><strong>uos</strong></span> 
     </span>
     <span class='ocr_line' id='line_1_6' title="bbox 156 924 2358 1000; baseline 0.003 -19"><span class='ocrx_word' id='word_1_39' title='bbox 156 924 218 982; x_wconf 83' lang='lat' dir='ltr'><strong>ab</strong></span> <span class='ocrx_word' id='word_1_40' title='bbox 253 925 410 984; x_wconf 88' lang='lat' dir='ltr'><strong>initio</strong></span> <span class='ocrx_word' id='word_1_41' title='bbox 448 929 646 992; x_wconf 88' lang='lat' dir='ltr'><strong>statim</strong></span> <span class='ocrx_word' id='word_1_42' title='bbox 689 926 888 985; x_wconf 86' lang='lat' dir='ltr'><strong>animo</strong></span> <span class='ocrx_word' id='word_1_43' title='bbox 929 925 1189 984; x_wconf 87' lang='lat' dir='ltr'><strong>retinere</strong></span> <span class='ocrx_word' id='word_1_44' title='bbox 1230 925 1460 1000; x_wconf 88' lang='lat' dir='ltr'><strong>noluit,</strong></span> <span class='ocrx_word' id='word_1_45' title='bbox 1504 934 1566 983; x_wconf 85' lang='lat' dir='ltr'><strong>et</strong></span> <span class='ocrx_word' id='word_1_46' title='bbox 1606 934 1795 988; x_wconf 86' lang='lat' dir='ltr'><strong>totam</strong></span> <span class='ocrx_word' id='word_1_47' title='bbox 1837 926 2234 985; x_wconf 77' lang='lat' dir='ltr'>narrationem</span> <span class='ocrx_word' id='word_1_48' title='bbox 2277 928 2358 988; x_wconf 85' lang='lat' dir='ltr'><strong>ad</strong></span> 
     </span>
     <span class='ocr_line' id='line_1_7' title="bbox 154 1009 2357 1089; baseline 0.001 -20"><span class='ocrx_word' id='word_1_49' title='bbox 154 1010 232 1070; x_wconf 88' lang='lat' dir='ltr'><strong>sui</strong></span> <span class='ocrx_word' id='word_1_50' title='bbox 268 1012 530 1072; x_wconf 84' lang='lat' dir='ltr'><strong>carminis</strong></span> <span class='ocrx_word' id='word_1_51' title='bbox 570 1013 822 1071; x_wconf 85' lang='lat' dir='ltr'><strong>lectores</strong></span> <span class='ocrx_word' id='word_1_52' title='bbox 864 1010 1046 1089; x_wconf 89' lang='lat' dir='ltr'><strong>magis</strong></span> <span class='ocrx_word' id='word_1_53' title='bbox 1088 1028 1268 1088; x_wconf 89' lang='lat' dir='ltr'><strong>quam</strong></span> <span class='ocrx_word' id='word_1_54' title='bbox 1326 1009 1406 1069; x_wconf 88' lang='lat' dir='ltr'><strong>ad</strong></span> <span class='ocrx_word' id='word_1_55' title='bbox 1449 1009 1699 1070; x_wconf 89' lang='lat' dir='ltr'><strong>Didonis</strong></span> <span class='ocrx_word' id='word_1_56' title='bbox 1757 1019 1820 1070; x_wconf 89' lang='lat' dir='ltr'><strong>et</strong></span> <span class='ocrx_word' id='word_1_57' title='bbox 1863 1011 2199 1071; x_wconf 88' lang='lat' dir='ltr'><strong>Poenorum</strong></span> <span class='ocrx_word' id='word_1_58' title='bbox 2242 1033 2357 1073; x_wconf 90' lang='lat' dir='ltr'><strong>au-</strong></span> 
     </span>
     <span class='ocr_line' id='line_1_8' title="bbox 154 1092 2354 1176; baseline 0.002 -22"><span class='ocrx_word' id='word_1_59' title='bbox 154 1095 409 1157; x_wconf 77' lang='lat' dir='ltr'><strong>ditionem</strong></span> <span class='ocrx_word' id='word_1_60' title='bbox 448 1096 888 1176; x_wconf 72' lang='lat' dir='ltr'><strong>attemperavit.</strong></span> <span class='ocrx_word' id='word_1_61' title='bbox 972 1092 1090 1154; x_wconf 91' lang='lat' dir='ltr'><strong>Sed</strong></span> <span class='ocrx_word' id='word_1_62' title='bbox 1134 1095 1374 1156; x_wconf 91' lang='lat' dir='ltr'><strong>omnino</strong></span> <span class='ocrx_word' id='word_1_63' title='bbox 1416 1095 1480 1155; x_wconf 90' lang='lat' dir='ltr'><strong>in</strong></span> <span class='ocrx_word' id='word_1_64' title='bbox 1510 1097 1724 1156; x_wconf 84' lang='lat' dir='ltr'><strong>fabulis</strong></span> <span class='ocrx_word' id='word_1_65' title='bbox 1752 1095 2005 1174; x_wconf 76' lang='lat' dir='ltr'><strong>antiquis</strong></span> <span class='ocrx_word' id='word_1_66' title='bbox 2048 1105 2171 1155; x_wconf 89' lang='lat' dir='ltr'><strong>tam</strong></span> <span class='ocrx_word' id='word_1_67' title='bbox 2194 1097 2354 1158; x_wconf 89' lang='lat' dir='ltr'><strong>laute</strong></span> 
     </span>
     <span class='ocr_line' id='line_1_9' title="bbox 152 1181 2357 1263; baseline 0.002 -25"><span class='ocrx_word' id='word_1_68' title='bbox 152 1200 210 1239; x_wconf 83' lang='lat' dir='ltr'><strong>ac</strong></span> <span class='ocrx_word' id='word_1_69' title='bbox 243 1183 479 1263; x_wconf 75' lang='lat' dir='ltr'>superbe</span> <span class='ocrx_word' id='word_1_70' title='bbox 520 1192 731 1263; x_wconf 88' lang='lat' dir='ltr'><strong>poetae</strong></span> <span class='ocrx_word' id='word_1_71' title='bbox 771 1201 885 1242; x_wconf 86' lang='lat' dir='ltr'><strong>nec</strong></span> <span class='ocrx_word' id='word_1_72' title='bbox 922 1189 1242 1243; x_wconf 82' lang='lat' dir='ltr'><strong>versantur</strong></span> <span class='ocrx_word' id='word_1_73' title='bbox 1284 1201 1394 1240; x_wconf 89' lang='lat' dir='ltr'><strong>nec</strong></span> <span class='ocrx_word' id='word_1_74' title='bbox 1433 1182 1663 1242; x_wconf 85' lang='lat' dir='ltr'><strong>versari</strong></span> <span class='ocrx_word' id='word_1_75' title='bbox 1692 1181 1766 1240; x_wconf 87' lang='lat' dir='ltr'><strong>iis</strong></span> <span class='ocrx_word' id='word_1_76' title='bbox 1806 1200 2039 1241; x_wconf 86' lang='lat' dir='ltr'><strong>necesse</strong></span> <span class='ocrx_word' id='word_1_77' title='bbox 2083 1192 2201 1258; x_wconf 83' lang='lat' dir='ltr'><strong>est,</strong></span> <span class='ocrx_word' id='word_1_78' title='bbox 2245 1202 2357 1243; x_wconf 88' lang='lat' dir='ltr'><strong>nec</strong></span> 
     </span>
     <span class='ocr_line' id='line_1_10' title="bbox 149 1264 2354 1348; baseline 0.001 -23"><span class='ocrx_word' id='word_1_79' title='bbox 149 1266 296 1326; x_wconf 89' lang='lat' dir='ltr'><strong>nobis</strong></span> <span class='ocrx_word' id='word_1_80' title='bbox 343 1269 668 1348; x_wconf 80' lang='lat' dir='ltr'><strong>legentibus</strong></span> <span class='ocrx_word' id='word_1_81' title='bbox 718 1268 901 1347; x_wconf 84' lang='lat' dir='ltr'><strong>magis</strong></span> <span class='ocrx_word' id='word_1_82' title='bbox 952 1268 1091 1326; x_wconf 89' lang='lat' dir='ltr'><strong>licet</strong></span> <span class='ocrx_word' id='word_1_83' title='bbox 1142 1264 1552 1346; x_wconf 82' lang='lat' dir='ltr'><strong>philosophica</strong></span> <span class='ocrx_word' id='word_1_84' title='bbox 1594 1267 1790 1345; x_wconf 88' lang='lat' dir='ltr'><strong>aliqua</strong></span> <span class='ocrx_word' id='word_1_85' title='bbox 1847 1265 2175 1327; x_wconf 76' lang='lat' dir='ltr'><strong>subtilitate</strong></span> <span class='ocrx_word' id='word_1_86' title='bbox 2231 1269 2354 1345; x_wconf 87' lang='lat' dir='ltr'><strong>uti;</strong></span> 
     </span>
    </p>
   </div>
   <div class='ocr_carea' id='block_1_3' title="bbox 151 1350 2483 1433">
    <p class='ocr_par' dir='ltr' id='par_1_3' title="bbox 151 1350 2483 1433">
     <span class='ocr_line' id='line_1_11' title="bbox 151 1350 2483 1433; baseline 0.001 -22"><span class='ocrx_word' id='word_1_87' title='bbox 151 1352 342 1430; x_wconf 78' lang='lat' dir='ltr'><strong>alioqui</strong></span> <span class='ocrx_word' id='word_1_88' title='bbox 377 1355 621 1433; x_wconf 80' lang='lat' dir='ltr'><strong>frigeret</strong></span> <span class='ocrx_word' id='word_1_89' title='bbox 660 1363 792 1413; x_wconf 88' lang='lat' dir='ltr'><strong>tota</strong></span> <span class='ocrx_word' id='word_1_90' title='bbox 835 1353 911 1412; x_wconf 89' lang='lat' dir='ltr'><strong>de</strong></span> <span class='ocrx_word' id='word_1_91' title='bbox 950 1350 1315 1432; x_wconf 82' lang='lat' dir='ltr'><strong>Polyphemo</strong></span> <span class='ocrx_word' id='word_1_92' title='bbox 1358 1361 1419 1410; x_wconf 91' lang='lat' dir='ltr'><strong>et</strong></span> <span class='ocrx_word' id='word_1_93' title='bbox 1460 1362 1613 1430; x_wconf 88' lang='lat' dir='ltr'><strong>quot</strong></span> <span class='ocrx_word' id='word_1_94' title='bbox 1651 1373 1775 1412; x_wconf 87' lang='lat' dir='ltr'><strong>non</strong></span> <span class='ocrx_word' id='word_1_95' title='bbox 1817 1351 2166 1411; x_wconf 78' lang='lat' dir='ltr'><strong>Homericae</strong></span> <span class='ocrx_word' id='word_1_96' title='bbox 2213 1353 2355 1414; x_wconf 87' lang='lat' dir='ltr'><strong>Vir·</strong></span> <span class='ocrx_word' id='word_1_97' title='bbox 2477 1381 2483 1388; x_wconf 86' lang='lat'><strong>·</strong></span> 
     </span>
    </p>
   </div>
   <div class='ocr_carea' id='block_1_4' title="bbox 132 1435 2354 2376">
    <p class='ocr_par' dir='ltr' id='par_1_4' title="bbox 132 1435 2354 2376">
     <span class='ocr_line' id='line_1_12' title="bbox 146 1435 2351 1518; baseline -0.001 -20"><span class='ocrx_word' id='word_1_98' title='bbox 146 1437 477 1518; x_wconf 85' lang='lat' dir='ltr'><strong>gilianaeque</strong></span> <span class='ocrx_word' id='word_1_99' title='bbox 521 1439 790 1499; x_wconf 81' lang='lat' dir='ltr'><strong>fabulae!</strong></span> <span class='ocrx_word' id='word_1_100' title='bbox 831 1439 900 1498; x_wconf 89' lang='lat' dir='ltr'><strong>In</strong></span> <span class='ocrx_word' id='word_1_101' title='bbox 924 1435 1274 1517; x_wconf 81' lang='lat' dir='ltr'><strong>Polyphemi</strong></span> <span class='ocrx_word' id='word_1_102' title='bbox 1302 1439 1498 1497; x_wconf 85' lang='lat' dir='ltr'><strong>forma</strong></span> <span class='ocrx_word' id='word_1_103' title='bbox 1540 1458 1610 1497; x_wconf 91' lang='lat' dir='ltr'><strong>ac</strong></span> <span class='ocrx_word' id='word_1_104' title='bbox 1651 1438 1887 1513; x_wconf 86' lang='lat' dir='ltr'><strong>robore,</strong></span> <span class='ocrx_word' id='word_1_105' title='bbox 1930 1438 2101 1497; x_wconf 84' lang='lat' dir='ltr'><strong>verbi</strong></span> <span class='ocrx_word' id='word_1_106' title='bbox 2126 1458 2351 1516; x_wconf 88' lang='lat' dir='ltr'><strong>caussa,</strong></span> 
     </span>
     <span class='ocr_line' id='line_1_13' title="bbox 145 1523 2352 1603; baseline 0.001 -23"><span class='ocrx_word' id='word_1_107' title='bbox 145 1534 266 1583; x_wconf 88' lang='lat' dir='ltr'><strong>sunt</strong></span> <span class='ocrx_word' id='word_1_108' title='bbox 303 1526 518 1599; x_wconf 88' lang='lat' dir='ltr'><strong>multa,</strong></span> <span class='ocrx_word' id='word_1_109' title='bbox 579 1543 733 1603; x_wconf 89' lang='lat' dir='ltr'><strong>quae</strong></span> <span class='ocrx_word' id='word_1_110' title='bbox 786 1524 896 1583; x_wconf 89' lang='lat' dir='ltr'><strong>sibi</strong></span> <span class='ocrx_word' id='word_1_111' title='bbox 951 1534 1323 1602; x_wconf 88' lang='lat' dir='ltr'><strong>repugnant,</strong></span> <span class='ocrx_word' id='word_1_112' title='bbox 1388 1524 1575 1582; x_wconf 90' lang='lat' dir='ltr'><strong>multa</strong></span> <span class='ocrx_word' id='word_1_113' title='bbox 1635 1523 1891 1582; x_wconf 88' lang='lat' dir='ltr'><strong>absurda</strong></span> <span class='ocrx_word' id='word_1_114' title='bbox 1909 1567 1926 1599; x_wconf 93' lang='lat'><strong>,</strong></span> <span class='ocrx_word' id='word_1_115' title='bbox 1985 1525 2033 1582; x_wconf 89' lang='lat' dir='ltr'><strong>si</strong></span> <span class='ocrx_word' id='word_1_116' title='bbox 2076 1524 2352 1583; x_wconf 85' lang='lat' dir='ltr'><strong>subtilius</strong></span> 
     </span>
     <span class='ocr_line' id='line_1_14' title="bbox 144 1607 2354 1689; baseline 0.001 -24"><span class='ocrx_word' id='word_1_117' title='bbox 144 1607 399 1670; x_wconf 87' lang='lat' dir='ltr'><strong>iudicium</strong></span> <span class='ocrx_word' id='word_1_118' title='bbox 442 1608 757 1686; x_wconf 81' lang='lat' dir='ltr'><strong>adhibeas3</strong></span> <span class='ocrx_word' id='word_1_119' title='bbox 811 1609 916 1668; x_wconf 90' lang='lat' dir='ltr'><strong>sed</strong></span> <span class='ocrx_word' id='word_1_120' title='bbox 956 1607 1312 1689; x_wconf 78' lang='lat' dir='ltr'><strong>phantasiae</strong></span> <span class='ocrx_word' id='word_1_121' title='bbox 1343 1627 1665 1686; x_wconf 76' lang='lat' dir='ltr'><strong>sensusque</strong></span> <span class='ocrx_word' id='word_1_122' title='bbox 1707 1609 2007 1688; x_wconf 81' lang='lat' dir='ltr'><strong>voluptati</strong></span> <span class='ocrx_word' id='word_1_123' title='bbox 2047 1609 2160 1668; x_wconf 86' lang='lat' dir='ltr'><strong>ista</strong></span> <span class='ocrx_word' id='word_1_124' title='bbox 2202 1609 2354 1669; x_wconf 91' lang='lat' dir='ltr'><strong>scri-</strong></span> 
     </span>
     <span class='ocr_line' id='line_1_15' title="bbox 143 1693 2352 1776; baseline 0.001 -24"><span class='ocrx_word' id='word_1_125' title='bbox 143 1703 262 1771; x_wconf 83' lang='lat' dir='ltr'><strong>pta,</strong></span> <span class='ocrx_word' id='word_1_126' title='bbox 300 1716 420 1755; x_wconf 90' lang='lat' dir='ltr'><strong>non</strong></span> <span class='ocrx_word' id='word_1_127' title='bbox 461 1694 880 1776; x_wconf 89' lang='lat' dir='ltr'><strong>philosophico</strong></span> <span class='ocrx_word' id='word_1_128' title='bbox 922 1694 1196 1754; x_wconf 88' lang='lat' dir='ltr'><strong>acumini.</strong></span> <span class='ocrx_word' id='word_1_129' title='bbox 1264 1694 1338 1752; x_wconf 86' lang='lat' dir='ltr'><strong>cf.</strong></span> <span class='ocrx_word' id='word_1_130' title='bbox 1373 1713 1503 1773; x_wconf 87' lang='lat' dir='ltr'><strong>sup.</strong></span> <span class='ocrx_word' id='word_1_131' title='bbox 1548 1693 1625 1752; x_wconf 88' lang='lat' dir='ltr'><strong>ad</strong></span> <span class='ocrx_word' id='word_1_132' title='bbox 1667 1714 1724 1753; x_wconf 81' lang='lat' dir='ltr'><strong>v.</strong></span> <span class='ocrx_word' id='word_1_133' title='bbox 1771 1694 2148 1760; x_wconf 77' lang='lat'><strong>250—252.</strong></span> <span class='ocrx_word' id='word_1_134' title='bbox 2219 1696 2352 1754; x_wconf 86' lang='lat'>110-</span> 
     </span>
     <span class='ocr_line' id='line_1_16' title="bbox 142 1778 2351 1860; baseline 0.001 -23"><span class='ocrx_word' id='word_1_135' title='bbox 142 1797 316 1839; x_wconf 80' lang='lat' dir='ltr'><strong>merus</strong></span> <span class='ocrx_word' id='word_1_136' title='bbox 358 1783 552 1840; x_wconf 90' lang='lat' dir='ltr'><strong>multo</strong></span> <span class='ocrx_word' id='word_1_137' title='bbox 604 1781 864 1841; x_wconf 86' lang='lat' dir='ltr'><strong>atrocius</strong></span> <span class='ocrx_word' id='word_1_138' title='bbox 905 1779 1348 1860; x_wconf 84' lang='lat' dir='ltr'><strong>spectaculum,</strong></span> <span class='ocrx_word' id='word_1_139' title='bbox 1398 1787 1460 1837; x_wconf 88' lang='lat' dir='ltr'><strong>et</strong></span> <span class='ocrx_word' id='word_1_140' title='bbox 1501 1778 1901 1839; x_wconf 81' lang='lat' dir='ltr'><strong>carnificinam</strong></span> <span class='ocrx_word' id='word_1_141' title='bbox 1943 1779 2175 1853; x_wconf 81' lang='lat' dir='ltr'><strong>verius,</strong></span> <span class='ocrx_word' id='word_1_142' title='bbox 2240 1800 2351 1839; x_wconf 80' lang='lat' dir='ltr'><strong>ex·-</strong></span> 
     </span>
     <span class='ocr_line' id='line_1_17' title="bbox 140 1861 2351 1944; baseline 0.001 -22"><span class='ocrx_word' id='word_1_143' title='bbox 140 1861 421 1941; x_wconf 82' lang='lat' dir='ltr'><strong>hibuerat3</strong></span> <span class='ocrx_word' id='word_1_144' title='bbox 463 1866 572 1926; x_wconf 89' lang='lat' dir='ltr'><strong>sed</strong></span> <span class='ocrx_word' id='word_1_145' title='bbox 609 1866 752 1927; x_wconf 89' lang='lat' dir='ltr'><strong>alios</strong></span> <span class='ocrx_word' id='word_1_146' title='bbox 773 1865 1060 1939; x_wconf 90' lang='lat' dir='ltr'><strong>homines,</strong></span> <span class='ocrx_word' id='word_1_147' title='bbox 1103 1863 1267 1923; x_wconf 89' lang='lat' dir='ltr'><strong>aliud</strong></span> <span class='ocrx_word' id='word_1_148' title='bbox 1303 1865 1620 1938; x_wconf 88' lang='lat' dir='ltr'><strong>saeculum,</strong></span> <span class='ocrx_word' id='word_1_149' title='bbox 1665 1865 1829 1942; x_wconf 88' lang='lat' dir='ltr'><strong>quod</strong></span> <span class='ocrx_word' id='word_1_150' title='bbox 1859 1865 2192 1944; x_wconf 87' lang='lat' dir='ltr'><strong>respiceret,</strong></span> <span class='ocrx_word' id='word_1_151' title='bbox 2234 1864 2351 1924; x_wconf 89' lang='lat' dir='ltr'><strong>ha-</strong></span> 
     </span>
     <span class='ocr_line' id='line_1_18' title="bbox 139 1948 2349 2012; baseline 0.001 -4"><span class='ocrx_word' id='word_1_152' title='bbox 139 1948 307 2012; x_wconf 80' lang='lat' dir='ltr'><strong>bebat.</strong></span> <span class='ocrx_word' id='word_1_153' title='bbox 387 1952 649 2012; x_wconf 81' lang='lat' dir='ltr'><strong>Ovidius</strong></span> <span class='ocrx_word' id='word_1_154' title='bbox 691 1953 764 2010; x_wconf 91' lang='lat' dir='ltr'><strong>ab</strong></span> <span class='ocrx_word' id='word_1_155' title='bbox 809 1951 970 2011; x_wconf 90' lang='lat' dir='ltr'><strong>omni</strong></span> <span class='ocrx_word' id='word_1_156' title='bbox 1009 1950 1322 2009; x_wconf 83' lang='lat' dir='ltr'><strong>atrocitate</strong></span> <span class='ocrx_word' id='word_1_157' title='bbox 1361 1950 1745 2009; x_wconf 76' lang='lat' dir='ltr'><strong>alienissimus</strong></span> <span class='ocrx_word' id='word_1_158' title='bbox 1788 1969 1907 2009; x_wconf 88' lang='lat' dir='ltr'><strong>non</strong></span> <span class='ocrx_word' id='word_1_159' title='bbox 1950 1960 2152 2010; x_wconf 83' lang='lat' dir='ltr'><strong>tamen</strong></span> <span class='ocrx_word' id='word_1_160' title='bbox 2197 1949 2349 2010; x_wconf 91' lang='lat' dir='ltr'><strong>hor-</strong></span> 
     </span>
     <span class='ocr_line' id='line_1_19' title="bbox 135 2035 2350 2118; baseline 0.001 -23"><span class='ocrx_word' id='word_1_161' title='bbox 135 2036 363 2098; x_wconf 83' lang='lat' dir='ltr'><strong>rendum</strong></span> <span class='ocrx_word' id='word_1_162' title='bbox 416 2036 541 2098; x_wconf 87' lang='lat' dir='ltr'><strong>hoc</strong></span> <span class='ocrx_word' id='word_1_163' title='bbox 595 2036 949 2117; x_wconf 83' lang='lat' dir='ltr'><strong>Polyphemi</strong></span> <span class='ocrx_word' id='word_1_164' title='bbox 1005 2035 1406 2118; x_wconf 86' lang='lat' dir='ltr'><strong>spectaculum</strong></span> <span class='ocrx_word' id='word_1_165' title='bbox 1457 2035 2013 2115; x_wconf 88' lang='lat' dir='ltr'><strong>Metamorphoseon</strong></span> <span class='ocrx_word' id='word_1_166' title='bbox 2065 2036 2166 2097; x_wconf 88' lang='lat' dir='ltr'><strong>lib.</strong></span> <span class='ocrx_word' id='word_1_167' title='bbox 2208 2037 2350 2098; x_wconf 88' lang='lat' dir='ltr'><strong>XIV</strong></span> 
     </span>
     <span class='ocr_line' id='line_1_20' title="bbox 137 2119 2351 2202; baseline -0 -20"><span class='ocrx_word' id='word_1_168' title='bbox 137 2119 329 2184; x_wconf 77' lang='lat' dir='ltr'><strong>iterum</strong></span> <span class='ocrx_word' id='word_1_169' title='bbox 375 2123 663 2184; x_wconf 66' lang='lat' dir='ltr'><strong>exhibere</strong></span> <span class='ocrx_word' id='word_1_170' title='bbox 721 2123 1043 2183; x_wconf 84' lang='lat' dir='ltr'><strong>dubitavit.</strong></span> <span class='ocrx_word' id='word_1_171' title='bbox 1128 2120 1443 2200; x_wconf 85' lang='lat' dir='ltr'><strong>Euripides</strong></span> <span class='ocrx_word' id='word_1_172' title='bbox 1496 2130 1697 2181; x_wconf 89' lang='lat' dir='ltr'><strong>autem</strong></span> <span class='ocrx_word' id='word_1_173' title='bbox 1741 2122 1805 2180; x_wconf 89' lang='lat' dir='ltr'><strong>in</strong></span> <span class='ocrx_word' id='word_1_174' title='bbox 1847 2121 2103 2201; x_wconf 85' lang='lat' dir='ltr'><strong>Cyclope</strong></span> <span class='ocrx_word' id='word_1_175' title='bbox 2166 2124 2351 2202; x_wconf 80' lang='lat' dir='ltr'><strong>Saty·-</strong></span> 
     </span>
     <span class='ocr_line' id='line_1_21' title="bbox 132 2206 2350 2285; baseline 0.001 -20"><span class='ocrx_word' id='word_1_176' title='bbox 132 2206 225 2268; x_wconf 88' lang='lat' dir='ltr'><strong>rici</strong></span> <span class='ocrx_word' id='word_1_177' title='bbox 274 2208 565 2271; x_wconf 80' lang='lat' dir='ltr'><strong>dramatis</strong></span> <span class='ocrx_word' id='word_1_178' title='bbox 618 2218 838 2269; x_wconf 85' lang='lat' dir='ltr'><strong>natura</strong></span> <span class='ocrx_word' id='word_1_179' title='bbox 878 2206 1037 2267; x_wconf 86' lang='lat' dir='ltr'><strong>tueri</strong></span> <span class='ocrx_word' id='word_1_180' title='bbox 1096 2225 1158 2265; x_wconf 89' lang='lat' dir='ltr'><strong>se</strong></span> <span class='ocrx_word' id='word_1_181' title='bbox 1209 2214 1425 2285; x_wconf 79' lang='lat' dir='ltr'><strong>potest.</strong></span> <span class='ocrx_word' id='word_1_182' title='bbox 1513 2206 1662 2266; x_wconf 85' lang='lat' dir='ltr'><strong>Vide</strong></span> <span class='ocrx_word' id='word_1_183' title='bbox 1707 2227 1766 2267; x_wconf 86' lang='lat' dir='ltr'><strong>v.</strong></span> <span class='ocrx_word' id='word_1_184' title='bbox 1810 2208 1935 2271; x_wconf 82' lang='lat'><strong>380</strong></span> <span class='ocrx_word' id='word_1_185' title='bbox 1982 2227 2109 2285; x_wconf 88' lang='lat' dir='ltr'><strong>sqq.</strong></span> <span class='ocrx_word' id='word_1_186' title='bbox 2196 2210 2350 2267; x_wconf 87' lang='lat' dir='ltr'><strong>Sane</strong></span> 
     </span>
     <span class='ocr_line' id='line_1_22' title="bbox 133 2290 2344 2376; baseline 0.002 -25"><span class='ocrx_word' id='word_1_187' title='bbox 133 2290 493 2357; x_wconf 82' lang='lat' dir='ltr'><strong>Theocriteus</strong></span> <span class='ocrx_word' id='word_1_188' title='bbox 535 2294 791 2376; x_wconf 82' lang='lat' dir='ltr'><strong>Cyclops</strong></span> <span class='ocrx_word' id='word_1_189' title='bbox 833 2293 1040 2376; x_wconf 90' lang='lat' dir='ltr'><strong>paullo</strong></span> <span class='ocrx_word' id='word_1_190' title='bbox 1087 2291 1440 2352; x_wconf 83' lang='lat' dir='ltr'><strong>humaniore</strong></span> <span class='ocrx_word' id='word_1_191' title='bbox 1484 2292 1656 2353; x_wconf 82' lang='lat' dir='ltr'><strong>cultu</strong></span> <span class='ocrx_word' id='word_1_192' title='bbox 1692 2291 2011 2352; x_wconf 79' lang='lat' dir='ltr'><strong>exhibetur</strong></span> <span class='ocrx_word' id='word_1_193' title='bbox 2034 2291 2209 2372; x_wconf 80' lang='lat' dir='ltr'><strong>Idyll.</strong></span> <span class='ocrx_word' id='word_1_194' title='bbox 2241 2292 2344 2356; x_wconf 85' lang='lat' dir='ltr'><strong>XI.</strong></span> 
     </span>
    </p>
   </div>
   <div class='ocr_carea' id='block_1_5' title="bbox 1006 2576 1416 2588">
    <p class='ocr_par' dir='ltr' id='par_1_5' title="bbox 1006 2576 1416 2588">
     <span class='ocr_line' id='line_1_23' title="bbox 1006 2576 1416 2588; baseline -0.007 0"><span class='ocrx_word' id='word_1_195' title='bbox 1006 2576 1416 2588; x_wconf 72' lang='lat'>—————</span> 
     </span>
    </p>
   </div>
   <div class='ocr_carea' id='block_1_6' title="bbox 579 2796 1860 2890">
    <p class='ocr_par' dir='ltr' id='par_1_6' title="bbox 579 2796 1860 2890">
     <span class='ocr_line' id='line_1_24' title="bbox 579 2796 1860 2890; baseline -0.002 -5"><span class='ocrx_word' id='word_1_196' title='bbox 579 2796 1422 2890; x_wconf 86' lang='lat' dir='ltr'><strong>EXCURSUS</strong></span> <span class='ocrx_word' id='word_1_197' title='bbox 1542 2796 1860 2883; x_wconf 90' lang='lat' dir='ltr'><strong>XVII</strong></span> 
     </span>
    </p>
   </div>
   <div class='ocr_carea' id='block_1_7' title="bbox 748 2966 1717 3037">
    <p class='ocr_par' dir='ltr' id='par_1_7' title="bbox 748 2966 1717 3037">
     <span class='ocr_line' id='line_1_25' title="bbox 748 2966 1717 3037; baseline -0.004 -3"><span class='ocrx_word' id='word_1_198' title='bbox 748 2968 1273 3037; x_wconf 76' lang='lat' dir='ltr'><strong>Anchisae</strong></span> <span class='ocrx_word' id='word_1_199' title='bbox 1358 2966 1717 3035; x_wconf 81' lang='lat' dir='ltr'><strong>obitus.</strong></span> 
     </span>
    </p>
   </div>
   <div class='ocr_carea' id='block_1_8' title="bbox 122 3139 2345 3303">
    <p class='ocr_par' dir='ltr' id='par_1_8' title="bbox 122 3139 2345 3303">
     <span class='ocr_line' id='line_1_26' title="bbox 269 3139 2345 3221; baseline -0.007 -11"><span class='ocrx_word' id='word_1_200' title='bbox 269 3139 382 3218; x_wconf 80' lang='grc' dir='ltr'><strong>ΠΙ,</strong></span> <span class='ocrx_word' id='word_1_201' title='bbox 426 3148 558 3208; x_wconf 84' lang='lat'><strong>710</strong></span> <span class='ocrx_word' id='word_1_202' title='bbox 605 3144 736 3201; x_wconf 75' lang='lat' dir='ltr'><strong>Hic</strong></span> <span class='ocrx_word' id='word_1_203' title='bbox 754 3175 841 3189; x_wconf 91' lang='lat'><strong>—</strong></span> <span class='ocrx_word' id='word_1_204' title='bbox 863 3145 1192 3221; x_wconf 77' lang='lat' dir='ltr'><strong>genitorem</strong></span> <span class='ocrx_word' id='word_1_205' title='bbox 1245 3146 1436 3202; x_wconf 59' lang='lat' dir='ltr'><strong>omnes</strong></span> <span class='ocrx_word' id='word_1_206' title='bbox 1490 3163 1669 3201; x_wconf 82' lang='lat' dir='ltr'><strong>curae</strong></span> <span class='ocrx_word' id='word_1_207' title='bbox 1720 3159 2010 3220; x_wconf 75' lang='lat' dir='ltr'><strong>casusque</strong></span> <span class='ocrx_word' id='word_1_208' title='bbox 2070 3139 2345 3197; x_wconf 81' lang='lat' dir='ltr'><strong>levamen</strong></span> 
     </span>
     <span class='ocr_line' id='line_1_27' title="bbox 122 3222 2344 3303; baseline -0 -20"><span class='ocrx_word' id='word_1_209' title='bbox 122 3225 326 3286; x_wconf 77' lang='lat' dir='ltr'><strong>Anu&#39;uo</strong></span> <span class='ocrx_word' id='word_1_210' title='bbox 351 3229 685 3288; x_wconf 51' lang='lat' dir='ltr'><strong>Aba-lmen.</strong></span> <span class='ocrx_word' id='word_1_211' title='bbox 775 3226 1068 3287; x_wconf 83' lang='lat' dir='ltr'><strong>Anchisae</strong></span> <span class='ocrx_word' id='word_1_212' title='bbox 1097 3229 1324 3287; x_wconf 91' lang='lat' dir='ltr'><strong>obitum</strong></span> <span class='ocrx_word' id='word_1_213' title='bbox 1369 3248 1492 3287; x_wconf 88' lang='lat' dir='ltr'><strong>non</strong></span> <span class='ocrx_word' id='word_1_214' title='bbox 1529 3228 1605 3287; x_wconf 88' lang='lat' dir='ltr'><strong>ad</strong></span> <span class='ocrx_word' id='word_1_215' title='bbox 1630 3227 1914 3286; x_wconf 84' lang='lat' dir='ltr'><strong>historiae</strong></span> <span class='ocrx_word' id='word_1_216' title='bbox 1947 3224 2130 3303; x_wconf 82' lang='lat' dir='ltr'><strong>magis</strong></span> <span class='ocrx_word' id='word_1_217' title='bbox 2164 3222 2344 3282; x_wconf 85' lang='lat' dir='ltr'><strong>fidem</strong></span> 
     </span>
    </p>
   </div>
   <div class='ocr_carea' id='block_1_9' title="bbox 124 3310 2445 3391">
    <p class='ocr_par' dir='ltr' id='par_1_9' title="bbox 124 3310 2445 3391">
     <span class='ocr_line' id='line_1_28' title="bbox 124 3310 2445 3391; baseline -0.004 -16"><span class='ocrx_word' id='word_1_218' title='bbox 124 3325 295 3387; x_wconf 65' lang='lat' dir='ltr'><strong>(luam,</strong></span> <span class='ocrx_word' id='word_1_219' title='bbox 337 3314 503 3391; x_wconf 88' lang='lat' dir='ltr'><strong>quod</strong></span> <span class='ocrx_word' id='word_1_220' title='bbox 535 3312 919 3373; x_wconf 90' lang='lat' dir='ltr'><strong>commodum</strong></span> <span class='ocrx_word' id='word_1_221' title='bbox 948 3323 1117 3388; x_wconf 84' lang='lat' dir='ltr'><strong>esset,</strong></span> <span class='ocrx_word' id='word_1_222' title='bbox 1162 3324 1300 3374; x_wconf 86' lang='lat' dir='ltr'><strong>ante</strong></span> <span class='ocrx_word' id='word_1_223' title='bbox 1332 3313 1562 3372; x_wconf 82' lang='lat' dir='ltr'><strong>Aeneae</strong></span> <span class='ocrx_word' id='word_1_224' title='bbox 1592 3313 1669 3372; x_wconf 91' lang='lat' dir='ltr'><strong>ad</strong></span> <span class='ocrx_word' id='word_1_225' title='bbox 1702 3312 1990 3371; x_wconf 83' lang='lat' dir='ltr'><strong>Didonem</strong></span> <span class='ocrx_word' id='word_1_226' title='bbox 2017 3310 2346 3368; x_wconf 87' lang='lat' dir='ltr'><strong>adventum</strong></span> <span class='ocrx_word' id='word_1_227' title='bbox 2434 3340 2445 3350; x_wconf 84' lang='lat'><strong>·</strong></span> 
     </span>
    </p>
   </div>
   <div class='ocr_carea' id='block_1_10' title="bbox 114 3397 2346 4503">
    <p class='ocr_par' dir='ltr' id='par_1_10' title="bbox 114 3397 2346 4503">
     <span class='ocr_line' id='line_1_29' title="bbox 123 3397 2346 3478; baseline -0.001 -21"><span class='ocrx_word' id='word_1_228' title='bbox 123 3407 544 3461; x_wconf 77' lang='lat' dir='ltr'><strong>commemorat.</strong></span> <span class='ocrx_word' id='word_1_229' title='bbox 647 3399 813 3473; x_wconf 90' lang='lat' dir='ltr'><strong>Quas</strong></span> <span class='ocrx_word' id='word_1_230' title='bbox 893 3399 1048 3459; x_wconf 90' lang='lat' dir='ltr'><strong>enim</strong></span> <span class='ocrx_word' id='word_1_231' title='bbox 1106 3398 1396 3458; x_wconf 86' lang='lat' dir='ltr'><strong>Anchisae</strong></span> <span class='ocrx_word' id='word_1_232' title='bbox 1457 3408 1655 3478; x_wconf 87' lang='lat' dir='ltr'><strong>partes</strong></span> <span class='ocrx_word' id='word_1_233' title='bbox 1712 3399 1853 3457; x_wconf 89' lang='lat' dir='ltr'><strong>satis</strong></span> <span class='ocrx_word' id='word_1_234' title='bbox 1914 3397 2127 3455; x_wconf 85' lang='lat' dir='ltr'><strong>decore</strong></span> <span class='ocrx_word' id='word_1_235' title='bbox 2185 3397 2346 3454; x_wconf 87' lang='lat' dir='ltr'><strong>inter</strong></span> 
     </span>
     <span class='ocr_line' id='line_1_30' title="bbox 122 3476 2345 3563; baseline 0 -24"><span class='ocrx_word' id='word_1_236' title='bbox 122 3476 354 3543; x_wconf 81' lang='lat' dir='ltr'><strong>Aeneam</strong></span> <span class='ocrx_word' id='word_1_237' title='bbox 397 3494 459 3544; x_wconf 84' lang='lat' dir='ltr'><strong>et</strong></span> <span class='ocrx_word' id='word_1_238' title='bbox 491 3484 792 3543; x_wconf 87' lang='lat' dir='ltr'><strong>Didonem</strong></span> <span class='ocrx_word' id='word_1_239' title='bbox 818 3485 1084 3544; x_wconf 84' lang='lat' dir='ltr'><strong>tribuere</strong></span> <span class='ocrx_word' id='word_1_240' title='bbox 1123 3485 1460 3563; x_wconf 73' lang='lat' dir='ltr'><strong>potuisset?</strong></span> <span class='ocrx_word' id='word_1_241' title='bbox 1516 3483 1805 3543; x_wconf 82' lang='lat' dir='ltr'><strong>Anchisae</strong></span> <span class='ocrx_word' id='word_1_242' title='bbox 1841 3481 2166 3562; x_wconf 85' lang='lat' dir='ltr'><strong>sepulcrale</strong></span> <span class='ocrx_word' id='word_1_243' title='bbox 2210 3501 2345 3539; x_wconf 88' lang='lat' dir='ltr'><strong>mo-</strong></span> 
     </span>
     <span class='ocr_line' id='line_1_31' title="bbox 120 3566 2344 3649; baseline 0 -23"><span class='ocrx_word' id='word_1_244' title='bbox 120 3578 450 3630; x_wconf 82' lang='lat' dir='ltr'><strong>numentum</strong></span> <span class='ocrx_word' id='word_1_245' title='bbox 499 3570 832 3629; x_wconf 77' lang='lat' dir='ltr'><strong>etiamnum</strong></span> <span class='ocrx_word' id='word_1_246' title='bbox 871 3571 1042 3629; x_wconf 85' lang='lat' dir='ltr'><strong>iuxta</strong></span> <span class='ocrx_word' id='word_1_247' title='bbox 1070 3571 1411 3649; x_wconf 81' lang='lat' dir='ltr'><strong>Drepanum</strong></span> <span class='ocrx_word' id='word_1_248' title='bbox 1453 3569 1823 3642; x_wconf 85' lang='lat' dir='ltr'><strong>ostenditur,</strong></span> <span class='ocrx_word' id='word_1_249' title='bbox 1880 3566 1985 3626; x_wconf 88' lang='lat' dir='ltr'><strong>sed</strong></span> <span class='ocrx_word' id='word_1_250' title='bbox 2014 3588 2073 3627; x_wconf 84' lang='lat' dir='ltr'><strong>v.</strong></span> <span class='ocrx_word' id='word_1_251' title='bbox 2100 3566 2344 3626; x_wconf 86' lang='lat' dir='ltr'><strong>Dorvill.</strong></span> 
     </span>
     <span class='ocr_line' id='line_1_32' title="bbox 118 3652 2346 3733; baseline -0.003 -17"><span class='ocrx_word' id='word_1_252' title='bbox 118 3665 168 3724; x_wconf 85' lang='lat' dir='ltr'><strong>P·</strong></span> <span class='ocrx_word' id='word_1_253' title='bbox 191 3652 268 3716; x_wconf 69' lang='lat'><strong>49</strong></span> <span class='ocrx_word' id='word_1_254' title='bbox 290 3664 351 3714; x_wconf 85' lang='lat' dir='ltr'><strong>et</strong></span> <span class='ocrx_word' id='word_1_255' title='bbox 379 3656 486 3715; x_wconf 88' lang='lat' dir='ltr'><strong>ins.</strong></span> <span class='ocrx_word' id='word_1_256' title='bbox 522 3654 629 3715; x_wconf 90' lang='lat' dir='ltr'><strong>lib.</strong></span> <span class='ocrx_word' id='word_1_257' title='bbox 672 3656 743 3731; x_wconf 90' lang='lat' dir='ltr'><strong>V,</strong></span> <span class='ocrx_word' id='word_1_258' title='bbox 787 3655 870 3720; x_wconf 86' lang='lat'><strong>75</strong></span> <span class='ocrx_word' id='word_1_259' title='bbox 914 3676 1039 3733; x_wconf 86' lang='lat' dir='ltr'><strong>sqq.</strong></span> <span class='ocrx_word' id='word_1_260' title='bbox 1123 3656 1379 3715; x_wconf 88' lang='lat' dir='ltr'><strong>Mortem</strong></span> <span class='ocrx_word' id='word_1_261' title='bbox 1419 3655 1544 3713; x_wconf 89' lang='lat' dir='ltr'><strong>eius</strong></span> <span class='ocrx_word' id='word_1_262' title='bbox 1587 3663 1816 3713; x_wconf 85' lang='lat' dir='ltr'><strong>veteres</strong></span> <span class='ocrx_word' id='word_1_263' title='bbox 1868 3654 2189 3730; x_wconf 88' lang='lat' dir='ltr'><strong>scriptores</strong></span> <span class='ocrx_word' id='word_1_264' title='bbox 2223 3661 2346 3710; x_wconf 86' lang='lat' dir='ltr'><strong>tam</strong></span> 
     </span>
     <span class='ocr_line' id='line_1_33' title="bbox 121 3730 2346 3819; baseline 0.001 -24"><span class='ocrx_word' id='word_1_265' title='bbox 121 3730 329 3797; x_wconf 79' lang='lat' dir='ltr'><strong>diverse</strong></span> <span class='ocrx_word' id='word_1_266' title='bbox 361 3740 780 3814; x_wconf 85' lang='lat' dir='ltr'><strong>tradiderant,</strong></span> <span class='ocrx_word' id='word_1_267' title='bbox 822 3749 892 3798; x_wconf 89' lang='lat' dir='ltr'><strong>ut</strong></span> <span class='ocrx_word' id='word_1_268' title='bbox 926 3739 1072 3799; x_wconf 88' lang='lat' dir='ltr'><strong>nihil</strong></span> <span class='ocrx_word' id='word_1_269' title='bbox 1106 3743 1303 3819; x_wconf 88' lang='lat' dir='ltr'><strong>magis.</strong></span> <span class='ocrx_word' id='word_1_270' title='bbox 1362 3739 1684 3798; x_wconf 87' lang='lat' dir='ltr'><strong>Tumulum</strong></span> <span class='ocrx_word' id='word_1_271' title='bbox 1710 3739 1833 3798; x_wconf 85' lang='lat' dir='ltr'><strong>eius</strong></span> <span class='ocrx_word' id='word_1_272' title='bbox 1858 3738 1922 3797; x_wconf 89' lang='lat' dir='ltr'><strong>in</strong></span> <span class='ocrx_word' id='word_1_273' title='bbox 1948 3736 2051 3796; x_wconf 90' lang='lat' dir='ltr'><strong>Ida</strong></span> <span class='ocrx_word' id='word_1_274' title='bbox 2077 3747 2346 3816; x_wconf 81' lang='lat' dir='ltr'><strong>pastores</strong></span> 
     </span>
     <span class='ocr_line' id='line_1_34' title="bbox 118 3822 2343 3905; baseline 0.003 -31"><span class='ocrx_word' id='word_1_275' title='bbox 118 3826 168 3876; x_wconf 87' lang='lat' dir='ltr'><strong>et</strong></span> <span class='ocrx_word' id='word_1_276' title='bbox 192 3834 438 3901; x_wconf 86' lang='lat' dir='ltr'><strong>agrestes</strong></span> <span class='ocrx_word' id='word_1_277' title='bbox 480 3825 806 3905; x_wconf 87' lang='lat' dir='ltr'><strong>quotannis</strong></span> <span class='ocrx_word' id='word_1_278' title='bbox 844 3845 1156 3885; x_wconf 87' lang='lat' dir='ltr'><strong>coronasse</strong></span> <span class='ocrx_word' id='word_1_279' title='bbox 1197 3826 1485 3885; x_wconf 88' lang='lat' dir='ltr'><strong>traditum</strong></span> <span class='ocrx_word' id='word_1_280' title='bbox 1519 3833 1727 3884; x_wconf 86' lang='lat' dir='ltr'><strong>narrat</strong></span> <span class='ocrx_word' id='word_1_281' title='bbox 1763 3822 2033 3883; x_wconf 85' lang='lat' dir='ltr'><strong>Eustath.</strong></span> <span class='ocrx_word' id='word_1_282' title='bbox 2065 3823 2141 3881; x_wconf 91' lang='lat' dir='ltr'><strong>ad</strong></span> <span class='ocrx_word' id='word_1_283' title='bbox 2178 3823 2343 3883; x_wconf 85' lang='lat' dir='ltr'><strong>Iliad.</strong></span> 
     </span>
     <span class='ocr_line' id='line_1_35' title="bbox 121 3905 2343 3988; baseline 0.001 -22"><span class='ocrx_word' id='word_1_284' title='bbox 121 3925 172 3980; x_wconf 77' lang='grc' dir='ltr'><strong>μ,</strong></span> <span class='ocrx_word' id='word_1_285' title='bbox 211 3926 266 3985; x_wconf 91' lang='lat' dir='ltr'><strong>p.</strong></span> <span class='ocrx_word' id='word_1_286' title='bbox 291 3912 433 3987; x_wconf 80' lang='lat'><strong>894,</strong></span> <span class='ocrx_word' id='word_1_287' title='bbox 472 3916 580 3976; x_wconf 82' lang='grc'><strong>88.</strong></span> <span class='ocrx_word' id='word_1_288' title='bbox 664 3911 737 3970; x_wconf 90' lang='lat' dir='ltr'><strong>In</strong></span> <span class='ocrx_word' id='word_1_289' title='bbox 765 3910 1001 3969; x_wconf 88' lang='lat' dir='ltr'><strong>Pallene</strong></span> <span class='ocrx_word' id='word_1_290' title='bbox 1025 3910 1251 3985; x_wconf 88' lang='lat' dir='ltr'><strong>Theon,</strong></span> <span class='ocrx_word' id='word_1_291' title='bbox 1293 3912 1355 3969; x_wconf 89' lang='lat' dir='ltr'><strong>in</strong></span> <span class='ocrx_word' id='word_1_292' title='bbox 1390 3911 1536 3969; x_wconf 89' lang='lat' dir='ltr'><strong>Sinu</strong></span> <span class='ocrx_word' id='word_1_293' title='bbox 1561 3909 1910 3969; x_wconf 88' lang='lat' dir='ltr'><strong>Thermaico</strong></span> <span class='ocrx_word' id='word_1_294' title='bbox 1944 3910 2151 3967; x_wconf 89' lang='lat' dir='ltr'><strong>Conon</strong></span> <span class='ocrx_word' id='word_1_295' title='bbox 2196 3905 2343 3988; x_wconf 82' lang='lat' dir='ltr'><strong>(vid.</strong></span> 
     </span>
     <span class='ocr_line' id='line_1_36' title="bbox 118 3993 2346 4079; baseline -0 -26"><span class='ocrx_word' id='word_1_296' title='bbox 118 4007 234 4069; x_wconf 74' lang='lat'><strong>⁸111).</strong></span> <span class='ocrx_word' id='word_1_297' title='bbox 271 3994 525 4056; x_wconf 83' lang='lat' dir='ltr'><strong>Excurs.</strong></span> <span class='ocrx_word' id='word_1_298' title='bbox 564 3995 595 4053; x_wconf 91' lang='lat'>1</span> <span class='ocrx_word' id='word_1_299' title='bbox 641 3996 719 4055; x_wconf 89' lang='lat' dir='ltr'><strong>ad</strong></span> <span class='ocrx_word' id='word_1_300' title='bbox 759 4017 851 4075; x_wconf 86' lang='lat' dir='ltr'><strong>pr.</strong></span> <span class='ocrx_word' id='word_1_301' title='bbox 897 3995 1008 4077; x_wconf 84' lang='lat' dir='ltr'><strong>v.),</strong></span> <span class='ocrx_word' id='word_1_302' title='bbox 1079 3998 1144 4055; x_wconf 89' lang='lat' dir='ltr'><strong>in</strong></span> <span class='ocrx_word' id='word_1_303' title='bbox 1191 3997 1443 4055; x_wconf 83' lang='lat' dir='ltr'><strong>Arcadia</strong></span> <span class='ocrx_word' id='word_1_304' title='bbox 1486 3995 1746 4054; x_wconf 87' lang='lat' dir='ltr'><strong>Arcades</strong></span> <span class='ocrx_word' id='word_1_305' title='bbox 1796 3993 1989 4079; x_wconf 82' lang='lat' dir='ltr'><strong>(ibid.)</strong></span> <span class='ocrx_word' id='word_1_306' title='bbox 2043 3994 2346 4073; x_wconf 86' lang='lat' dir='ltr'><strong>sepultum</strong></span> 
     </span>
     <span class='ocr_line' id='line_1_37' title="bbox 119 4079 2346 4156; baseline 0 -18"><span class='ocrx_word' id='word_1_307' title='bbox 119 4090 229 4133; x_wconf 57' lang='grc' dir='ltr'><strong>ωδε</strong></span> <span class='ocrx_word' id='word_1_308' title='bbox 251 4080 717 4141; x_wconf 85' lang='lat' dir='ltr'><strong>contendebant.</strong></span> <span class='ocrx_word' id='word_1_309' title='bbox 803 4081 1119 4141; x_wconf 88' lang='lat' dir='ltr'><strong>Pausanias</strong></span> <span class='ocrx_word' id='word_1_310' title='bbox 1148 4083 1299 4156; x_wconf 71' lang='lat' dir='ltr'><strong>VIII,</strong></span> <span class='ocrx_word' id='word_1_311' title='bbox 1344 4086 1423 4146; x_wconf 85' lang='lat'><strong>12</strong></span> <span class='ocrx_word' id='word_1_312' title='bbox 1476 4081 1778 4142; x_wconf 87' lang='lat' dir='ltr'><strong>Arcadum</strong></span> <span class='ocrx_word' id='word_1_313' title='bbox 1821 4080 2149 4140; x_wconf 88' lang='lat' dir='ltr'><strong>narrationi</strong></span> <span class='ocrx_word' id='word_1_314' title='bbox 2197 4079 2346 4140; x_wconf 90' lang='lat' dir='ltr'><strong>sub-</strong></span> 
     </span>
     <span class='ocr_line' id='line_1_38' title="bbox 117 4156 2344 4247; baseline 0 -25"><span class='ocrx_word' id='word_1_315' title='bbox 117 4156 325 4242; x_wconf 71' lang='lat' dir='ltr'><strong>iungit,</strong></span> <span class='ocrx_word' id='word_1_316' title='bbox 368 4174 652 4227; x_wconf 82' lang='lat' dir='ltr'><strong>constare</strong></span> <span class='ocrx_word' id='word_1_317' title='bbox 675 4167 882 4225; x_wconf 85' lang='lat' dir='ltr'><strong>saltem</strong></span> <span class='ocrx_word' id='word_1_318' title='bbox 909 4166 1057 4243; x_wconf 87' lang='lat' dir='ltr'><strong>hoc,</strong></span> <span class='ocrx_word' id='word_1_319' title='bbox 1101 4169 1266 4246; x_wconf 81' lang='lat' dir='ltr'><strong>quod</strong></span> <span class='ocrx_word' id='word_1_320' title='bbox 1293 4168 1612 4226; x_wconf 81' lang='lat' dir='ltr'><strong>Aeolenses</strong></span> <span class='ocrx_word' id='word_1_321' title='bbox 1631 4212 1649 4241; x_wconf 90' lang='lat'><strong>,</strong></span> <span class='ocrx_word' id='word_1_322' title='bbox 1703 4172 1811 4247; x_wconf 78' lang='lat' dir='ltr'><strong>qui</strong></span> <span class='ocrx_word' id='word_1_323' title='bbox 1861 4179 1987 4225; x_wconf 79' lang='lat' dir='ltr'><strong>tum</strong></span> <span class='ocrx_word' id='word_1_324' title='bbox 2018 4168 2205 4224; x_wconf 81' lang='lat' dir='ltr'><strong>Ilium</strong></span> <span class='ocrx_word' id='word_1_325' title='bbox 2244 4168 2344 4222; x_wconf 79' lang='lat' dir='ltr'><strong>in-</strong></span> 
     </span>
     <span class='ocr_line' id='line_1_39' title="bbox 118 4247 2344 4325; baseline -0.001 -18"><span class='ocrx_word' id='word_1_326' title='bbox 118 4247 368 4308; x_wconf 79' lang='lat' dir='ltr'><strong>colebant</strong></span> <span class='ocrx_word' id='word_1_327' title='bbox 384 4296 402 4325; x_wconf 93' lang='lat'><strong>,</strong></span> <span class='ocrx_word' id='word_1_328' title='bbox 451 4253 695 4311; x_wconf 82' lang='lat' dir='ltr'><strong>nullum</strong></span> <span class='ocrx_word' id='word_1_329' title='bbox 722 4252 1029 4311; x_wconf 78' lang='lat' dir='ltr'><strong>Anchisae</strong></span> <span class='ocrx_word' id='word_1_330' title='bbox 1057 4255 1351 4311; x_wconf 77' lang='lat' dir='ltr'><strong>tumulum</strong></span> <span class='ocrx_word' id='word_1_331' title='bbox 1379 4252 1796 4325; x_wconf 73' lang='lat' dir='ltr'><strong>ostendebane3</strong></span> <span class='ocrx_word' id='word_1_332' title='bbox 1839 4260 1911 4310; x_wconf 87' lang='lat' dir='ltr'><strong>ut</strong></span> <span class='ocrx_word' id='word_1_333' title='bbox 1945 4251 2124 4324; x_wconf 90' lang='lat' dir='ltr'><strong>adeo,</strong></span> <span class='ocrx_word' id='word_1_334' title='bbox 2169 4257 2344 4307; x_wconf 79' lang='lat' dir='ltr'><strong>extra</strong></span> 
     </span>
     <span class='ocr_line' id='line_1_40' title="bbox 114 4332 2342 4417; baseline 0 -26"><span class='ocrx_word' id='word_1_335' title='bbox 114 4332 352 4406; x_wconf 70' lang='lat' dir='ltr'><strong>patriam</strong></span> <span class='ocrx_word' id='word_1_336' title='bbox 391 4346 560 4397; x_wconf 84' lang='lat' dir='ltr'><strong>certe</strong></span> <span class='ocrx_word' id='word_1_337' title='bbox 594 4354 729 4396; x_wconf 87' lang='lat' dir='ltr'><strong>eum</strong></span> <span class='ocrx_word' id='word_1_338' title='bbox 757 4337 997 4414; x_wconf 89' lang='lat' dir='ltr'><strong>obiisse,</strong></span> <span class='ocrx_word' id='word_1_339' title='bbox 1044 4337 1186 4403; x_wconf 82' lang='lat' dir='ltr'><strong>inde</strong></span> <span class='ocrx_word' id='word_1_340' title='bbox 1223 4339 1530 4417; x_wconf 87' lang='lat' dir='ltr'><strong>probabile</strong></span> <span class='ocrx_word' id='word_1_341' title='bbox 1567 4338 1756 4397; x_wconf 87' lang='lat' dir='ltr'><strong>fieret.</strong></span> <span class='ocrx_word' id='word_1_342' title='bbox 1840 4337 2062 4396; x_wconf 89' lang='lat' dir='ltr'><strong>Verum</strong></span> <span class='ocrx_word' id='word_1_343' title='bbox 2100 4334 2342 4393; x_wconf 88' lang='lat' dir='ltr'><strong>omnino</strong></span> 
     </span>
     <span class='ocr_line' id='line_1_41' title="bbox 114 4417 2341 4503; baseline 0 -26"><span class='ocrx_word' id='word_1_344' title='bbox 114 4425 326 4479; x_wconf 71' lang='lat' dir='ltr'><strong>veteres</strong></span> <span class='ocrx_word' id='word_1_345' title='bbox 351 4424 684 4502; x_wconf 86' lang='lat' dir='ltr'><strong>scriptores</strong></span> <span class='ocrx_word' id='word_1_346' title='bbox 707 4424 1110 4483; x_wconf 86' lang='lat' dir='ltr'><strong>monumentis</strong></span> <span class='ocrx_word' id='word_1_347' title='bbox 1126 4422 1240 4501; x_wconf 81' lang='lat' dir='ltr'><strong>his,</strong></span> <span class='ocrx_word' id='word_1_348' title='bbox 1264 4424 1436 4500; x_wconf 86' lang='lat' dir='ltr'><strong>sanis,</strong></span> <span class='ocrx_word' id='word_1_349' title='bbox 1464 4423 1712 4483; x_wconf 89' lang='lat' dir='ltr'><strong>tumulis</strong></span> <span class='ocrx_word' id='word_1_350' title='bbox 1738 4442 1810 4481; x_wconf 91' lang='lat' dir='ltr'><strong>ac</strong></span> <span class='ocrx_word' id='word_1_351' title='bbox 1834 4421 2136 4503; x_wconf 83' lang='lat' dir='ltr'><strong>sepuleris,</strong></span> <span class='ocrx_word' id='word_1_352' title='bbox 2160 4417 2341 4477; x_wconf 86' lang='lat' dir='ltr'><strong>fidem</strong></span> 
     </span>
    </p>
   </div>
  </div>
 </body>
</html>
