2882 5028
531 348 1156 425 AENEIDOS
1208 349 1420 426 Lm.
1463 350 1596 447 IV,
1643 353 2082 431 ‹iss—487

2290 360 2442 434 673

187 534 599 632 spargens
645 533 977 611 humida
1035 533 2033 639 mellasoporiferumque
2079 562 2440 641 papaver.

181 639 410 713 Haec
443 661 531 713 se
566 638 1043 715 carminibus
1078 640 1477 741 promittit
1518 638 1828 717 solvere
1865 642 2178 740 mentia,

335 844 442 900 486
476 845 729 898 Waddel.
761 845 862 899 iam
907 848 1080 900 Bam.
1125 846 1367 901 laudatus
1400 847 1536 900 coni.
1560 865 1784 915 ,arcena
1853 852 1955 901 Aut
1998 865 2235 932 spat-gen

2240 867 2269 901 s
2298 848 2444 904 aod-

180 913 377 998 piebut
414 932 659 998 amo-qens
695 933 757 999 e?
794 915 984 980 horto,
1018 933 1083 999 ne
1120 917 1279 968 draco
1314 928 1547 986 gustaret
1583 926 1638 999 et
1670 916 1722 967 in
1758 933 2004 985 soporem
2038 916 2312 971 incideret.
2361 921 2441 973 Ita

180 984 284 1037 ille
322 1002 437 1036 cum
472 985 589 1035 alus
626 985 693 1036 de
728 996 1166 1055 interpretatione
1193 986 1487 1049 laborabat,
1525 996 1577 1036 et
1611 1002 1725 1054 ipse
1764 987 2094 1039 Burmannus.
2142 988 2217 1039 lo.
2245 987 2441 1042 Schra-

182 1053 350 1107 derus
385 1054 439 1104 in
475 1053 714 1118 schedis,
776 1054 864 1105 ubi
913 1055 1074 1107 multa
1109 1065 1401 1108 tentaverat

1489 1072 1694 1107 versum
1742 1054 1954 1107 damnat
1989 1065 2044 1107 et
2079 1055 2245 1120 eiicit5
2302 1067 2359 1110 at
2390 1077 2439 1112 v.

180 1124 403 1176 Nonm.
475 1121 906 1194 soporiferumve
937 1124 1082 1177 multi
1115 1141 1201 1194 ap.
1236 1093 1512 1177 Bnrmffnn.
1581 1125 1683 1193 (—
1717 1123 1839 1178 487.
1865 1128 2175 1197 praemittis
2208 1135 2263 1177 et
2285 1144 2440 1181 mers-

182 1204 278 1245 ue
309 1190 523 1258 Medic„
557 1192 690 1244 illud
723 1210 755 1246 a
788 1211 857 1245 m.
893 1210 976 1262 pr.
1017 1194 1163 1264 Wr.)

179 1383 375 1445 fuisse
411 1382 656 1444 Servius
698 1394 938 1463 narrat3
985 1386 1082 1447 alii
1124 1387 1277 1457 Ter-

180 1489 297 1532 rae
321 1490 540 1529 munus
563 1491 741 1550 poma
781 1492 960 1532 aurea
1005 1474 1271 1533 tradide-

178 1565 366 1633 rant5
408 1576 466 1614 v.
493 1556 632 1615 Not.
667 1557 743 1615 ad
759 1557 1032 1637 Apollod.
1059 1562 1275 1638 pauo.

179 1641 338 1705 411.
383 1641 555 1700 Certe
584 1642 795 1702 violari
822 1662 921 1702 eos
940 1645 1100 1703 nefas
1127 1653 1275 1703 erat.

179 1727 412 1787 Narrat
440 1736 639 1786 autem
667 1738 866 1808 poeta,
893 1730 941 1788 si
973 1750 1095 1789 non
1118 1730 1275 1809 ipsas

179 1813 550 1892 Hesperidas
590 1813 730 1872 deas
745 1858 761 1889 ,
823 1813 1033 1874 hortos
1073 1827 1273 1876 tamen

183 1918 436 1975 earum,
480 1919 631 1976 quos
667 1902 955 1978 templum
994 1902 1272 1981 appellat,

177 1994 496 2063 tamquam
540 1984 739 2044 locum
763 1985 833 2044 iis
871 2005 1125 2062 sacrum,
1168 1987 1271 2047 illo

180 2068 394 2131 adbuc
428 2078 697 2149 tempore
733 2072 1122 2150 superfuisse,
1167 2071 1273 2131 iis-

178 2174 305 2235 que
336 2156 656 2237 praefuisse
687 2158 1058 2217 sacerdotem
1093 2158 1271 2218 femi-

177 2261 347 2301 nam.
411 2241 486 2299 cf.
519 2242 657 2301 Exc.
694 2242 773 2301 lv
801 2243 878 2301 ad
911 2242 972 2303 h.-
1008 2244 1047 2307 l.
1131 2242 1270 2325 (Ge-

177 2336 392 2387 terum
422 2326 548 2388 vid.
578 2326 645 2385 V.
674 2327 736 2387 1..
770 2328 847 2387 ad
885 2327 947 2389 h.
977 2350 1063 2388 vs.
1100 2326 1270 2412 Wr.)

273 2412 424 2478 486.
481 2411 577 2470 Sic
606 2412 708 2472 ins.
751 2413 850 2490 vl,
893 2413 1035 2478 420.
1069 2415 1272 2496 Sibyl-

178 2499 241 2560 la
296 2497 559 2557 Cerbero
606 2500 797 2559 Melle
832 2512 1179 2578 soporatam
1215 2513 1270 2561 et

177 2585 504 2644 meda-atis
518 2584 815 2661 frugibus
852 2585 1046 2667 offam
1094 2587 1272 2645 Obii-

176 2674 267 2730 οἰκ
288 2694 308 2729 .-
359 2688 572 2728 verum
614 2670 700 2728 ibi
728 2670 808 2729 ad
845 2692 1121 2751 soporem
1158 2672 1276 2731 im-

176 2755 578 2815 mittendum.
665 2755 841 2815 Nune
890 2766 1126 2816 tantum
1168 2777 1278 2837 pro

179 2841 304 2902 offa
344 2861 418 2899 ac
443 2841 596 2899 cibo
619 2840 869 2901 offertur
911 2838 1096 2923 μάζα,
1140 2842 1277 2923 pla-

178 2935 365 2987 centa
427 2926 686 3000 mellita,
744 2937 883 3002 aut,
941 2930 990 2987 si
1036 2929 1275 3008 proprie

177 3014 354 3074 dicta
393 3011 751 3091 accipimus,
821 3013 938 3072 mel
981 3013 1276 3091 liquidum

177 3118 328 3160 cum
377 3116 696 3176 papavere.
783 3097 959 3157 Mella
1002 3109 1106 3157 aut
1138 3099 1275 3178 pla-

175 3195 396 3245 eentas
459 3183 713 3242 mellitas
760 3185 1133 3264 serpentibus
1174 3204 1275 3242 sa-

174 3270 306 3332 cris
332 3268 586 3349 apponi,
631 3268 799 3328 haud
828 3271 1081 3346 mirum;
1135 3289 1274 3330 nam

177 3358 230 3416 si
290 3355 354 3413 in
401 3354 636 3433 templis
682 3373 922 3415 servare
974 3362 1274 3435 serpentes

176 3440 810 3604 Ξσὲῗηὲιῖῖῖἰὶἶὶὶ
862 3451 1276 3605 ’ἑζῗὲῗφῖῗ

178 3629 374 3691 quam
409 3611 662 3691 amplius
699 3612 762 3671 in
810 3630 881 3671 eo
921 3613 1047 3672 ritu
1088 3631 1277 3690 quae-

177 3717 350 3771 ram3
414 3715 606 3774 neque
649 3706 815 3771 tum,
879 3698 928 3756 si
983 3698 1112 3779 ipsa
1157 3698 1276 3757 Dea

177 3782 365 3843 Salus
419 3782 595 3840 simili
653 3800 817 3843 more
859 3796 1188 3863 serpentem
1240 3802 1274 3842 e

177 3876 444 3950 paterna
474 3867 697 3947 pascit:
729 3869 838 3927 etsi
866 3870 1056 3928 multa
1085 3869 1273 3927 serius

179 3970 487 4014 accessere
506 3954 727 4032 partim
756 3954 1104 4032 religionum
1124 3974 1271 4033 par-

177 4041 300 4100 tim
331 4040 858 4118 grammaticorum
902 4040 1267 4111 commentis,

178 4126 265 4186 de
337 4125 557 4202 quibus
626 4141 795 4204 egere
870 4125 1135 4204 Bottiger
1209 4134 1270 4184 et

175 4210 472 4292 Sps-engel
545 4208 610 4268 in
668 4212 1012 4289 Beytrogen
1087 4217 1152 4287 1,
1208 4214 1270 4274 2.

179 4298 627 4375 „Im-ongum,
674 4296 797 4355 iam
847 4296 1090 4355 Servius
1132 4314 1270 4353 mo-

176 4381 361 4458 nuit,
409 4381 698 4458 „videm
719 4384 1023 4460 positum,
1079 4393 1274 4440 uteo-

288 4482 608 4563 Vmon..
661 4482 873 4560 Tou.
907 4481 1005 4561 H.

1353 1384 1625 1465 pot-{fera
1659 1387 1883 1465 species
1927 1383 2243 1468 (papaver)
2292 1409 2439 1466 per*-
2478 1458 2486 1468 Α

1359 1473 1542 1550 vigui
1581 1472 1755 1530 detur
1788 1473 2145 1531 Dmooni.“
2247 1472 2438 1534 Multa

1361 1556 1439 1615 ad
1489 1557 1928 1616 defendendum
1972 1567 2211 1639 poetam
2250 1567 2307 1617 et
2355 1558 2440 1618 ibi

1360 1650 1422 1701 et
1468 1642 1682 1721 passim
1743 1642 1882 1701 alibi
1940 1644 2197 1703 afferunt
2239 1643 2437 1725 Intpp.

1360 1748 1419 1789 v.
1453 1728 1663 1787 Cerda.
1722 1727 2027 1788 Excidisse
2057 1728 2175 1790 hoc
2206 1740 2435 1809 poetae,

1358 1821 1431 1877 ut
1462 1814 1704 1873 credam
1729 1814 1897 1875 facile
1925 1812 2225 1892 adducor;
2259 1817 2436 1894 quip—
2562 1850 2571 1855 -

1356 1917 1431 1978 pe
1458 1899 1561 1976 qui
1599 1920 1721 1958 non
1748 1899 2110 1960 meminisset
2153 1900 2297 1960 offas
2322 1902 2438 1981 pal-

1356 2003 1577 2064 pavere
1618 1983 1821 2044 aliisve
1872 1985 2211 2065 soporiferis
2249 1985 2437 2046 succis

1356 2069 1628 2129 conditas
1643 2070 2003 2131 draconibus
2020 2071 2179 2151 apud
2208 2082 2436 2132 veteres

1357 2155 1535 2216 obiici
1581 2166 1708 2216 tum
1728 2200 1746 2232 ,
1790 2175 1926 2216 cum
1958 2177 2167 2218 somno
2201 2156 2288 2217 illi
2320 2178 2435 2239 op-

1353 2242 1590 2387 {2¹:233
1584 2242 2434 2408 3⁸⁰22mN3.f12m::.÷333⁰

1698 2372 1717 2406 ,
2401 2364 2436 2376 -

1357 2422 1445 2472 tas
1470 2414 1532 2472 in
1561 2411 1915 2491 quotidiano
1946 2414 2115 2474 victu
2143 2424 2433 2493 uteretur,

1355 2508 1415 2559 et
1443 2519 1700 2581 papaver
1728 2508 1885 2560 certe
1906 2501 2201 2579 posterior
2242 2502 2435 2561 Grae-

1359 2586 1453 2644 eia
1499 2586 1561 2644 in
1612 2584 1835 2646 deliciis
1886 2583 2163 2662 haberet,
2233 2587 2433 2648 cibum

1359 2669 1635 2749 serpenti,
1662 2671 1978 2730 lautiorem
1996 2678 2056 2730 et
2084 2671 2431 2750 dulciorem,

1356 2754 1499 2814 inde
1526 2764 1803 2836 paratum
1844 2756 1992 2830 dici,
2034 2765 2108 2816 ut
2152 2766 2432 2838 pascatur

1356 2841 1455 2900 ille
1475 2840 1607 2900 offis
1621 2841 1862 2901 mellitis
1874 2860 2172 2922 papavere
2193 2841 2431 2919 mixtis3

1356 2934 1431 2986 ut
1478 2927 1870 3004 sopor-fferam
1930 2935 2172 2987 tantum
2237 2936 2430 2987 ornet.

1361 3010 1521 3092 (Non
1560 3011 1781 3089 ubique
1832 3011 2097 3091 epitheta
2136 3022 2275 3092 apte
2318 3013 2431 3073 de-

1357 3098 1504 3177 legit
1550 3096 1854 3176 Virgilius,
1916 3097 1991 3157 cf.
2031 3098 2154 3158 Ed.
2204 3100 2281 3173 X,
2327 3102 2429 3164 66.

1367 3185 1464 3245 W
1462 3179 1599 3262 ch.)
1744 3203 2035 3261 spargens
2053 3228 2072 3260 ,
2160 3184 2428 3260 miscens,

1357 3270 1522 3328 Serv.
1542 3289 1568 3340 ;
1613 3265 1676 3327 h.
1704 3285 1756 3329 e.
1779 3267 2078 3345 obiiciens,
2121 3270 2430 3349 praebens,

1356 3372 1679 3434 apponens.
1772 3351 1934 3412 Nihil
1977 3353 2256 3435 amplius3
2317 3354 2429 3414 nisi

1356 3438 1523 3517 quod
1556 3447 1627 3498 ut
1661 3447 1836 3518 poeta
1881 3439 2057 3499 docte
2100 3440 2260 3519 loqui
2294 3461 2430 3499 ma-

1362 3525 1495 3584 luit.
1538 3524 1889 3605 (Spargebat
1929 3525 1992 3584 in
2039 3525 2138 3585 via
2164 3525 2337 3585 mella
2369 3533 2431 3585 et

1356 3629 1653 3690 papaver,
1693 3609 1910 3688 quibus
1938 3610 2322 3671 advenientes
2352 3611 2428 3671 ab

1359 3695 1542 3756 horto
1583 3703 1815 3755 arceret
1848 3704 1910 3756 et
1942 3716 2116 3775 poma
2141 3696 2429 3777 Hesperi-

1359 3781 1506 3840 dum
1550 3789 1831 3841 servaret.
1874 3782 2057 3841 Jahn.
2106 3783 2426 3862 praeclare,

1357 3867 1406 3925 si
1435 3866 1550 3925 mel
1581 3876 1642 3926 et
1671 3886 1934 3946 papaver
1957 3866 2121 3927 bunc
2147 3868 2223 3927 ad
2251 3887 2425 3928 usum

1355 3952 1691 4012 adhibuisse
1734 3962 1962 4013 veteres
1999 3953 2266 4034 ipsorum
2316 3971 2427 4012 ve-

1354 4047 1551 4097 terum
1591 4037 1949 4098 testimoniis
1984 4039 2293 4118 probasset
2330 4038 2427 4098 vir

1354 4123 1746 4183 doctissimus.
1795 4121 1975 4205 Wr.)

1440 4210 1568 4275 487
1584 4243 1656 4254 —
1679 4206 1822 4273 491.
1851 4209 2150 4268 Sollenuia
2176 4207 2324 4267 haee
2350 4206 2429 4269 de

1356 4294 1586 4354 artibus
1612 4295 1847 4373 magicis
1878 4294 1956 4353 ad
1990 4293 2294 4352 fastidium
2325 4311 2427 4352 re-

1353 4380 1547 4461 petita
1594 4399 1629 4439 a
1684 4379 1895 4461 poetis.
1981 4378 2115 4440 vid.
2164 4378 2245 4438 ad
2305 4378 2426 4440 Ecl.
