2882 5028
548 383 1165 462 AENEIDOS
1219 385 1432 461 LIB.
1487 385 1618 478 Vl,
1674 389 2009 465 83—90

2245 395 2402 512 ⁸⁶⁷.

158 567 309 645 Sed
341 592 508 645 non
550 583 631 645 et
655 571 963 646 venisse
993 569 1287 649 volent.
1391 568 1645 667 Bella,
1691 569 2020 648 horrida
2059 570 2289 674 bella,

151 675 245 749 Et
270 671 654 770 Thybrim
676 673 935 750 multo
965 687 1475 775 spumantem
1504 675 1883 772 sanguine
1919 700 2185 756 cerno.

151 779 323 853 Non
356 777 647 853 Simois
683 778 865 875 tibi,
918 802 1069 854 nec
1102 777 1501 875 Xanthu5,
1547 801 1705 853 nec
1732 780 2024 856 Dorica
2061 794 2304 859 castra

150 876 578 960 Defuerint.
682 881 903 958 Alius
944 883 1166 958 Latio
1196 882 1353 957 iam
1374 895 1647 982 partus
1678 881 2049 982 Achilles»,

150 985 383 1059 Natus
420 997 501 1060 et
525 985 693 1084 ipse
725 985 893 1064 dea.

999 991 1165 1065 Nec
1196 985 1528 1062 Teucris
1559 982 1824 1061 addita
1849 988 2054 1062 Iuno

2286 998 2387 1069 90

279 1190 349 1246 86
374 1192 434 1242 In
450 1201 505 1242 et
526 1192 738 1245 turbant
748 1192 980 1257 librarii3
1009 1203 1064 1245 et
1092 1193 1175 1247 vel
1201 1193 1464 1259 omittunt,
1477 1192 1562 1246 vel
1585 1192 1846 1245 scribunt:
1870 1194 1983 1247 Sed
1996 1211 2109 1247 non
2123 1196 2387 1261 evenisse,

148 1258 240 1309 sed
265 1277 375 1311 non
398 1261 708 1313 advenisse.
776 1264 898 1315 Est:
949 1280 1124 1315 verum
1154 1264 1311 1316 etiam
1337 1265 1522 1316 volent
1551 1280 1658 1315 non
1694 1262 1916 1316 venisse.
1985 1263 2155 1316 Etiam
2192 1266 2388 1317 volum

149 1326 353 1380 Mentel.
410 1347 496 1400 pr.

647 1333 718 1388 87
764 1351 980 1384 cernam
1023 1334 1215 1385 Moret.
1258 1351 1361 1385 sec.
1380 1371 1398 1399 ,
1460 1332 1613 1386 male.

150 1397 410 1464 (Sannaus
461 1398 655 1451 Medic.
688 1429 757 1440 —
793 1405 998 1454 Dorica
1036 1421 1082 1455 c.
1115 1403 1220 1455 vid.
1244 1404 1312 1456 V.
1350 1403 1413 1454 L.
1452 1403 1521 1454 ad
1557 1405 1621 1467 11,
1657 1403 1743 1457 27.
1787 1401 1930 1470 Wr.)

1753 1333 1827 1388 ,88
1879 1333 1999 1386 Nec
2047 1336 2108 1386 S.
2162 1334 2385 1388 Dorvill.

2070 1404 2140 1457 89
2174 1401 2386 1473 Defue-

149 1478 273 1517 runt
311 1467 447 1518 alter
483 1469 689 1534 Hamb.,
722 1487 836 1522 cum
870 1470 1066 1539 glossa,
1098 1473 1158 1524 in
1193 1470 1398 1525 labore.
1469 1473 1692 1545 (pareus
1730 1470 2088 1554 superscripta
2122 1472 2160 1523 h
2188 1472 2242 1523 in
2265 1474 2386 1523 Me-

149 1533 257 1599 dic„
304 1546 364 1587 ut
409 1536 507 1588 fiat

146 1603 470 1658 Heumannus
507 1623 539 1658 o
564 1606 577 1619 ⁶

145 1689 320 1727 manno
354 1676 423 1728 ad
459 1675 516 1728 h.
547 1676 586 1728 l.
633 1694 685 1730 v·
717 1679 911 1731 Notam
938 1688 1186 1731 nostram.

589 1539 803 1594 atthas.
898 1544 983 1593 W
973 1545 1041 1608 r.)

146 1867 312 1926 quam
396 1853 751 1913 suturarum
823 1872 1030 1914 rerum
1103 1853 1209 1913 de-

146 1937 399 2017 scriptio.

219 2025 525 2091 83-89,
580 2023 755 2083 Dicta
802 2021 954 2083 haec
999 2042 1214 2084 secun-

144 2103 279 2166 dum
317 2108 539 2168 Heleni
578 2109 1050 2191 praedictionem
1083 2129 1213 2191 sup.

138 2189 241 2268 111,
270 2192 411 2267 *458
461 2214 593 2273 sqq.
646 2196 803 2255 conf.
839 2195 1215 2274 praeclarum

138 2275 327 2337 locum
360 2280 586 2340 Tibulli
614 2281 690 2358 11,
722 2281 783 2357 5,
812 2285 896 2345 39
919 2301 1066 2360 sqq„
1110 2282 1216 2341 ubi

140 2362 386 2444 Sibyllae
425 2366 743 2427 oraculum
786 2366 901 2425 alio
944 2377 1216 2447 tempore

138 2467 204 2505 ae
229 2451 445 2531 modo,
505 2451 685 2512 latius
729 2461 963 2525 tamen,
1022 2472 1216 2533 expo-

138 2533 309 2596 titum
335 2547 442 2599 est.
533 2542 599 2598 in
624 2559 817 2616 regna
848 2542 1100 2615 Lavini,
1136 2539 1215 2599 ad

135 2618 474 2683 Lavinium:
529 2622 649 2683 hoc
686 2624 932 2683 tandem
958 2624 1217 2683 manife-

137 2713 286 2767 stum
325 2709 404 2768 de
444 2709 651 2769 aditus
696 2710 773 2768 ad
814 2710 1045 2768 Italiam
1082 2710 1215 2769 loco

133 2794 484 2856 vaticinium
539 2791 641 2874 (cf.
687 2795 939 2874 Disquis.
980 2796 1056 2853 de
1090 2816 1203 2853 rer.

134 2878 193 2933 in
216 2881 372 2939 Aen.
412 2893 592 2940 tract.
638 2883 973 2940 invencione
1006 2901 1053 2939 s.
1085 2878 1213 2962 Vl).

131 2960 374 3043 Reliqua
450 2965 683 3045 egregie
745 2966 824 3026 ad
897 2966 1215 3026 horrorem

129 3052 344 3126 partim
380 3071 595 3111 rerum
639 3052 923 3132 exemplis
967 3061 1030 3110 et
1068 3070 1212 3111 ver-

134 3132 342 3197 borum
383 3146 644 3213 ornatu,
706 3139 927 3217 partim
966 3157 1213 3217 compa-

126 3221 356 3283 ratione
382 3243 531 3283 cum
549 3222 730 3295 rebus
743 3223 1033 3300 Troianis,
1059 3243 1215 3304 qua-

127 3323 261 3367 rum
302 3320 538 3388 quanta
570 3309 665 3370 vis
705 3310 783 3369 ad
816 3309 1048 3368 Aeneae
1078 3310 1213 3368 ani-

126 3410 286 3453 mum
323 3396 458 3475 ipsa
491 3395 912 3455 recordatione
952 3414 1076 3454 esse
1104 3396 1214 3454 de-

123 3475 327 3540 bebat!
420 3485 530 3545 87.
589 3481 708 3539 iam
766 3482 1030 3541 Homero
1086 3483 1214 3541 sre-

126 3574 415 3641 quentata
439 3566 535 3626 rei
560 3567 753 3646 imago
782 3567 949 3627 Iliad.
978 3591 1039 3647 η,
1069 3571 1212 3632 329.

125 3650 353 3712 Dorica
387 3665 598 3712 castra
617 3698 636 3728 ‚
684 3673 814 3733 sup.
852 3653 925 3728 Π,
968 3656 1073 3727 27,
1107 3652 1215 3712 ubi

124 3751 180 3793 v.
208 3735 348 3800 Not.
441 3740 530 3802 88
559 3758 686 3817 sqq.
725 3738 947 3798 Eadem
968 3738 1215 3798 calami-

120 3827 314 3882 tatum
355 3824 548 3883 series
588 3833 955 3885 renascetur.
998 3825 1073 3883 cf.
1101 3824 1210 3883 inf.

121 3904 197 3981 X,
224 3912 328 3984 60,
375 3913 487 3986 61,
528 3912 629 3973 62.
714 3913 896 3970 Alius
923 3909 1211 3986 Achilles,

119 3989 362 4055 Turnus
392 3994 665 4056 Veniliae
691 3997 733 4056 s.
760 4017 822 4058 v.
851 3996 961 4056 inf.
993 3997 1072 4071 X,
1105 4000 1206 4059 76.

118 4075 235 4138 Nec
274 4079 402 4141 hoc
433 4080 567 4139 sine
603 4091 878 4143 veterum
916 4081 1207 4162 exemplo.

114 4182 171 4223 v.
227 4186 284 4230 c.
349 4165 570 4245 Eua-ip.
633 4167 854 4228 Troad.
895 4169 1039 4233 614.
1082 4164 1208 4231 615

113 4253 263 4324 φεῦ·
310 4256 479 4332 φεῦ·
511 4246 729 4328 Ἄλλος
762 4277 854 4328 τις
887 4254 1077 4330 Αἶας,
1122 4249 1209 4325 αἷς

112 4332 287 4402 ἔοικε.
363 4330 661 4418 δεύτερος
703 4335 931 4413 Παιδὸς
970 4337 1209 4423 πέφῃνε

110 4425 241 4504 σῆς.
286 4424 461 4484 conf.
487 4421 615 4482 Ecl.
641 4423 744 4502 IV,
786 4429 877 4499 36¹
912 4425 1064 4483 alter
1103 4426 1213 4481 erit

1179 1543 1250 1595 90
1302 1540 1491 1593 abdica
1535 1540 1687 1592 multi
1734 1559 1764 1593 a
1805 1541 1878 1592 ud
1915 1541 2073 1606 Pler„
2122 1559 2184 1592 ex
2219 1559 2384 1594 more.

666 1608 802 1660 coni.
834 1627 936 1660 nec
974 1611 1200 1662 Teucris
1232 1610 1431 1680 (addit)
1482 1612 1657 1673 Iun05
1703 1627 1762 1662 se
1834 1628 2105 1681 repressus
2138 1611 2205 1663 ab
2248 1613 2383 1663 Bm·-

1294 1867 1426 1913 tum
1473 1854 1703 1933 Tiphys
1727 1886 1812 1900 —
1840 1866 2023 1933 atque
2057 1857 2273 1915 iterum
2298 1858 2389 1915 ad

1306 1941 1552 1998 Delam
1585 1959 1849 2019 magnus
1872 1942 2135 1999 mittam·
2161 1942 2381 2000 Achil-

1294 2025 1417 2100 les,
1502 2025 1682 2084 etiam
1735 2026 1800 2084 in
1860 2024 2178 2086 vaticinios
2257 2027 2382 2087 Nec

1296 2109 1472 2169 aliter
1519 2110 1584 2169 in
1622 2109 2128 2189 praedictionibus
2170 2122 2383 2174 vatum

1295 2194 1731 2256 Hebraicorum
1761 2196 2018 2256 Davides
2046 2206 2105 2257 et
2135 2198 2235 2258 alii
2261 2199 2382 2258 ite-

1296 2302 1436 2342 rum
1484 2281 1829 2343 excitantur
1853 2289 2162 2361 tamquam
2190 2284 2381 2344 redu-

1300 2386 1413 2427 ces.
1473 2365 1725 2447 (alius
1775 2367 2083 2444 Achilles,
2142 2370 2266 2431 vid.
2304 2371 2380 2446 Q.

1299 2453 1372 2514 V.
1400 2452 1649 2528 xxml,
1681 2457 1777 2519 10.
1834 2455 2022 2512 Latio
2055 2464 2146 2514 est
2166 2457 2383 2517 tertius

1301 2560 1502 2616 casus3
1578 2538 1813 2599 Wakef.
1870 2539 1950 2598 ad
2006 2540 2245 2601 Lucret.
2307 2542 2379 2618 V,

1300 2629 1447 2690 863.
1501 2624 1762 2703 explicat
1816 2637 1978 2684 orme
2031 2646 2120 2684 ex
2161 2628 2371 2686 Latio.

1304 2712 1412 2771 W
1400 2732 1451 2768 r.

1383 2706 1487 2859 90).
1530 2794 1614 2853 N
1606 2814 1671 2851 ec
1701 2796 1943 2851 Teucris
1973 2793 2188 2852 addita
2220 2795 2378 2854 Iuno

1309 2881 1587 2959 Usquam
1638 2877 1847 2937 aberit.
1950 2877 2378 2958 interpretatio

1293 2963 1414 3024 loci
1472 2983 1504 3022 e
1554 2962 1860 3024 veteribus
1906 2963 2079 3023 nobis
2139 2974 2377 3025 servata

1295 3059 1405 3110 est.
1489 3049 1753 3109 macrob.
1796 3048 1878 3109 v1
1921 3050 2044 3109 Sat.
2097 3047 2139 3113 4
2186 3070 2378 3111 unum

1296 3155 1373 3195 ex
1399 3135 1473 3195 iis
1497 3135 1641 3194 locis
1667 3153 1790 3194 esse
1813 3134 2022 3212 docet,
2063 3133 2130 3194 in
2160 3136 2378 3214 quibus

1292 3230 1600 3284 vetustum
1622 3220 1877 3282 verbum
1890 3222 2217 3282 servaverit
2224 3240 2376 3302 poe-

1294 3318 1377 3368 ta.
1436 3307 1691 3382 addita,
1739 3306 1811 3363 id
1848 3319 1968 3382 est,
2031 3306 2272 3385 affin-a,
2320 3320 2377 3367 et

1287 3414 1402 3473 per
1473 3394 1588 3452 hoc
1618 3436 1638 3469 ‚
1710 3390 1953 3470 infesta.
2053 3394 2195 3451 Hoc
2246 3396 2378 3453 iam

1297 3482 1534 3539 dixerat
1571 3478 1850 3536 Lucilius
1895 3476 2001 3536 lib.
2047 3477 2237 3539 XIV
2277 3478 2377 3538 his

1295 3563 1559 3624 versibus
1577 3585 1596 3621 .·
1642 3564 1756 3639 „Si
1788 3563 1944 3622 mihi
1982 3582 2099 3622 non
2131 3577 2380 3643 praetor

1296 3654 1408 3710 ,siet
1464 3648 1708 3708 additus
1760 3660 1941 3727 atque
1996 3652 2190 3727 agitet
2252 3671 2369 3727 me,
2415 3648 2429 3679 ⁰

1298 3735 1637 3795 Nonmale
1665 3735 1916 3810 sch-ille,
1962 3734 2229 3811 zadic-o,
2279 3756 2376 3794 me

1291 3821 1630 3879 extenderat
1652 3822 1874 3878 unus.“
1961 3818 2222 3901 (Horum
2247 3821 2375 3880 Lu-

1293 3906 1411 3966 cilii
1465 3904 1794 3967 verborum
1859 3905 2373 3966 emendandorum

1290 3992 1449 4052 ratio
1477 4000 1712 4051 ostensa
1736 4000 1826 4051 est
1854 4010 1888 4049 a
1914 4011 2011 4050 me
2049 3992 2116 4051 in
2157 3989 2372 4050 Diariis

1292 4077 1583 4139 Scholast.
1608 4076 1943 4140 Darmstad.
1975 4073 2156 4143 1880.
2179 4096 2239 4135 n.
2268 4073 2370 4140 24.

1293 4186 1351 4246 p.
1396 4168 1540 4230 187.
1601 4160 1779 4244 Wr.)
1866 4163 2063 4223 Etiam
2097 4159 2369 4221 Servius:

1293 4251 1510 4311 addita
1541 4251 1719 4326 Iunc,
1753 4251 2022 4308 inimtba.
2111 4247 2225 4305 Est
2247 4266 2370 4305 au·-

1294 4349 1411 4395 tem
1432 4334 1676 4397 verbum
1715 4336 1949 4394 Lucilia·
1996 4345 2051 4391 et
2088 4334 2369 4411 antiquo-

1295 4442 1470 4482 rum.-
1529 4433 1596 4479 ut
1631 4421 1900 4481 Plautus
1941 4420 2089 4478 Aul.
2141 4419 2270 4493 III,
2306 4420 2368 4496 6,

1779 4515 1958 4589 55*
