2882 5028
2225 386 2377 461 865

212 560 354 650 At,
409 554 718 632 Phoebi
745 556 1115 632 nondum
1140 557 1483 657 patienS,
1538 559 1875 635 inmanis
1904 561 1986 638 in
2017 576 2245 641 antro

94 658 543 737 Bacchatur
569 674 784 736 vates
801 719 822 755 ‚
874 679 1255 759 magnum
1280 662 1342 736 si
1376 675 1707 762 pectore
1735 668 2002 764 possit.

92 764 546 841 Excussisse
581 764 860 842 deum:
912 775 1135 840 tanto
1163 765 1408 863 magis
1436 764 1569 841 ille
1603 764 1872 864 fatigat

99 870 226 946 Os
287 866 694 966 rabidum,
762 865 933 943 fera
997 868 1238 945 corda
1269 868 1667 1049 ὲέῐὲιὲἑιε,
1733 869 2123 974 fingitque
2179 898 2369 1068 Ρτὲἇ

101 1074 335 1152 Ostia
366 1073 685 1174 iamque
717 1072 1009 1150 domus
1030 1086 1363 1175 patuere
1392 1075 1740 1173 ingentia
1767 1058 2115 1155 centum'

100 1181 420 1279 Sponte
461 1202 634 1274 sua,
691 1179 1047 1280 vatisque
1073 1176 1345 1255 ferunt
1368 1204 1753 1281 responsa
1784 1205 1935 1280 per
1965 1207 2223 1262 auras:

513 370 1115 446 AENEIDOS
1168 371 1376 448 LIB.
1430 372 1563 468 Vl,
1614 379 1946 454 70—82

95 1351 187 1405 ini
219 1351 364 1404 vocis
400 1370 495 1404 ore
544 1351 883 1422 pleonasmo,
924 1350 1053 1405 satis
1102 1361 1159 1404 et
1206 1353 1337 1407 alibi
1372 1353 1548 1406 obvio.
1598 1371 1647 1407 v.
1682 1355 1887 1417 Eurum
1936 1364 2114 1408 tamen
2146 1356 2361 1410 Servius

96 1439 318 1493 quoque
354 1421 409 1473 in
445 1439 509 1473 eo
547 1432 834 1490 argutatur.
904 1423 1010 1474 Sed
1060 1421 1195 1474 bene
1228 1423 1441 1476 laudant
1473 1426 1648 1492 Intpp.
1682 1424 1876 1477 Lucilii
1909 1441 2149 1478 versum:
2209 1430 2362 1479 Haeo
2491 1468 2497 1474 .

98 1491 203 1544 ubi
234 1493 384 1543 dicta
418 1492 599 1556 dedic,
644 1510 881 1563 pausam
918 1490 1067 1563 facit
1124 1510 1220 1545 ore
1271 1494 1559 1564 loquendi,
1621 1494 1760 1561 apud
1795 1493 2022 1547 Nonium
2069 1496 2126 1547 in
2159 1513 2359 1567 pausa.
2425 1527 2430 1530 -

94 1563 174 1616 78
203 1573 396 1633 posset
428 1563 578 1612 Rom.
615 1571 669 1612 et
704 1562 889 1612 Hamb.
924 1560 1019 1613 alt.
1157 1564 1228 1617 79
1263 1565 1537 1615 excurisse
1570 1561 1811 1628 Dor-vill„
1860 1573 1919 1614 ut
1952 1564 2127 1616 solent
2157 1575 2356 1617 recent.

94 1629 325 1683 librarii.
394 1648 694 1682 excussura
723 1631 970 1682 Barthius
1023 1648 1086 1683 ex
1131 1647 1227 1684 suo
1276 1632 1477 1683 codice.
1626 1633 1697 1685 80
1730 1633 1985 1704 rapidum
2031 1634 2183 1686 multi
2218 1635 2357 1703 apud

94 1702 280 1752 Burm.
419 1701 483 1754 81
523 1718 560 1751 n
687 1719 756 1751 ue
786 1699 924 1752 alter
957 1701 1142 1754 Hamb.
1284 1702 1355 1755 82
1386 1701 1640 1770 vatisque
1673 1713 1848 1753 ruunt
1879 1701 2039 1755 idem.
2109 1701 2212 1757 sub
2246 1723 2356 1757 au-

96 1788 205 1823 ras
235 1774 415 1839 sprot.
449 1778 506 1821 et
540 1771 621 1822 Go
689 1805 703 1820 .
739 1787 866 1836 sec„
899 1781 956 1822 ut
988 1770 1133 1825 alibi.
1172 1772 1320 1841 (fort.
1352 1770 1515 1840 petit.
1552 1788 1617 1822 ex
1649 1771 1715 1836 11,
1753 1771 1873 1826 157.
1912 1770 2064 1842 Wr.)

97 1908 250 1974 443.
309 1907 452 1974 457.
500 1911 651 1989 Ipsa
703 1931 916 1970 canas.
1011 1911 1188 1972 Nunc
1267 1918 1563 1988 utuntur,
1624 1919 1697 1972 ut
1731 1911 1866 1974 ¹sola
1910 1930 2023 1992 per
2068 1930 2132 1972 se
2177 1914 2354 1991 actio,

92 1995 289 2076 igitur
331 2015 498 2054 more
541 2016 651 2055 suo
681 1996 890 2055 relicto
922 2017 1046 2057 non
1088 1999 1186 2058 so-
1252 1997 1540 2055 ‘seiuncta
1561 1996 1739 2076 plane
1771 1998 2059 2078 temporis
2088 1999 2353 2077 notione,

90 2082 196 2142 liis
222 2081 498 2141 inscribit
529 2081 708 2157 dicta,
760 2082 865 2141 sed
903 2102 1006 2142 ore
1031 2104 1184 2163 pro-
1272 2079 1647 2159 declaretur3
1689 2082 1854 2143 unde
1883 2084 1975 2161 fit,
2017 2091 2093 2142 ut
2122 2084 2171 2143 is
2201 2084 2353 2144 [nfi-

90 2169 241 2227 fert.
330 2167 484 2226 Tota
531 2167 605 2227 de
632 2167 857 2247 Sibylla
878 2168 1078 2228 sabula
1106 2170 1185 2230 ad
1264 2167 1494 2228 nitivus
1557 2167 1914 2247 plerumque
1991 2168 2354 2250 adiungatur

89 2252 509 2330 antiquissima
566 2254 826 2334 pertinet
882 2264 1185 2337 tempora;
1265 2252 1466 2314 verbis
1513 2253 1865 2313 relationem
1923 2255 2347 2315 actionis—*li-

89 2360 177 2398 ex
206 2337 415 2397 iisdem
442 2340 620 2397 etiam
654 2340 844 2419 petita
876 2359 999 2399 esse
1034 2352 1187 2421 puta
1271 2359 1454 2418 quam
1510 2337 1948 2418 indicantibus,
2031 2341 2206 2419 quale
2261 2351 2353 2402 est

88 2423 246 2484 folia
295 2423 613 2500 arborum,
660 2425 875 2502 quibus
900 2426 1006 2486 illo
1038 2446 1186 2488 aevo

86 2508 492 2587 scribebatur,
518 2509 792 2571 nondum
818 2511 932 2570 alia
948 2513 1191 2575 meliore

86 2595 357 2657 materia
402 2597 664 2657 inventa.
770 2595 1047 2678 (Athenis
1084 2600 1188 2664 ἐκ-

88 2683 522 2765 mettoeoque,
566 2681 1078 2767 ἐκφυλλοφορεῖν,
1124 2695 1186 2746 et

88 2769 409 2848 Syracusis
438 2764 791 2849 πεταλισμὸς
832 2768 1040 2846 docet,
1082 2771 1184 2830 fo-

85 2854 189 2914 liis
224 2853 538 2932 oleagineis
561 2875 702 2913 usos
738 2873 863 2914 esse
889 2855 1185 2934 antiquis-

86 2939 260 2999 simis
330 2941 699 3021 temporibus
769 2960 883 3020 pro
951 2940 1182 3003 charta.

88 3022 339 3106 Ruhk.)

176 3115 269 3176 77
297 3142 385 3156 -
413 3113 515 3175 80.
574 3110 802 3170 Ornate
843 3111 1074 3188 omnia3
1146 3132 1182 3172 a

86 3196 420 3259 domandis
453 3196 620 3275 equis
663 3196 956 3256 translata
994 3198 1182 3259 verba

86 3284 197 3366 (cs.
230 3303 292 3344 v.
324 3286 466 3359 100,
497 3278 645 3363 101)
671 3282 748 3342 ad
780 3292 1001 3360 vatem,
1028 3304 1181 3362 quae

81 3369 290 3431 nollet
318 3367 496 3428 deum
523 3367 802 3448 recipere,
846 3365 1180 3433 ἐνθουσιά-

82 3460 236 3532 ζειν,
285 3473 423 3513 cum
458 3453 665 3515 divina
696 3454 789 3514 vis
828 3455 1180 3515 crederetur

81 3559 319 3621 corpus
333 3540 603 3615 mortale,
617 3548 924 3618 tamquam
940 3541 1032 3599 sui
1052 3561 1178 3600 non

77 3646 321 3707 capax,
388 3625 650 3705 graviter
700 3644 941 3685 vexare.
1028 3624 1178 3685 bac-

76 3713 432 3790 chaturpro
452 3710 702 3791 simplici
729 3710 1030 3788 discurrit,
1051 3711 1174 3772 vid.

74 3818 226 3878 sup.
266 3796 369 3872 IV,
414 3801 561 3861 301.
619 3797 726 3874 (si
760 3799 989 3875 possit,
1048 3797 1177 3858 vid.

74 3885 158 3944 V.
178 3881 266 3945 Ἰ..
295 3882 374 3941 ad
405 3882 453 3957 I,
490 3882 636 3948 577.
678 3916 765 3929 —
807 3884 1175 3943 Excussisse.

73 3971 169 4029 Ut
214 3967 399 4028 semel
451 3967 527 4027 de
563 3966 682 4026 hoc
714 3967 1004 4029 infinitivi
1029 3969 1178 4028 Per—

72 4054 235 4115 secti
276 4073 424 4130 usu,
469 4052 635 4112 haud
677 4052 976 4133 frequenti
1016 4054 1179 4134 apud

71 4139 427 4219 Virgilium,
471 4139 682 4198 crebro
709 4139 870 4220 apud
898 4140 1179 4220 eleg‘acos

65 4234 319 4310 poetas,
348 4230 674 4303 exponam:
699 4225 917 4285 imitati
939 4237 1084 4287 sunt
1109 4245 1179 4285 ea

65 4314 144 4373 in
160 4330 235 4374 re
248 4320 464 4391 poetae
480 4310 671 4369 Latini
688 4311 1055 4373 Graecorum
1072 4332 1178 4373 ra-

64 4400 334 4475 tionem,
380 4397 485 4476 qui
508 4396 731 4457 Aoristi
765 4397 1071 4460 Infinitive
1089 4399 1177 4460 ita
1206 4479 1213 4487 ‘

184 4501 506 4579 Vmcu..
560 4500 774 4576 Tou.
809 4498 901 4575 II.

1271 2419 1554 2506 δύναμαι,
1583 2420 1899 2506 βούλομαι,
1937 2434 2012 2485 ut
2037 2446 2160 2487 non
2189 2426 2351 2487 idem

1272 2512 1383 2589 sit,
1431 2520 1641 2571 utrum
1673 2509 1835 2570 dicas
1866 2505 2166 2594 βούλομαι
2200 2517 2350 2596 χρῆ-

1275 2604 1453 2675 σθαι,
1513 2617 1591 2656 an
1639 2589 1940 2679 βούλομαι
1981 2591 2347 2678 χρήσασθαι.

1278 2680 1460 2765 Wr.)
1548 2684 1836 2760 Regum·
1869 2700 2058 2761 equus
2092 2703 2127 2741 a
2157 2684 2349 2762 magi-

1268 2775 1398 2827 stro
1416 2768 1767 2847 premendo,
1806 2766 1869 2827 h.
1886 2786 1937 2827 e.
1960 2782 2198 2846 pressus
2218 2770 2347 2828 sre-

1266 2852 1390 2932 nis,
1448 2870 1847 2931 compressus,
1891 2852 2203 2912 coercitus.
2271 2854 2344 2913 cs.

1264 2958 1396 3018 sup.
1426 2937 1475 3015 1,
1520 2942 1601 3001 68
1617 2958 1636 3013 5
1679 2956 1817 3017 ergo
1832 2938 2033 3017 fingit
2063 2958 2347 3016 premen-

1263 3023 1342 3082 do
1369 3043 1484 3103 pro
1524 3023 1759 3102 premit.
1845 3024 1951 3082 Est
1993 3022 2173 3082 etiam
2199 3023 2347 3085 bre-

1264 3108 1475 3169 vitatis
1500 3109 1630 3168 laus
1642 3108 1706 3167 in
1726 3121 1891 3168 tanto
1905 3111 2152 3187 magis.-
2182 3110 2345 3170 Sub-

1263 3195 1452 3255 iutell.
1511 3193 1617 3253 sed
1681 3204 1912 3272 quanto
1985 3194 2168 3274 magis
2240 3183 2344 3255 ind

1262 3279 1614 3357 bacchatur,
1673 3280 1945 3360 adeoque
1983 3280 2341 3361 reluctatur,

1262 3378 1428 3427 tanto
1457 3369 1662 3445 magis
1688 3375 1798 3427 etc.

1350 3456 1453 3518 81.
1487 3455 1588 3518 82.
1643 3452 1818 3512 Ostia
1844 3452 2058 3512 domus
2071 3496 2090 3527 ,
2141 3450 2345 3513 aditus

1262 3538 1339 3599 ad
1378 3537 1695 3598 interiores
1738 3555 2004 3597 recessus
2047 3538 2238 3597 anu-i:
2280 3558 2341 3598 v.

1260 3643 1391 3705 sup.
1424 3624 1509 3690 45
1540 3642 1626 3702 sq.
1674 3619 1806 3705 (sed
1835 3625 1962 3698 cfr„
2005 3642 2158 3702 quae
2185 3623 2343 3684 scri-

1257 3710 1349 3789 psi
1381 3710 1447 3768 in
1484 3709 1622 3769 Not.
1662 3708 1742 3768 ad
1774 3730 1861 3771 vs.
1902 3711 2005 3774 53.
2046 3707 2225 3790 Wr.)
2272 3727 2342 3768 ee

1260 3803 1469 3875 patere
1499 3795 1806 3871 dicuntur,
1842 3814 1913 3853 ac
1940 3794 1990 3853 si
2018 3794 2094 3855 de
2115 3796 2341 3875 templo

1262 3890 1568 3961 ageretur:
1626 3875 1882 3964 (quidni
1916 3879 2101 3960 igitur
2141 3881 2342 3941 clausa

1260 3968 1440 4028 fuisse
1455 3967 1555 4026 illa
1584 3967 1735 4026 ostia
1756 3965 2101 4048 putabimus
2115 3967 2148 4026 ’ἓ
2163 3968 2268 4027 W
2257 3964 2336 4047 r.)

1263 4054 1432 4114 cuius
1473 4054 1634 4113 sores
1679 4061 1888 4133 sponte
1932 4060 2140 4133 patere
2189 4070 2338 4110 nar-

1259 4149 1481 4201 rantur
1504 4139 1870 4200 adventsnte
1894 4137 2039 4197 deo:
2082 4145 2153 4196 ut
2174 4133 2340 4215 apud

1261 4226 1490 4286 Gallim.
1543 4225 1607 4284 in
1645 4224 1841 4305 Apoll.
1886 4227 1947 4299 3,
1989 4226 2050 4296 6,
2094 4225 2155 4285 7.
2210 4221 2340 4280 Pu-

1260 4311 1446 4371 tanda
1495 4320 1694 4371 autem
1758 4326 1922 4369 nunc
1969 4315 2057 4366 est
2111 4305 2336 4386 Sibylla

1259 4398 1513 4481 adytum
1543 4397 1828 4478 ingressa,
1873 4392 1986 4453 deo
2019 4390 2215 4474 plena,
2257 4411 2337 4453 ex
