2882 5028
507 351 738 425 ·240
1089 337 2017 414 EXCURSUS
2128 338 2330 411 XII

1082 606 2031 698 EXCURSUS
2151 606 2355 692 XII

1341 777 1594 845 Pius
1663 779 2088 845 Aeneas.

761 956 820 1029 Ι,
865 955 1010 1018 378.
1051 954 1201 1015 379.
1288 951 1437 1008 Sum
1473 954 1622 1029 pius
1663 950 1941 1025 Aeneas,
1988 960 2194 1026 raptos
2236 950 2345 1028 qui
2386 969 2462 1006 esc
2511 946 2663 1006 hoste
2697 948 2782 1004 Pe-

593 1054 763 1101 nates
813 1041 1019 1099 Classe
1060 1037 1210 1096 vello
1246 1057 1481 1094 mecum
1498 1080 1518 1112 ‚
1560 1036 1758 1116 sama
1814 1057 1996 1114 super
2046 1034 2290 1093 aethera
2344 1046 2536 1094 nome.
2626 1033 2782 1092 Notati

593 1127 660 1187 bi
705 1146 945 1200 versus,
1003 1122 1168 1202 quod
1216 1120 1446 1181 Aeneas
1507 1121 1734 1201 egregie
1782 1140 1844 1179 se
1892 1121 2088 1200 ipsum
2132 1120 2531 1180 commendat.
2629 1121 2781 1191 Recte,

596 1212 819 1273 nostris
859 1209 1126 1270 moribus
1174 1208 1222 1267 si
1261 1226 1392 1281 rem
1436 1208 1734 1285 aestimes3
1789 1227 1988 1283 secus,
2038 1206 2086 1265 si
2130 1205 2416 1284 heroicis;
2469 1215 2541 1266 ut
2579 1226 2647 1266 ex
2688 1213 2780 1265 toto

595 1299 861 1358 Homero
903 1294 1045 1354 satis
1074 1302 1326 1353 constat.
1427 1293 1717 1374 Exempla
1753 1293 2010 1352 aliorum
2047 1312 2105 1351 v.
2153 1312 2247 1371 ap.
2282 1293 2545 1352 Pierson.
2568 1292 2780 1351 Verisim

597 1406 657 1465 p.
711 1387 864 1450 206:
927 1379 1084 1440 adde
1128 1378 1447 1459 Spencium
1498 1376 1589 1460 (in
1644 1382 1843 1458 Essay
1890 1399 1968 1436 on
2014 1379 2240 1456 Pope's
2292 1380 2555 1458 Odyssey
2591 1379 2647 1438 P.
2676 1377 2709 1436 Ι.
2740 1396 2779 1455 p.

598 1466 730 1547 52).
826 1466 943 1527 Hic
998 1466 1126 1545 ipse
1176 1484 1388 1525 versus
1440 1484 1519 1524 ex
1567 1463 1833 1525 Homero
1886 1464 2284 1523 adumbratus
2329 1464 2545 1544 Odyss.
2610 1488 2655 1538 ι,
2712 1465 2779 1523 19-

598 1554 836 1634 Ulysses
885 1552 1050 1632 apud
1092 1550 1438 1610 Alcinoum:
1484 1544 1641 1631 Etp'
1677 1544 1963 1623 Ὀδυσεῦς
2000 1543 2407 1632 Λαερτιάδης,
2451 1546 2522 1623 ὃς
2554 1554 2684 1612 πᾶσι
2709 1540 2778 1607 δό-

601 1646 830 1703 ὲυισιν-
843 1631 1257 1720 Ἀνθρώποισι
1292 1636 1452 1718 μέλω
1499 1632 1701 1716 (came
1732 1648 1788 1695 et
1826 1636 2150 1711 horror-atus
2188 1657 2322 1694 sum
2353 1648 2600 1715 propter
2636 1653 2776 1711 saga-

549 1794 554 1799 ,
598 1728 840 1785 citatem
886 1724 1267 1782 consiliorum
1316 1726 1381 1781 in
1429 1743 1492 1780 m
1541 1720 1783 1803 bellica)
1835 1721 1942 1784 καί
1992 1743 2105 1802 μευ
2163 1720 2335 1794 κλέος
2390 1715 2645 1800 ου’ρανὸν
2683 1720 2776 1781 ἵκει-

580 1812 779 1891 sama
827 1830 1009 1887 super
1058 1808 1302 1866 aethera
1356 1820 1562 1880 notus,
1642 1826 1718 1867 ex
1769 1807 2039 1887 poeticae
2095 1807 2381 1866 orationis
2437 1807 2628 1887 genio,
2671 1801 2776 1864 nihss

600 1895 768 1955 aliud
810 1914 990 1973 quam
1030 1892 1411 1972 simpliciter,
1462 1893 1692 1952 celeber
1731 1902 1790 1951 et
1828 1892 2108 1972 inclytus.
2192 1893 2497 1972 Inclytum
2538 1902 2705 1951 autem
2731 1908 2777 1944 ac

600 1990 816 2041 notum
857 1999 918 2039 se
949 1978 1383 2038 calamitatibus
1409 1979 1533 2037 suis
1567 1978 1764 2038 dicere
1783 2022 1800 2053 ,
1841 1979 2039 2059 minus
2073 1977 2257 2038 habet
2295 1978 2623 2039 offensionis
2649 1975 2775 2039 etiam

601 2064 826 2128 nostris
878 2064 1180 2140 moribus3
1234 2074 1297 2123 et
1334 2063 1579 2144 pietatis
1621 2064 1846 2124 mentio
1894 2067 2050 2124 sacta
2096 2063 2415 2125 hominum
2468 2066 2670 2124 animos
2703 2061 2775 2118 be·

603 2151 852 2211 nevolos
892 2151 1005 2230 ipsi
1043 2150 1296 2209 reddere
1333 2159 1594 2229 poterat.
1681 2150 1905 2212 Verum
1950 2159 2013 2210 et
2048 2154 2211 2229 pius,
2255 2161 2330 2211 ut
2363 2153 2598 2212 omnino
2624 2151 2676 2209 in
2698 2147 2775 2205 Ae-

603 2236 811 2313 neide,
864 2245 1223 2316 perpetuum
1264 2245 1355 2295 est
1395 2236 1629 2295 Aeneae
1669 2237 2059 2316 attributum,
2104 2238 2302 2315 quod,
2348 2236 2651 2297 Homerico
2683 2252 2773 2291 mo-

601 2310 698 2398 re,
742 2322 986 2402 proprio
1028 2322 1255 2381 nomini
1296 2331 1601 2400 tamquam
1644 2323 1812 2381 aliud
1849 2324 2165 2404 proprium
2209 2324 2571 2402 adiungitur.
2643 2320 2717 2379 Sic
2740 2323 2774 2372 et

597 2421 780 2488 pater
817 2409 1086 2482 Aeneas,
1136 2407 1302 2486 quod
1341 2409 1680 2486 antiquiore
1713 2428 1987 2468 sermone
2027 2409 2275 2469 honoris
2309 2408 2653 2469 vocabulum
2683 2402 2775 2471 suit»

537 2512 541 2517 ·
605 2516 678 2554 ac
709 2492 1075 2555 reverentiae
1115 2493 1481 2573 amorisque,
1525 2493 1795 2575 inprimis
1823 2495 2059 2574 regibus
2088 2496 2422 2570 tributum.
2504 2496 2595 2555 Sic
2622 2491 2773 2569 Odys

605 2588 675 2656 θ’,
725 2579 845 2645 145
891 2580 1046 2654 ξεῖνε
1089 2573 1296 2660 πάτερ.
1383 2581 1534 2639 Cum
1573 2590 1775 2641 autem
1801 2585 2054 2660 pietatis
2099 2584 2270 2643 notio
2300 2591 2432 2642 tam
2467 2583 2579 2641 late
2605 2582 2771 2662 pateat:

606 2665 815 2745 quaeri
858 2673 1093 2744 potest,
1150 2686 1270 2744 quo
1328 2666 1572 2726 tandem
1620 2687 1798 2726 sensu
1838 2678 2018 2746 poeta
2070 2670 2269 2749 accipi
2314 2669 2591 2729 voluerit.
2678 2659 2773 2720 Fuit

605 2752 766 2812 enim
807 2749 1035 2810 Aeneas
1067 2754 1217 2829 pius
1241 2749 1319 2809 'in
1350 2765 1630 2830 palrem:
1677 2753 1840 2812 unde
1873 2752 2134 2830 111‚‘481
2183 2756 2259 2814 de
2294 2751 2578 2815 Anchise:
2616 2747 2774 2829 ofelit

605 2841 743 2924 pati
774 2841 1004 2915 pietate
1015 2861 1038 2910 ;
1085 2837 1201 2896 suit
1245 2841 1309 2895 in
1331 2838 1583 2913 filium,
1632 2840 1697 2896 in
1728 2842 2036 2916 patriam,
2085 2844 2153 2899 in
2197 2842 2357 2900 deo-5.
2462 2840 2669 2900 Scilicet
2697 2832 2774 2891 hoc

605 2925 819 2984 ultimo
875 2930 1149 3002 respectu
1201 2923 1397 2982 dictus
1447 2933 1538 2983 est
1585 2926 1732 3002 pius
1792 2944 1829 2982 a
1872 2935 2081 3005 poeta,
2141 2923 2473 3007 θεοσεβής,
2521 2921 2773 3002 religio&m

608 3010 840 3068 Docent
892 3008 1012 3068 hoc
1060 3008 1378 3085 adiuncta,
1435 3008 1503 3069 h.
1556 3009 1848 3087 l.'raplos
1884 3014 1994 3091 qui
2032 3033 2106 3069 ex
2146 3011 2309 3071 hoste
2355 3015 2602 3071 Penates
2641 3007 2771 3065 clam

608 3095 758 3152 veho
805 3114 1037 3152 mecum
1056 3137 1073 3168 ,
1121 3093 1245 3153 Lib.
1285 3095 1373 3169 11,
1421 3098 1563 3161 691.
1595 3097 1825 3173 Iupiter
1840 3139 1857 3170 ,
1911 3097 2160 3175 adspice
2200 3120 2308 3156 nos
2327 3141 2346 3173 ,
2396 3110 2454 3157 et
2468 3143 2485 3173 ,
2530 3099 2581 3155 si
2610 3094 2771 3172 pl'efflss

607 3199 917 3252 meremur,
968 3180 1081 3237 Da
1113 3178 1324 3237 demde
1352 3181 1673 3240 aaz-ilium.
1761 3181 2093 3258 Convenit,
2138 3183 2304 3261 quod
2337 3183 2403 3243 in
2448 3180 2772 3243 omnibus&

608 3264 723 3323 bus
765 3264 1010 3322 monitis
1053 3263 1304 3323 deorum
1344 3264 1749 3345 obtemperat;
1804 3276 1867 3325 et
1910 3268 2106 3346 primo
2148 3270 2315 3344 loco,
2377 3267 2521 3344 hoc,
2572 3260 2701 3346 quod
2732 3257 2771 3314 5¹¹

608 3348 874 3410 Homero
923 3348 992 3410 ΙΙ.
1044 3372 1111 3424 υ,
1160 3353 1304 3413 298.
1352 3354 1412 3413 9.
1460 3351 1526 3409 in
1576 3351 1855 3412 laudibus
1893 3354 2127 3413 Aeneae
2175 3375 2253 3414 ex
2293 3354 2554 3435 Neptuni
2587 3361 2772 3433 pei-⁸0¹¹!

610 3435 802 3515 pietas
845 3443 1242 3493 memoratur:
1297 3434 1694 3519 κεχαρισμένα
1738 3432 1804 3500 δ’
1843 3439 1963 3502 αἰεὶ
2005 3441 2180 3519 δῶρα
2223 3448 2424 3504 θεοῖσι
2469 3442 2680 3510 δίδωσι,
2713 3424 2772 3489 1⁰2

613 3514 885 3599 οὕρανόν
942 3514 1128 3599 εὐρῦν
1171 3519 1390 3599 ἔχουσι.
1502 3522 1652 3580 Cum
1708 3524 1931 3603 pietate
1967 3525 2196 3585 iustitia
2244 3525 2512 3605 iungitur
2551 3522 2646 3583 int.
2676 3511 2770 3584 544-

610 3606 757 3676 545.
843 3605 1028 3679 Quod
1067 3616 1268 3665 autem
1318 3607 1381 3666 in
1422 3607 1779 3684 Penatibus,
1826 3610 1901 3669 de
1942 3611 2161 3689 quibus
2212 3634 2271 3672 v.
2318 3613 2465 3675 Exc.
2507 3611 2587 3671 lx
2618 3604 2680 3665 nd
2706 3598 2768 3658 1¹1²

610 3692 697 3767 11,
742 3712 892 3770 quos
945 3711 1148 3751 secum
1187 3691 1556 3770 abduxerat,
1611 3693 1839 3754 Aeneas
1882 3697 2153 3777 inprimis
2200 3698 2513 3778 gloriatur,
2555 3693 2625 3754 ad
2656 3695 2769 3747 vett·

610 3797 740 3838 rem
779 3776 1124 3856 religionem
1165 3779 1444 3857 pertinet.
1545 3780 1828 3840 Nondum
1871 3782 2070 3842 excisa
2104 3784 2283 3864 plane
2326 3794 2386 3843 et
2430 3800 2620 3844 eversa
2654 3770 2769 3834 vid&

609 3863 793 3922 batur
838 3883 991 3943 resp.
1030 3864 1447 3943 superstitibus
1496 3865 1699 3925 adhuc
1747 3866 1861 3926 diis
1913 3869 2274 3930 tutelaribus
2319 3891 2423 3930 seu
2465 3865 2674 3950 patriis,
2704 3875 2770 3915 ω’

609 3967 864 4026 rumque
902 3949 1058 4008 vasis
1099 3958 1161 4008 et
1204 3952 1382 4009 sacris
1411 3952 1845 4012 instrumentis.
1932 3954 2056 4028 Qui
2093 3955 2157 4014 in
2196 3957 2485 4017 coloniam
2526 3947 2769 4012 mitteban-

610 4043 748 4109 tur,
791 4054 959 4092 sacra
998 4036 1394 4115 metropoleos
1428 4057 1569 4096 suae
1614 4057 1815 4097 secum
1842 4040 2254 4102 abducebant.
2340 4043 2401 4102 Si
2449 4059 2629 4110 sacra,
2665 4031 2710 4090 b·
2738 4043 2767 4080 ‘-

613 4118 696 4179 dii
741 4118 922 4199 patrii
969 4127 1026 4177 et
1064 4140 1272 4180 eorum
1322 4123 1630 4198 utensilia,
1680 4134 1877 4196 essent
1915 4146 2021 4185 seu
2073 4127 2135 4187 vi
2178 4149 2284 4188 seu
2324 4128 2528 4188 fraude
2574 4131 2624 4182 et
2660 4118 2768 4176 sum

609 4205 841 4282 ablata,
890 4204 1238 4284 gravissima
1294 4207 1595 4268 calamitas
1651 4228 1718 4268 ea
1769 4209 2120 4272 habebatur.
2233 4215 2315 4273 Ut
2368 4215 2506 4273 deos
2549 4207 2768 4269 elicerffl¹¹¹

608 4291 712 4371 qui
759 4291 969 4351 urbem
1019 4293 1479 4372 oppugnabant,
1522 4304 1629 4354 aut
1675 4304 1744 4355 ut
1789 4297 1930 4356 deos
1972 4299 2229 4359 vinculis
2267 4300 2546 4379 ligarent,
2590 4290 2673 4372 qui
2700 4282 2768 4342 ⁰¹³·

607 4376 840 4438 sidione
900 4377 1071 4457 gravi
1123 4379 1587 4459 premebantur,
1644 4380 1723 4440 ad
1779 4383 2029 4443 eandem
2097 4385 2439 4464 religionem
2496 4371 2767 4464 pertinel’¹¹⁴
