2882 5028
436 305 541 377 34
1023 299 1962 393 nlsoulslrlo
2065 302 2105 374 1

441 496 891 584 queruntur
941 487 1231 586 passim
1306 485 1541 562 multi
1559 492 1597 578 3'
1654 510 1806 561 nec
1856 487 2028 587 sine
2087 499 2376 587 poetae
2417 510 2703 585 repre—

440 588 831 663 hensione
859 615 1130 666 versus
1158 601 1620 665 memorant
1668 612 1759 665 ex
1799 592 2081 684 Aen.1‚
2131 600 2284 669 220
2312 615 2482 690 sqq.
2508 595 2702 689 sor-—

440 707 723 791 temque
768 697 1016 793 Gyam
1060 699 1495 793 sortemque
1543 700 2026 782 Cloanthum3
2090 694 2363 794 inique
2410 692 2701 770 admo—

439 795 639 871 dum
697 808 777 870 et
813 811 903 873 ut
944 797 1092 873 sibi
1138 798 1323 897 ipsi,
1391 795 1587 897 quid
1633 795 1917 892 velint,
1985 822 2273 897 parum
2327 808 2697 871 constare

326 976 331 983 ,
436 898 871 979 videantur.
975 905 1181 977 Nam
1212 901 1437 976 locus
1479 899 1809 1000 quidem
1844 899 2206 976 laudatus
2251 899 2516 975 nullos
2541 899 2697 976 he-

437 1027 621 1078 roes
677 1006 988 1099 recitat,
1060 1027 1412 1105 quorum
1468 1027 1861 1104 personae
1909 1006 2074 1079 vim
2139 1003 2479 1104 aliquam
2546 1002 2696 1078 ha-

436 1106 633 1182 bere
687 1105 1037 1183 debeant
1076 1109 1419 1207 epicam3
1491 1130 1658 1182 non
1707 1109 1954 1204 magis
1996 1132 2239 1209 quam
2270 1113 2501 1183 Asius
2534 1112 2697 1182 Im-

435 1216 780 1287 brasides
832 1218 1455 1310 Hicetaoniusque
1495 1217 1927 1309 Thymoetes
1975 1218 2488 1310 Assaracique
2538 1218 2696 1286 duo

437 1327 584 1391 etc.
622 1319 715 1405 X,
775 1324 922 1393 123
973 1327 1052 1389 et
1096 1316 1208 1390 sic
1243 1313 1412 1406 alii3
1483 1313 1628 1390 sed
1670 1315 2003 1390 veniunt
2036 1314 2145 1390 illi
2181 1316 2325 1390 viri
2376 1316 2456 1389 in
2498 1338 2695 1389 cen-

361 1496 367 1505 ,
432 1443 615 1493 sum
663 1431 743 1493 et
789 1417 1107 1494 turbam
1171 1442 1498 1513 eorum,
1572 1419 1707 1518 qui
1766 1429 2078 1493 tantum
2135 1418 2470 1493 nomine
2517 1416 2693 1492 lau-

358 1530 393 1611 15„
437 1519 678 1595 dandi
737 1535 817 1596 et
880 1521 1236 1621 epitheto
1303 1521 1697 1597 suavitatis
1743 1545 2011 1597 caussa
2078 1521 2419 1597 ornandi
2465 1533 2691 1598 sunt·

389 1702 405 1715 ,
433 1622 706 1725 quales
746 1624 960 1725 apud
992 1628 1443 1757 Homerum
1482 1625 1883 1701 innumeri
1916 1623 2028 1700 illi
2069 1636 2513 1725 pugnantes
2555 1623 2687 1699 vel

435 1728 637 1804 caesi
685 1733 973 1820 ἐσθλοὶ,
1038 1731 1450 1828 ἀμύμονες,
1519 1735 1905 1831 apat-spei,
1980 1734 2368 1832 αἰχμηταὶ,
2438 1741 2519 1803 et
2573 1728 2689 1801 sic

430 1855 699 1930 porro.
801 1835 1188 1907 Excusant
1226 1831 1627 1911 Voltarius
1686 1844 1767 1907 et
1821 1830 2278 1908 Addisonus
2332 1844 2688 1931 poetam,

431 1934 574 2009 sed
624 1947 786 2009 tam
839 1948 1153 2032 argute,
1214 1948 1305 2012 ut
1345 1958 1859 2010 summorum
1900 1936 2256 2010 virorum
2297 1932 2688 2009 subtilita—

428 2051 600 2114 tem
653 2040 1000 2115 mireris:
1093 2038 1329 2130 alter,
1396 2063 1582 2114 cum
1639 2043 2080 2136 HomeruS,
2143 2039 2439 2137 inquit,
2513 2061 2687 2112 ces-

429 2154 738 2216 santem
786 2167 827 2215 a
871 2165 1135 2242 pugna
1180 2140 1576 2218 Achillem
1628 2140 2072 2237 exhiberet,
2144 2141 2335 2216 alios
2381 2143 2685 2216 interea

428 2243 661 2320 fortia
745 2243 950 2320 facta
1026 2245 1359 2321 edentes
1424 2245 1799 2321 exhibere
1877 2245 2205 2340 debuit,
2306 2244 2528 2345 quod
2596 2244 2681 2318 in

425 2347 837 2424 Aeneide
833 2373 1061 2430 secus
1097 2351 1232 2441 sit·
1289 2349 1489 2425 alter
1517 2349 1620 2425 ad
1663 2347 1967 2446 Virgilii
1998 2347 2472 2446 elegantiam
2520 2346 2689 2421 hoc

425 2449 715 2546 refert,
770 2453 1030 2554 quod,
1084 2476 1271 2529 cum
1315 2459 1761 2550 Augustum
1811 2451 2050 2528 vellet
2093 2452 2686 2546 adumbratum,

425 2556 839 2632 neminem
893 2558 966 2633 ei
1015 2548 1304 2632 virtute
1351 2581 1630 2656 parem
1686 2556 2142 2635 adiunxerit„
2242 2558 2683 2632 Enimvero

428 2684 611 2735 cum
644 2660 1084 2758 argumenti
1117 2659 1429 2734 indoles
1471 2671 1551 2734 et
1586 2673 1862 2735 natura
1911 2661 2153 2734 totius
2195 2660 2684 2734 tractationis
2755 2671 2770 2678 ‘

423 2788 797 2840 mensura
843 2778 926 2839 et
969 2762 1243 2861 regula
1281 2764 1424 2860 sit,
1489 2762 1761 2863 plures
1816 2763 2097 2863 utique
2142 2761 2540 2838 factorum
2597 2776 2685 2837 et

423 2890 697 2942 rerum
750 2881 1148 2966 gestarum
1194 2867 1387 2942 socii
1429 2880 1513 2942 et
1556 2868 1973 2966 participes
2017 2890 2187 2941 esse
2237 2879 2684 2968 nequeunt,

426 2995 669 3071 quam
699 2996 906 3072 quos
939 2996 1067 3045 res
1100 2972 1264 3070 ipsa
1304 2970 1670 3070 postulat.
1753 2969 1995 3066 Quod
2036 2971 2100 3043 si
2139 2968 2343 3046 adeo
2378 2993 2684 3070 paucos

425 3073 651 3161 alios,
720 3099 857 3174 qu1
901 3076 1191 3150 virtute
1246 3074 1690 3171 emineant,
1762 3076 1843 3149 in
1902 3098 2224 3149 carmen
2275 3098 2510 3148 suum
2552 3073 2682 3147 in·-

424 3175 640 3257 duxit
670 3191 946 3277 poeta,
1000 3179 1446 3274 argumenti
1475 3177 1920 3254 necessitati
1970 3176 2054 3252 id
2088 3177 2678 3270 condonemus,

423 3280 1154 3402 concedamusque‚
1225 3279 1606 3356 hactenus
1658 3282 2172 3357 Homericam
2229 3281 2541 3381 copiam
2594 3295 2685 3357 et

419 3385 880 3460 varietatem
909 3408 1400 3505 morumque
1431 3385 1967 3460 diversitatem
1995 3384 2178 3485 plus
2209 3384 2682 3476 delectatio-

423 3488 546 3562 nis
591 3485 928 3580 afferre3
996 3501 1072 3564 at
1112 3489 1583 3611 sapientiam
1636 3489 1778 3565 viri
1825 3488 2220 3564 miremur
2260 3488 2611 3564 saltem
2589 3514 2676 3563 m

419 3590 618 3687 hoc,
688 3592 910 3693 quod
958 3605 1180 3668 tanto
1227 3594 1475 3690 magis
1519 3593 1728 3669 inter
1783 3616 2070 3669 omnes
2110 3617 2319 3668 unus
2362 3597 2680 3668 Aeneas

421 3694 742 3792 insignis
801 3696 1092 3772 virtute
1150 3698 1490 3794 eminet,
1572 3722 1725 3772 nec
1775 3698 1944 3773 eius
1996 3695 2407 3797 splendori
2456 3696 2678 3797 quis-

423 3823 664 3899 quam
710 3798 926 3896 alim,
978 3800 1127 3875 nisi
1172 3805 1492 3876 Turnus
1522 3797 1758 3898 forte,
1814 3797 2177 3895 officit*).
2286 3804 2509 3895 Quae
2541 3825 2678 3875 res

418 3914 642 3978 tanto
695 3899 1106 3979 difficilior
1174 3917 1372 3997 erat,
1444 3929 1627 3979 cum
1674 3905 1737 3982 is
1799 3899 1951 3980 ne'c
2001 3903 2354 3980 Achillea
2411 3902 2678 4004 aliqua

421 4006 780 4106 corporis
822 4007 1229 4108 animique
1255 4009 1546 4084 virtute
1585 4031 1870 4084 omnes
1897 4006 2279 4084 mortales
2321 4008 2678 4084 antecel-

417 4108 563 4208 lat,
618 4133 806 4208 nec,
857 4133 1246 4213 quorsum
1289 4111 1658 4189 immanis
1710 4110 2023 4191 efferati
2060 4112 2302 4191 animi
2358 4113 2680 4190 iracun-

590 4342 646 4417 ·)
687 4337 824 4401 via.
851 4337 934 4399 ιιι
958 4338 1061 4401 ιη».
1096 4338 1200 4400 vn
1228 4356 1495 4420 prooem.
