2882 5028
734 321 922 392 AD
1028 319 1882 413 LIBRUM-11
2283 326 2432 400 409

168 509 285 569 bet.
376 508 723 569 Nobiliores
768 518 914 569 sunt
948 527 1240 587 gemmae3
1302 508 1481 584 aliae,
1526 529 1678 586 quae
1716 517 1907 569 totam
1947 509 2207 571 fabulam
2225 556 2243 585 ‚
2287 513 2434 573 Dio·-

165 594 401 667 medem
443 603 506 652 et
532 595 809 674 Ulyssem
853 604 991 654 ante
1030 596 1239 674 templi
1288 597 1447 654 sores
1479 595 1637 655 inter
1685 616 1747 654 se
1785 597 2143 656 altercantes
2193 597 2267 656 de
2297 599 2458 664 Pa1-'
2487 609 2495 622 '

166 680 360 756 ladio,
405 680 576 758 quod
629 681 745 739 iste
789 701 975 740 manu
1016 689 1208 755 tenet,
1266 678 1585 740 exhibent:
1643 682 1707 740 in
1758 701 1880 760 quo
1911 702 2124 761 genere
2158 683 2436 764 princeps
2487 694 2493 700 ‘

166 777 259 826 est
296 766 631 845 Sardonyx
673 787 840 826 nunc
892 766 955 825 in
1001 765 1454 846 Dactyliotheca
1497 766 1676 826 Ducis
1719 766 2168 828 Marlburiensis
2221 789 2434 829 serva-

166 862 299 927 tus,
361 853 565 912 verbis
618 853 973 932 insculptis:
1052 857 1487 930 Καλπουρνιου
1545 858 1825 933 Σευηρου
1868 863 1931 913 et
1964 855 2028 913 in
2077 874 2182 913 ara
2207 856 2435 935 Φηλιξ

164 959 395 1000 mom:
456 936 823 1018 (delineatus
865 938 967 996 ille
1014 939 1080 997 in
1141 938 1621 1019 splendidissimo
1660 958 1868 1037 opere:
1926 942 2218 999 Gemmas
2263 944 2431 1000 anti-

166 1046 327 1102 quae
355 1026 565 1082 Ducis
594 1024 1052 1085 Matibutiemis
1097 1027 1205 1083 To.
1238 1023 1429 1084 Jtah.
1451 1028 1555 1089 39.
1584 1025 1809 1085 maiore
1835 1045 1974 1084 cum
2000 1025 2123 1085 fide
2151 1046 2329 1104 quam
2368 1027 2433 1085 in

165 1108 528 1169 Stoschiano
570 1129 751 1189 opere
806 1111 1201 1172 Gemmarum
1242 1107 1620 1172 eaelatcimm
1657 1111 1781 1170 tab.
1826 1112 1909 1176 35
1943 1121 2051 1172 aut
2091 1132 2129 1170 a
2166 1114 2428 1171 Broc-cio
2531 1159 2542 1170 ,

166 1195 289 1254 tab.
337 1195 471 1277 75).
562 1196 781 1255 Similis
839 1195 954 1255 alia
994 1205 1087 1255 est
1141 1196 1203 1255 in
1265 1200 1489 1256 immeo
1543 1198 1799 1257 Florent.
1849 1197 1924 1273 II,
1967 1202 2072 1273 28,
2125 1203 2181 1260 1.
2267 1197 2435 1257 Aliae

167 1300 434 1359 gemmae
485 1281 672 1342 modo
714 1282 1056 1342 Diomedem
1107 1282 1335 1356 solum,
1388 1281 1573 1341 modo
1627 1283 1897 1361 Ulyssem
1943 1282 2265 1358 exhibent,
2322 1303 2431 1343 eo-
2501 1281 2504 1286 ’

170 1365 305 1426 dem
339 1377 552 1427 tamen
594 1366 810 1428 babitu
849 1388 920 1426 ac
952 1377 1122 1447 gestu
1140 1413 1159 1444 ,
1215 1388 1283 1426 ac
1320 1370 1370 1426 si
1410 1368 1563 1426 alter
1592 1368 1887 1443 adstaret,
1946 1390 2083 1428 cum
2117 1389 2239 1447 quo
2279 1389 2432 1428 con-

179 1454 363 1512 tentio
414 1462 526 1513 est.
615 1453 963 1513 Diomedem
1018 1455 1214 1513 solum
1257 1453 1592 1520 Palladium
1639 1475 1821 1513 manu
1879 1464 2182 1514 tenentem
2239 1463 2303 1512 et
2354 1455 2430 1514 de
2507 1461 2514 1472 ‘

183 1558 271 1598 nra
316 1539 699 1599 desilientem
754 1539 1027 1599 reddunt
1072 1560 1334 1619 gemmae
1383 1540 1652 1600 omnium
1699 1541 2128 1616 nobilissimae,
2181 1540 2432 1600 Diosco-

176 1625 313 1684 n'dis
363 1625 594 1702 altera,
638 1626 829 1685 altera
871 1627 1107 1685 Solonis
1145 1627 1386 1686 nomine
1426 1626 1769 1704 insignitae:
1828 1627 1982 1684 illa
1965 1648 2029 1686 ιιι
2066 1644 2209 1706 gaza
2253 1626 2432 1685 Ducis

172 1711 593 1789 Devoniensis,
654 1710 806 1771 haec
853 1713 919 1771 in
966 1710 1147 1773 domo
1201 1706 1611 1772 Strozziorum
1664 1722 1985 1772 asservata.
2085 1715 2431 1773 Successere

170 1798 475 1857 artificum
529 1798 961 1858 aemulantium
1009 1802 1365 1873 certamina,
1445 1797 1721 1877 inprimis
1775 1799 1836 1857 in
1885 1798 2198 1873 Diomede,
2259 1797 2431 1857 cuius

168 1885 397 1962 generis
452 1884 686 1943 multae
730 1894 874 1944 sunt
920 1904 1183 1962 gemmae
1233 1903 1500 1943 summae
1551 1884 1726 1961 artis3
1800 1894 1943 1943 sunt
1985 1885 2136 1943 aliae
2170 1881 2245 1942 ab
2285 1883 2428 1942 imi-

170 1970 378 2029 tatrice
430 1990 661 2045 manu,
738 1972 922 2029 etiam
959 1991 993 2028 a
1033 1972 1317 2050 Lipperto
1369 1980 1432 2028 et
1473 1970 1677 2030 Tassio
1728 1987 2070 2049 expressae,
2139 1988 2287 2049 quas
2328 1969 2430 2029 hic

170 2075 648 2115 commemorare
690 2076 927 2115 necesse
970 2077 1094 2115 non
1140 2065 1248 2115 est.
1332 2054 1634 2134 Agebatur
1676 2076 1713 2113 a
1756 2076 1851 2114 me
1900 2065 2133 2116 tantum
2181 2055 2317 2129 hoc,
2359 2064 2432 2115 ut
2517 2055 2522 2062 ’

168 2142 545 2202 nobilitatem
606 2150 669 2200 et
733 2143 1141 2202 celebritatem
1197 2141 1434 2201 fabulae
1503 2141 1886 2202 declararem.
1983 2143 2184 2202 Unum
2237 2141 2429 2201 attin-

166 2248 327 2307 gam:
380 2228 833 2288 Commemorat
889 2238 1097 2287 noster
1136 2249 1344 2287 caesos
1391 2227 1663 2286 custodes
1704 2229 1863 2286 amis
1883 2253 1900 2287 .·
1961 2228 2183 2288 visitur
2227 2236 2430 2288 autem

168 2314 232 2373 in
269 2333 501 2392 gemma
545 2313 916 2374 Dioscuridis
958 2314 1201 2392 aliisque
1246 2322 1620 2392 prostratum
1660 2313 1723 2372 in
1767 2323 1934 2373 terra
1976 2323 2038 2373 et
2070 2312 2430 2374 obvolutum

171 2420 382 2481 corpus
427 2397 524 2482 (in
564 2420 695 2460 una
739 2420 969 2479 gemma
994 2400 1185 2460 Musei
1227 2400 1275 2458 F
1276 2400 1496 2460 lorent.
1539 2399 1775 2459 nudum
1819 2398 2234 2480 conspicitur).
2320 2400 2431 2459 Al-

180 2485 444 2547 cathoum
487 2505 620 2546 esse
667 2486 976 2566 probabile
1017 2486 1119 2563 fit,
1175 2505 1353 2565 quem
1396 2506 1633 2548 caesum
1676 2485 1805 2546 edit
1847 2486 2116 2561 Quintus
2159 2487 2239 2565 X,
2284 2485 2428 2553 352.

178 2573 346 2634 Porro
389 2576 463 2633 in
509 2573 829 2632 columella
869 2573 1071 2632 adstat
1100 2573 1334 2651 signum
1377 2572 1583 2652 paullo
1622 2572 1966 2632 obscuriore
1992 2573 2205 2652 specie,
2247 2573 2430 2652 vulgo

180 2678 273 2739 1⁸⁰
321 2661 611 2721 Minerva
664 2658 974 2734 habitum,
1031 2660 1213 2718 etiam
1271 2679 1305 2716 a
1363 2658 1896 2734 Winckelmanno;
1955 2678 2123 2717 nunc
2175 2659 2431 2718 aliarum

182 2765 533 2823 gemmarum
584 2745 1037 2825 comparatione
1076 2744 1454 2805 intellectum
1502 2752 1624 2819 est,
1691 2743 1987 2823 Apollinis
2047 2744 2113 2803 id
2154 2763 2279 2802 esse
2320 2766 2432 2806 πο-

182 2826 418 2910 λιούχου
472 2852 580 2892 seu
648 2826 936 2916 πατρῴου
993 2832 1412 2891 Troianorum.
1513 2824 1787 2913 (Prodiit
1840 2830 2072 2888 interea
2127 2830 2433 2909 superiore

182 2936 338 2975 anno
378 2917 608 2997 elegans
653 2917 930 2977 collectio
982 2925 1371 2997 ectyporum,
1417 2935 1553 2975 aere
1597 2934 2019 2995 expressorum
2034 2959 2052 2991 ,
2113 2934 2145 2973 e
2186 2915 2433 2994 gemmis

173 3002 495 3066 Palladium
535 3014 792 3085 raptum
836 3003 1312 3084 exprimentibus
1354 3022 1491 3062 cum
1522 3010 1844 3063 comment.
1880 3001 2052 3062 Com·-
2090 2999 2429 3083 Levezous.)

1118 3237 1532 3246 ,ἡὴ-...-

666 3402 1958 3516 EXGURSUSV

940 3597 1068 3665 De
1155 3597 1666 3664 Laocoonte.
1723 3658 1724 3663 ,

320 3771 400 3848 11,
456 3774 603 3836 199.
646 3772 778 3829 Hic
818 3770 997 3830 aliud
1036 3773 1238 3829 maius
1280 3773 1511 3828 miseris
1552 3772 1856 3851 multoque
1900 3772 2265 3831 &emendum
2303 3771 2433 3831 Ob-

140 3861 359 3915 iit-itur
417 3859 631 3935 magis
690 3871 874 3937 atque
931 3856 1273 3934 improvida
1328 3869 1577 3933 pectora
1620 3856 1820 3915 turbat
1836 3882 1855 3914 .·
1921 3860 2228 3920 Laocoon.
2318 3859 2432 3916 Se-

144 3945 370 4022 quitur
417 3943 589 4021 apud
641 3952 889 4023 poetam
943 3942 1111 4001 locus
1165 3942 1263 4003 vel
1309 3940 1554 4020 nuperis
1614 3942 1884 4003 virorum
1940 3943 2261 4004 doctorum
2307 3943 2435 4003 dis-

143 4029 583 4107 putationibus
623 4028 1057 4103 nobilissimus,
1097 4036 1157 4086 et
1200 4047 1234 4085 a
1277 4027 1523 4107 Virgilio
1568 4048 1803 4088 summa
1851 4050 1990 4088 cum
2040 4039 2169 4091 arte
2195 4039 2435 4090 tracta-

144 4124 280 4191 tus;
346 4135 528 4196 super
585 4136 710 4195 quo
767 4126 831 4175 et
890 4115 1061 4174 nobis
1116 4114 1296 4174 liceat
1339 4115 1561 4194 partim
1608 4114 1683 4175 de
1725 4125 1931 4197 poetae
1975 4116 2270 4191 inventis,
2329 4124 2437 4175 aut

148 4202 316 4261 unde
360 4203 464 4262 ille
507 4202 927 4263 narrationem
982 4201 1226 4277 eiusque
1286 4212 1641 4261 ornamenta
1699 4202 2031 4284 acceperit,
2088 4202 2314 4283 partim
2358 4201 2435 4260 de

150 4286 446 4350 Vaticano
517 4291 732 4350 similis
790 4287 1127 4367 argumenti
1195 4287 1359 4366 signo
1420 4308 1743 4366 quaerere,
1775 4310 1948 4351 ,num
1999 4290 2053 4349 ei
2109 4288 2432 4366 quicquam

155 4392 287 4435 cum
332 4387 515 4457 poeta
561 4394 894 4438 commune
938 4374 1034 4433 sit.
1137 4374 1255 4433 Sed
1316 4373 1394 4434 ad
1436 4384 1762 4455 utramque
1822 4376 2229 4456 quaestionem
2290 4372 2433 4431 satis
