2882 5028
796 365 982 441 AD
1084 363 1884 444 LIBRUMV
2312 369 2461 455 3345

195 556 367 615 ierat
410 573 549 612 cum
590 550 861 632 Aegesto.
937 573 996 612 v.
1041 552 1285 632 Dionys.
1328 552 1375 629 1,
1432 551 1516 616 52
1562 561 1623 611 et
1665 573 1793 632 sup.
1840 553 1982 612 Exc.
2028 552 2051 611 1
2112 552 2189 612 ad
2231 551 2293 613 h.
2337 553 2460 630 lib„

203 640 323 700 etsi
380 639 480 698 alii
535 639 699 718 apud
742 638 1019 698 Strabon.
1063 639 1239 713 XIII,
1296 659 1356 717 p.
1401 641 1527 702 608
1563 639 1628 696 Β.
1674 657 1810 697 eum
1855 638 2084 697 Aeneae
2143 640 2461 699 comitibus

202 725 677 804 adscripserunt.
782 724 1005 783 Verum
1058 727 1238 784 etiam
1280 724 1641 803 Lycophron
1701 744 1758 783 v.
1816 727 1942 791 965
1997 722 2289 783 Anchisae
2343 746 2462 784 no-

201 811 388 871 thum
448 830 586 869 eum
639 808 941 890 perhibet,
998 818 1058 868 et
1116 809 1190 869 ab
1233 809 1482 888 Aegesto
1550 808 1613 867 in
1657 808 1915 868 Siciliam
1971 809 2321 869 adductum.
2386 812 2459 870 cf.

200 898 290 957 ib.
349 894 547 955 Schol.
603 903 664 954 et
722 898 891 955 Serv.
934 893 1014 953 ad
1057 894 1127 971 V,
1191 899 1294 959 73.
1381 894 1587 972 Itaque
1631 894 1910 972 Virgilius
1964 894 2139 954 docte
2183 896 2461 975 Elymum

204 985 460 1042 Acestae
504 980 782 1040 comitem
823 980 1104 1040 adiunxit
1144 1001 1204 1041 v.
1249 983 1333 1047 73
1388 989 1450 1039 et
1491 980 1597 1039 ins.
1642 981 1789 1045 300.
1833 983 1975 1047 301.
2047 981 2200 1041 cons.
2249 982 2461 1041 silium

205 1067 375 1142 XIV,
419 1065 520 1131 45.
565 1066 667 1130 46.

381 1151 477 1210 Ab
519 1150 638 1210 hoc
679 1151 892 1230 Elymo
935 1150 1227 1230 populum
1274 1149 1514 1229 Elymos
1555 1148 1618 1207 in
1662 1149 1869 1209 iisdem
1914 1150 2072 1210 circa
2114 1151 2364 1230 Erycem
2398 1159 2461 1211 et

204 1242 511 1316 Segestam
553 1237 699 1297 locis
726 1236 1001 1315 Thucyd.
1027 1235 1123 1310 VI,
1168 1239 1210 1298 2
1254 1245 1316 1293 et
1360 1235 1597 1313 Dionys.
1647 1236 1690 1309 1,
1737 1238 1818 1300 53
1863 1235 2114 1294 ductum
2158 1255 2281 1295 esse
2323 1246 2458 1295 tra-

205 1325 523 1383 diderunt.
607 1321 977 1400 Antiquioris
1019 1330 1221 1380 tamen
1265 1320 1350 1378 illi
1395 1321 1572 1379 fuisse
1610 1320 1849 1398 originis
1889 1321 2206 1397 videntur,
2245 1330 2320 1381 ut
2360 1321 2458 1381 vel

202 1410 344 1468 loca
391 1408 610 1466 docent
659 1428 692 1466 a
740 1405 1042 1466 Bocbarto
1085 1408 1227 1465 Can.
1273 1407 1316 1482 1,
1360 1409 1464 1481 30,
1507 1427 1565 1486 p.
1616 1406 1740 1471 569
1785 1426 1912 1484 sqq.
1956 1416 2248 1484 congesta.

386 1493 664 1553 Ceterum
710 1492 987 1572 Virgilius
1030 1492 1207 1552 etiam
1262 1492 1322 1551 in
1366 1490 1487 1551 hoc
1526 1490 1685 1550 libro
1730 1492 1972 1551 nomina
2017 1492 2288 1551 virorum
2331 1511 2457 1552 non

207 1578 593 1658 indiligenter
649 1579 866 1658 partim
926 1597 1002 1636 ex
1058 1577 1320 1640 Homero
1376 1576 1722 1651 transtulit,
1780 1578 2000 1657 partim
2059 1596 2135 1635 ex
2175 1575 2456 1637 historiis.

206 1665 306 1723 lta
349 1685 407 1725 v.
452 1668 577 1729 298
620 1666 826 1723 Salius
871 1672 930 1722 et
972 1666 1202 1741 Patron
1244 1683 1425 1722 cursu
1469 1670 1718 1721 certant.
1805 1662 1998 1721 Salius
2040 1671 2239 1722 autem
2274 1660 2459 1723 Arcas

208 1770 355 1809 cum
396 1749 597 1809 Aenea
652 1750 717 1809 in
771 1749 1001 1810 Italiam
1060 1749 1289 1808 venisse
1334 1747 1650 1807 Polemone
1707 1757 1948 1806 auctore
2004 1747 2167 1828 apud
2212 1749 2456 1808 Festum

206 1834 277 1893 in
321 1836 524 1893 Salios
568 1835 847 1894 traditur.
935 1835 1156 1893 Patron
1198 1832 1462 1893 Thurius
1516 1834 1579 1891 in
1617 1832 1917 1892 Aluntinis
1970 1834 2122 1912 agris
2166 1834 2453 1898 consedit.

206 1940 273 1980 v.
322 1920 563 1998 Dionys.
610 1921 652 1996 I,
712 1919 813 1984 51.
903 1921 1164 1996 Euryali
1220 1916 1304 2000 (v.
1349 1917 1475 1985 294
1533 1927 1594 1977 et
1639 1917 1738 2000 al.)
1795 1938 2014 1978 nomen
2074 1938 2150 1976 ex
2192 1919 2455 1979 Homero

205 2005 353 2064 satis
395 2014 627 2080 notum,
670 2006 829 2065 inter
872 2005 1096 2085 pugiles
1137 2006 1199 2064 in
1242 2003 1399 2064 ludis
1427 2004 1777 2064 funebribus
1816 2005 2218 2081 Patrocliffiut
2255 2014 2456 2064 autem

203 2092 267 2150 ei
310 2090 736 2170 pulcritudinis
783 2089 1024 2149 laudem
1068 2090 1453 2165 attribueret,
1499 2090 1765 2170 suspicor
1811 2091 2048 2169 Virgilio
2091 2090 2154 2148 in
2195 2101 2457 2150 mentem

202 2176 444 2236 venisse
484 2195 561 2234 ex
602 2196 705 2252 eo,
750 2176 915 2254 quod
951 2176 1117 2255 Ibyci
1162 2176 1443 2253 carmine,
1465 2174 1605 2235 olim
1633 2176 1751 2236 fuit
1785 2175 2307 2235 celebratissimum
2341 2198 2455 2237 no-

200 2281 350 2322 men
393 2261 668 2340 Euryali,
723 2262 899 2342 pueri
939 2261 1222 2337 formosi,
1280 2269 1353 2320 ut
1395 2279 1476 2319 ex
1517 2262 1862 2342 Iragmentis
1902 2261 2253 2341 intelligitur
2294 2262 2457 2342 apud

202 2346 432 2408 Athen.
470 2348 628 2422 XIII,
673 2367 731 2426 p.
777 2345 902 2411 564
929 2346 995 2405 F.

385 2434 689 2491 Eruellum
731 2441 932 2491 autem
988 2452 1048 2493 v.
1094 2432 1220 2493 887
1262 2448 1389 2507 sqq.
1432 2429 1591 2490 inter
1643 2429 1856 2491 heroes
1901 2432 2128 2492 Siciliae
2180 2433 2455 2495 habitum

202 2518 417 2594 fuisse,
474 2520 571 2579 vel
618 2537 696 2577 ex
735 2518 904 2578 urbis
959 2514 1223 2577 Entellae
1265 2516 1506 2575 nomine
1549 2517 1858 2578 coniectes.
1922 2519 2071 2577 Nam
2130 2542 2258 2580 mos
2310 2541 2455 2600 per-

202 2613 432 2685 petuas
474 2604 847 2682 antiquitatis
882 2612 1001 2676 est,
1046 2622 1124 2661 ex
1165 2601 1407 2661 urbium
1443 2602 1789 2662 nominibus
1836 2603 2176 2664 conditores
2217 2606 2454 2685 fingere.

203 2689 455 2749 Servius
507 2689 586 2749 ad
628 2689 698 2764 V,
744 2692 899 2753 389:
945 2689 1103 2746 Sane
1145 2689 1487 2762 sciendum,
1533 2688 1694 2746 hunc
1737 2688 2089 2771 (Entellum)
2133 2693 2456 2751 secundum

202 2777 535 2853 Hyginum
554 2819 572 2851 ,
624 2775 730 2855 qui
769 2773 844 2832 de
883 2773 1144 2832 Familiis
1186 2772 1458 2832 Troianis
1504 2777 1743 2851 scripsit
1761 2819 1777 2849 ,
1826 2795 2014 2833 unum
2067 2778 2456 2835 Troianorum

185 2860 434 2941 fuisse,
489 2862 563 2918 de
619 2881 736 2940 quo
789 2860 1092 2936 Virgilius
1146 2870 1341 2916 mutat
1381 2857 1714 2918 historiam.
1805 2859 1857 2918 A
1915 2859 2112 2920 Schol.
2158 2862 2454 2943 Lycopltr.

203 2945 289 3004 ad
333 2964 391 3008 v.
441 2946 565 3010 958
608 2944 757 3004 urbs
798 2944 1029 3003 Entella
1080 2944 1242 3002 inter
1282 2944 1463 3002 urbes
1509 2944 1583 3002 ab
1628 2943 1876 3024 Aegesto
1913 2946 2182 3006 conditas
2224 2967 2456 3007 memo-

201 3038 404 3091 ratur.
476 3031 553 3090 cf.
599 3031 836 3089 Cluver.
878 3029 1037 3093 Sicil.
1094 3038 1215 3087 ant.
1260 3048 1317 3108 p.
1363 3032 1489 3092 377
1529 3048 1675 3108 sqq.,
1747 3032 1847 3109 qui
1903 3031 1966 3089 in
2025 3031 2154 3091 Silii
2187 3034 2458 3094 versibus

203 3116 370 3191 x1v‚
413 3117 561 3180 204.
593 3115 720 3180 205
762 3114 1163 3174 dilucidandis
1221 3113 1486 3174 laborat:
1544 3117 1788 3174 Entella
1842 3119 2134 3177 Hectoreo
2176 3120 2456 3178 dilectum

200 3223 422 3262 nomen
463 3202 741 3260 Acestae.
833 3200 949 3259 Sed
992 3199 1260 3277 sequitur
1304 3199 1483 3258 Silius
1526 3201 1718 3259 nostri
1750 3211 1960 3281 poetae
1999 3202 2196 3279 fidem,
2239 3223 2456 3264 secun-

206 3288 359 3347 dum
403 3306 582 3364 quam
627 3285 897 3346 Entellus
948 3285 1105 3343 inter
1149 3294 1377 3343 ceteros
1426 3285 1670 3344 Acestae
1730 3289 1975 3347 comites
2033 3298 2173 3349 ante
2225 3289 2456 3351 Aeneae

202 3384 484 3452 tempora
529 3374 592 3431 in
634 3371 895 3430 Siciliam
940 3378 1206 3441 venerat,
1251 3369 1421 3447 eique
1455 3371 1711 3430 amicitia
1752 3373 1992 3433 iunctus
2032 3375 2244 3436 fuerat.
2309 3379 2455 3436 Sae-

199 3459 346 3540 pius
387 3459 506 3516 iam
549 3458 921 3531 monuimus,
973 3454 1346 3514 diversitates
1387 3453 1497 3513 has
1539 3457 1877 3517 fabularum
1917 3460 2163 3538 docere,
2231 3481 2264 3519 a
2306 3482 2455 3542 poe-

202 3544 287 3605 tis
328 3543 605 3624 pluribus
647 3541 897 3600 eandem
938 3540 1198 3600 fabulam
1242 3540 1422 3599 fuisse
1467 3550 1820 3619 tractatam,
1874 3545 2143 3623 adeoque
2186 3546 2454 3627 Virgilio,

204 3628 555 3690 doctissimo
584 3636 814 3707 poetae,
860 3647 981 3686 non
1011 3626 1285 3701 defuisse,
1329 3625 1493 3684 unde
1526 3630 1831 3688 materiam
1865 3631 2142 3692 carminis
2177 3643 2453 3695 sumeret.
