<?xml version="1.0" encoding="UTF-8"?>
<!DOCTYPE html PUBLIC "-//W3C//DTD XHTML 1.0 Transitional//EN"
    "http://www.w3.org/TR/xhtml1/DTD/xhtml1-transitional.dtd">
<html xmlns="http://www.w3.org/1999/xhtml" xml:lang="en" lang="en">
 <head>
  <title>
</title>
<meta http-equiv="Content-Type" content="text/html;charset=utf-8" />
  <meta name='ocr-system' content='tesseract 3.04.00' />
  <meta name='ocr-capabilities' content='ocr_page ocr_carea ocr_par ocr_line ocrx_word'/>
</head>
<body>
  <div class='ocr_page' id='page_1' title='image "./pvblivsvirgiliv00sillgoog/pvblivsvirgiliv00sillgoog_0900.png"; bbox 0 0 2882 5028; ppageno 0'>
   <div class='ocr_carea' id='block_1_1' title="bbox 474 367 2034 464">
    <p class='ocr_par' dir='ltr' id='par_1_1' title="bbox 474 367 2034 464">
     <span class='ocr_line' id='line_1_1' title="bbox 474 367 2034 464; baseline 0.001 -18"><span class='ocrx_word' id='word_1_1' title='bbox 474 367 1077 447; x_wconf 87' lang='lat' dir='ltr'><strong>AENEIDOS</strong></span> <span class='ocrx_word' id='word_1_2' title='bbox 1132 369 1343 445; x_wconf 88' lang='lat' dir='ltr'>LIB.</span> <span class='ocrx_word' id='word_1_3' title='bbox 1400 369 1544 464; x_wconf 84' lang='lat' dir='ltr'>VI,</span> <span class='ocrx_word' id='word_1_4' title='bbox 1607 373 2034 447; x_wconf 62' lang='lat'>140—160</span> 
     </span>
    </p>
   </div>
   <div class='ocr_carea' id='block_1_2' title="bbox 2244 381 2394 453">
    <p class='ocr_par' dir='ltr' id='par_1_2' title="bbox 2244 381 2394 453">
     <span class='ocr_line' id='line_1_2' title="bbox 2244 381 2394 453; baseline 0.013 -2"><span class='ocrx_word' id='word_1_5' title='bbox 2244 381 2394 453; x_wconf 89' lang='grc'>877</span> 
     </span>
    </p>
   </div>
   <div class='ocr_carea' id='block_1_3' title="bbox 138 554 2258 859">
    <p class='ocr_par' dir='ltr' id='par_1_3' title="bbox 138 554 2258 859">
     <span class='ocr_line' id='line_1_3' title="bbox 142 554 2258 656; baseline 0.001 -21"><span class='ocrx_word' id='word_1_6' title='bbox 142 556 484 635; x_wconf 84' lang='lat' dir='ltr'><strong>Sedibus</strong></span> <span class='ocrx_word' id='word_1_7' title='bbox 513 556 730 634; x_wconf 88' lang='lat' dir='ltr'>hune</span> <span class='ocrx_word' id='word_1_8' title='bbox 757 554 975 633; x_wconf 85' lang='lat' dir='ltr'>refer</span> <span class='ocrx_word' id='word_1_9' title='bbox 1005 568 1184 631; x_wconf 87' lang='lat' dir='ltr'>ante</span> <span class='ocrx_word' id='word_1_10' title='bbox 1216 555 1410 652; x_wconf 78' lang='lat' dir='ltr'>suiS‚</span> <span class='ocrx_word' id='word_1_11' title='bbox 1462 568 1541 630; x_wconf 86' lang='lat' dir='ltr'>et</span> <span class='ocrx_word' id='word_1_12' title='bbox 1569 554 1833 632; x_wconf 84' lang='lat' dir='ltr'>conde</span> <span class='ocrx_word' id='word_1_13' title='bbox 1867 555 2258 656; x_wconf 78' lang='lat' dir='ltr'>sepulcro,</span> 
     </span>
     <span class='ocr_line' id='line_1_4' title="bbox 138 659 2048 762; baseline 0 -23"><span class='ocrx_word' id='word_1_14' title='bbox 138 668 312 739; x_wconf 85' lang='lat' dir='ltr'>Duc</span> <span class='ocrx_word' id='word_1_15' title='bbox 337 662 594 758; x_wconf 68' lang='lat' dir='ltr'>nigras=</span> <span class='ocrx_word' id='word_1_16' title='bbox 620 660 1005 762; x_wconf 83' lang='lat' dir='ltr'>pecudes:</span> <span class='ocrx_word' id='word_1_17' title='bbox 1050 684 1138 734; x_wconf 84' lang='lat' dir='ltr'>ea</span> <span class='ocrx_word' id='word_1_18' title='bbox 1169 660 1426 759; x_wconf 86' lang='lat' dir='ltr'>prima</span> <span class='ocrx_word' id='word_1_19' title='bbox 1460 659 1761 758; x_wconf 86' lang='lat' dir='ltr'>piacula</span> <span class='ocrx_word' id='word_1_20' title='bbox 1789 673 2048 739; x_wconf 78' lang='lat' dir='ltr'>sunto,</span> 
     </span>
     <span class='ocr_line' id='line_1_5' title="bbox 143 762 2013 859; baseline -0.002 -18"><span class='ocrx_word' id='word_1_21' title='bbox 143 769 270 842; x_wconf 90' lang='lat' dir='ltr'>Sic</span> <span class='ocrx_word' id='word_1_22' title='bbox 306 764 640 840; x_wconf 83' lang='lat' dir='ltr'>demum</span> <span class='ocrx_word' id='word_1_23' title='bbox 674 764 896 839; x_wconf 86' lang='lat' dir='ltr'>lucos</span> <span class='ocrx_word' id='word_1_24' title='bbox 925 763 1176 859; x_wconf 84' lang='lat' dir='ltr'>Stygis</span> <span class='ocrx_word' id='word_1_25' title='bbox 1206 776 1285 837; x_wconf 84' lang='lat' dir='ltr'>et</span> <span class='ocrx_word' id='word_1_26' title='bbox 1311 784 1556 858; x_wconf 82' lang='lat' dir='ltr'>regna</span> <span class='ocrx_word' id='word_1_27' title='bbox 1589 762 1793 838; x_wconf 85' lang='lat' dir='ltr'>invia</span> <span class='ocrx_word' id='word_1_28' title='bbox 1821 763 2013 838; x_wconf 87' lang='lat' dir='ltr'>vivis</span> 
     </span>
    </p>
   </div>
   <div class='ocr_carea' id='block_1_4' title="bbox 141 868 565 969">
    <p class='ocr_par' dir='ltr' id='par_1_4' title="bbox 141 868 565 969">
     <span class='ocr_line' id='line_1_6' title="bbox 141 868 565 969; baseline 0.002 -24"><span class='ocrx_word' id='word_1_29' title='bbox 141 868 565 969; x_wconf 80' lang='lat' dir='ltr'>AdspicieS.</span> 
     </span>
    </p>
   </div>
   <div class='ocr_carea' id='block_1_5' title="bbox 669 865 2034 966">
    <p class='ocr_par' dir='ltr' id='par_1_5' title="bbox 669 865 2034 966">
     <span class='ocr_line' id='line_1_7' title="bbox 669 865 2034 966; baseline 0.001 -24"><span class='ocrx_word' id='word_1_30' title='bbox 669 868 872 942; x_wconf 83' lang='lat' dir='ltr'>Dixit</span> <span class='ocrx_word' id='word_1_31' title='bbox 893 924 913 958; x_wconf 87' lang='lat'><strong>‚</strong></span> <span class='ocrx_word' id='word_1_32' title='bbox 969 890 1408 966; x_wconf 85' lang='lat' dir='ltr'>pressoque</span> <span class='ocrx_word' id='word_1_33' title='bbox 1439 865 1841 941; x_wconf 85' lang='lat' dir='ltr'>obmutuit</span> <span class='ocrx_word' id='word_1_34' title='bbox 1872 890 2034 943; x_wconf 86' lang='lat' dir='ltr'>ore.</span> 
     </span>
    </p>
   </div>
   <div class='ocr_carea' id='block_1_6' title="bbox 2251 872 2397 947">
    <p class='ocr_par' dir='ltr' id='par_1_6' title="bbox 2251 872 2397 947">
     <span class='ocr_line' id='line_1_8' title="bbox 2251 872 2397 947; baseline -0.007 0"><span class='ocrx_word' id='word_1_35' title='bbox 2251 872 2397 947; x_wconf 85' lang='lat'>155</span> 
     </span>
    </p>
   </div>
   <div class='ocr_carea' id='block_1_7' title="bbox 141 967 2264 1381">
    <p class='ocr_par' dir='ltr' id='par_1_7' title="bbox 141 967 2264 1381">
     <span class='ocr_line' id='line_1_9' title="bbox 245 967 1810 1047; baseline -0.002 0"><span class='ocrx_word' id='word_1_36' title='bbox 245 978 551 1047; x_wconf 79' lang='lat' dir='ltr'>Aeneas</span> <span class='ocrx_word' id='word_1_37' title='bbox 582 986 888 1046; x_wconf 85' lang='lat' dir='ltr'>maesto</span> <span class='ocrx_word' id='word_1_38' title='bbox 922 967 1225 1045; x_wconf 84' lang='lat' dir='ltr'>defixus</span> <span class='ocrx_word' id='word_1_39' title='bbox 1255 967 1556 1044; x_wconf 87' lang='lat' dir='ltr'>lumina</span> <span class='ocrx_word' id='word_1_40' title='bbox 1582 969 1810 1044; x_wconf 87' lang='lat' dir='ltr'>voltu</span> 
     </span>
     <span class='ocr_line' id='line_1_10' title="bbox 142 1071 2264 1174; baseline -0.002 -24"><span class='ocrx_word' id='word_1_41' title='bbox 142 1071 632 1173; x_wconf 84' lang='lat' dir='ltr'>Ingreditur,</span> <span class='ocrx_word' id='word_1_42' title='bbox 683 1072 1054 1174; x_wconf 86' lang='lat' dir='ltr'>linquens</span> <span class='ocrx_word' id='word_1_43' title='bbox 1084 1085 1436 1161; x_wconf 81' lang='lat' dir='ltr'>antrum3</span> <span class='ocrx_word' id='word_1_44' title='bbox 1496 1096 1932 1173; x_wconf 84' lang='lat' dir='ltr'>caecosque</span> <span class='ocrx_word' id='word_1_45' title='bbox 1959 1071 2264 1148; x_wconf 84' lang='lat' dir='ltr'>volutat</span> 
     </span>
     <span class='ocr_line' id='line_1_11' title="bbox 141 1172 1980 1254; baseline -0.001 0"><span class='ocrx_word' id='word_1_46' title='bbox 141 1183 493 1254; x_wconf 82' lang='lat' dir='ltr'>Eventus</span> <span class='ocrx_word' id='word_1_47' title='bbox 521 1179 789 1253; x_wconf 85' lang='lat' dir='ltr'>animo</span> <span class='ocrx_word' id='word_1_48' title='bbox 822 1200 1116 1254; x_wconf 86' lang='lat' dir='ltr'>secum.</span> <span class='ocrx_word' id='word_1_49' title='bbox 1224 1176 1371 1252; x_wconf 88' lang='lat' dir='ltr'>Cui</span> <span class='ocrx_word' id='word_1_50' title='bbox 1402 1172 1614 1250; x_wconf 87' lang='lat' dir='ltr'>fidus</span> <span class='ocrx_word' id='word_1_51' title='bbox 1646 1174 1980 1252; x_wconf 81' lang='lat' dir='ltr'>Achates</span> 
     </span>
     <span class='ocr_line' id='line_1_12' title="bbox 142 1276 1859 1381; baseline -0.001 -23"><span class='ocrx_word' id='word_1_52' title='bbox 142 1287 218 1359; x_wconf 91' lang='lat' dir='ltr'>It</span> <span class='ocrx_word' id='word_1_53' title='bbox 251 1306 521 1357; x_wconf 84' lang='lat' dir='ltr'>comes</span> <span class='ocrx_word' id='word_1_54' title='bbox 542 1341 564 1375; x_wconf 91' lang='lat'>,</span> <span class='ocrx_word' id='word_1_55' title='bbox 622 1294 700 1357; x_wconf 86' lang='lat' dir='ltr'>et</span> <span class='ocrx_word' id='word_1_56' title='bbox 727 1279 1047 1381; x_wconf 89' lang='lat' dir='ltr'>paribus</span> <span class='ocrx_word' id='word_1_57' title='bbox 1079 1280 1282 1354; x_wconf 88' lang='lat' dir='ltr'>curis</span> <span class='ocrx_word' id='word_1_58' title='bbox 1324 1280 1642 1375; x_wconf 83' lang='lat' dir='ltr'>vestigia</span> <span class='ocrx_word' id='word_1_59' title='bbox 1672 1276 1859 1377; x_wconf 83' lang='lat' dir='ltr'>figit.</span> 
     </span>
    </p>
   </div>
   <div class='ocr_carea' id='block_1_8' title="bbox 139 1376 1928 1619">
    <p class='ocr_par' dir='ltr' id='par_1_8' title="bbox 139 1376 1928 1619">
     <span class='ocr_line' id='line_1_13' title="bbox 139 1376 1928 1463; baseline -0.001 0"><span class='ocrx_word' id='word_1_60' title='bbox 139 1385 395 1463; x_wconf 86' lang='lat' dir='ltr'>Multa</span> <span class='ocrx_word' id='word_1_61' title='bbox 425 1387 632 1460; x_wconf 86' lang='lat' dir='ltr'>inter</span> <span class='ocrx_word' id='word_1_62' title='bbox 661 1408 835 1459; x_wconf 85' lang='lat' dir='ltr'>sese</span> <span class='ocrx_word' id='word_1_63' title='bbox 866 1376 1078 1459; x_wconf 85' lang='lat' dir='ltr'>vario</span> <span class='ocrx_word' id='word_1_64' title='bbox 1117 1406 1496 1459; x_wconf 84' lang='lat' dir='ltr'>sermone</span> <span class='ocrx_word' id='word_1_65' title='bbox 1529 1380 1928 1461; x_wconf 82' lang='lat' dir='ltr'>serebant:</span> 
     </span>
     <span class='ocr_line' id='line_1_14' title="bbox 252 1524 1278 1619; baseline -0.002 -20"><span class='ocrx_word' id='word_1_66' title='bbox 252 1527 417 1602; x_wconf 84' lang='lat'>154.</span> <span class='ocrx_word' id='word_1_67' title='bbox 475 1524 859 1619; x_wconf 71' lang='lat' dir='ltr'>S‘rmloS,</span> <span class='ocrx_word' id='word_1_68' title='bbox 913 1541 1177 1597; x_wconf 70' lang='lat' dir='ltr'><strong>REGNA</strong></span> <span class='ocrx_word' id='word_1_69' title='bbox 1264 1550 1278 1564; x_wconf 91' lang='lat'><strong>·</strong></span> 
     </span>
    </p>
   </div>
   <div class='ocr_carea' id='block_1_9' title="bbox 141 1692 1952 1834">
    <p class='ocr_par' dir='ltr' id='par_1_9' title="bbox 141 1692 1952 1834">
     <span class='ocr_line' id='line_1_15' title="bbox 286 1692 1696 1766; baseline 0 -18"><span class='ocrx_word' id='word_1_70' title='bbox 286 1696 389 1751; x_wconf 79' lang='lat'>152</span> <span class='ocrx_word' id='word_1_71' title='bbox 423 1692 656 1747; x_wconf 71' lang='lat' dir='ltr'>Sedibus</span> <span class='ocrx_word' id='word_1_72' title='bbox 682 1708 815 1748; x_wconf 70' lang='lat' dir='ltr'>ante</span> <span class='ocrx_word' id='word_1_73' title='bbox 841 1698 960 1748; x_wconf 68' lang='lat' dir='ltr'>suis</span> <span class='ocrx_word' id='word_1_74' title='bbox 984 1693 1134 1766; x_wconf 81' lang='lat' dir='ltr'>refer</span> <span class='ocrx_word' id='word_1_75' title='bbox 1173 1706 1228 1747; x_wconf 76' lang='lat' dir='ltr'>ee</span> <span class='ocrx_word' id='word_1_76' title='bbox 1267 1696 1440 1748; x_wconf 81' lang='lat' dir='ltr'>conde</span> <span class='ocrx_word' id='word_1_77' title='bbox 1476 1695 1696 1748; x_wconf 80' lang='lat' dir='ltr'>Dorvill.</span> 
     </span>
     <span class='ocr_line' id='line_1_16' title="bbox 141 1765 1952 1834; baseline -0.001 -17"><span class='ocrx_word' id='word_1_78' title='bbox 141 1765 287 1817; x_wconf 80' lang='lat' dir='ltr'>thas.</span> <span class='ocrx_word' id='word_1_79' title='bbox 355 1777 559 1830; x_wconf 67' lang='lat' dir='ltr'>sumto,</span> <span class='ocrx_word' id='word_1_80' title='bbox 595 1783 715 1816; x_wconf 76' lang='lat' dir='ltr'>sum</span> <span class='ocrx_word' id='word_1_81' title='bbox 754 1778 810 1817; x_wconf 78' lang='lat' dir='ltr'>to</span> <span class='ocrx_word' id='word_1_82' title='bbox 827 1804 843 1830; x_wconf 89' lang='lat'>,</span> <span class='ocrx_word' id='word_1_83' title='bbox 886 1766 1140 1817; x_wconf 77' lang='lat' dir='ltr'>aben-att.</span> <span class='ocrx_word' id='word_1_84' title='bbox 1180 1765 1514 1820; x_wconf 80' lang='lat' dir='ltr'>librariorum</span> <span class='ocrx_word' id='word_1_85' title='bbox 1552 1783 1638 1834; x_wconf 87' lang='lat' dir='ltr'>ap.</span> <span class='ocrx_word' id='word_1_86' title='bbox 1679 1766 1952 1816; x_wconf 80' lang='lat' dir='ltr'><strong>Burmann.</strong></span> 
     </span>
    </p>
   </div>
   <div class='ocr_carea' id='block_1_10' title="bbox 734 1834 2397 1903">
    <p class='ocr_par' dir='ltr' id='par_1_10' title="bbox 734 1834 2397 1903">
     <span class='ocr_line' id='line_1_17' title="bbox 734 1834 2397 1903; baseline -0.001 -19"><span class='ocrx_word' id='word_1_87' title='bbox 734 1835 869 1886; x_wconf 88' lang='lat' dir='ltr'>edic.</span> <span class='ocrx_word' id='word_1_88' title='bbox 915 1853 947 1885; x_wconf 86' lang='lat' dir='ltr'>a</span> <span class='ocrx_word' id='word_1_89' title='bbox 988 1852 1057 1885; x_wconf 85' lang='lat' dir='ltr'>m.</span> <span class='ocrx_word' id='word_1_90' title='bbox 1104 1853 1218 1903; x_wconf 60' lang='lat' dir='ltr'>pr„</span> <span class='ocrx_word' id='word_1_91' title='bbox 1266 1844 1320 1886; x_wconf 87' lang='lat' dir='ltr'>et</span> <span class='ocrx_word' id='word_1_92' title='bbox 1355 1837 1649 1900; x_wconf 86' lang='lat' dir='ltr'>Romanus,</span> <span class='ocrx_word' id='word_1_93' title='bbox 1699 1834 1841 1903; x_wconf 86' lang='lat' dir='ltr'>quod</span> <span class='ocrx_word' id='word_1_94' title='bbox 1879 1834 2115 1899; x_wconf 86' lang='lat' dir='ltr'>mireris,</span> <span class='ocrx_word' id='word_1_95' title='bbox 2162 1834 2214 1884; x_wconf 91' lang='lat' dir='ltr'>in</span> <span class='ocrx_word' id='word_1_96' title='bbox 2253 1834 2397 1884; x_wconf 87' lang='lat' dir='ltr'>idem</span> 
     </span>
    </p>
   </div>
   <div class='ocr_carea' id='block_1_11' title="bbox 143 1834 637 1917">
    <p class='ocr_par' dir='ltr' id='par_1_11' title="bbox 143 1834 637 1917">
     <span class='ocr_line' id='line_1_18' title="bbox 143 1834 637 1917; baseline 0 -30"><span class='ocrx_word' id='word_1_97' title='bbox 143 1836 361 1917; x_wconf 51' lang='lat' dir='ltr'>Stygiis</span> <span class='ocrx_word' id='word_1_98' title='bbox 384 1847 440 1885; x_wconf 80' lang='lat' dir='ltr'>et</span> <span class='ocrx_word' id='word_1_99' title='bbox 478 1853 522 1884; x_wconf 84' lang='lat' dir='ltr'>r.</span> <span class='ocrx_word' id='word_1_100' title='bbox 559 1834 637 1887; x_wconf 83' lang='lat' dir='ltr'>ita</span> 
     </span>
    </p>
   </div>
   <div class='ocr_carea' id='block_1_12' title="bbox 1382 1383 2397 1820">
    <p class='ocr_par' dir='ltr' id='par_1_12' title="bbox 2245 1383 2393 1460">
     <span class='ocr_line' id='line_1_19' title="bbox 2245 1383 2393 1460; baseline 0 0"><span class='ocrx_word' id='word_1_101' title='bbox 2245 1383 2393 1460; x_wconf 87' lang='lat'>160</span> 
     </span>
    </p>

    <p class='ocr_par' dir='ltr' id='par_1_13' title="bbox 1382 1542 2397 1820">
     <span class='ocr_line' id='line_1_20' title="bbox 1382 1542 1849 1622; baseline -0.006 -25"><span class='ocrx_word' id='word_1_102' title='bbox 1382 1542 1619 1620; x_wconf 79' lang='lat' dir='ltr'><strong>VIVIS,</strong></span> <span class='ocrx_word' id='word_1_103' title='bbox 1846 1617 1849 1622; x_wconf 12' lang='grc' dir='ltr'><strong><em>ἢ</em></strong></span> 
     </span>
     <span class='ocr_line' id='line_1_21' title="bbox 1838 1694 2394 1756; baseline -0.013 -5"><span class='ocrx_word' id='word_1_104' title='bbox 1838 1696 1940 1751; x_wconf 86' lang='grc'>153</span> <span class='ocrx_word' id='word_1_105' title='bbox 1985 1694 2122 1747; x_wconf 77' lang='lat' dir='ltr'>haec</span> <span class='ocrx_word' id='word_1_106' title='bbox 2204 1734 2218 1747; x_wconf 94' lang='lat'>.</span> <span class='ocrx_word' id='word_1_107' title='bbox 2255 1694 2394 1756; x_wconf 50' lang='lat' dir='ltr'>Pare</span> 
     </span>
     <span class='ocr_line' id='line_1_22' title="bbox 2093 1765 2397 1820; baseline -0.02 0"><span class='ocrx_word' id='word_1_108' title='bbox 2093 1766 2156 1820; x_wconf 87' lang='lat'>15</span> <span class='ocrx_word' id='word_1_109' title='bbox 2242 1765 2397 1815; x_wconf 72' lang='lat' dir='ltr'>lucos</span> 
     </span>
    </p>
   </div>
   <div class='ocr_carea' id='block_1_13' title="bbox 138 1903 2396 2392">
    <p class='ocr_par' dir='ltr' id='par_1_14' title="bbox 138 1903 2396 2392">
     <span class='ocr_line' id='line_1_23' title="bbox 138 1903 2396 1974; baseline -0.001 -19"><span class='ocrx_word' id='word_1_110' title='bbox 138 1905 329 1955; x_wconf 70' lang='lat' dir='ltr'>vitium</span> <span class='ocrx_word' id='word_1_111' title='bbox 368 1903 649 1970; x_wconf 79' lang='lat' dir='ltr'>conspirat.</span> <span class='ocrx_word' id='word_1_112' title='bbox 721 1904 824 1955; x_wconf 78' lang='lat' dir='ltr'>Alii</span> <span class='ocrx_word' id='word_1_113' title='bbox 864 1921 950 1972; x_wconf 87' lang='lat' dir='ltr'>ap.</span> <span class='ocrx_word' id='word_1_114' title='bbox 998 1904 1136 1965; x_wconf 69' lang='lat' dir='ltr'>Bicr.</span> <span class='ocrx_word' id='word_1_115' title='bbox 1186 1914 1249 1954; x_wconf 89' lang='lat' dir='ltr'>et·</span> <span class='ocrx_word' id='word_1_116' title='bbox 1279 1904 1460 1956; x_wconf 80' lang='lat' dir='ltr'>Heius.</span> <span class='ocrx_word' id='word_1_117' title='bbox 1512 1905 1705 1974; x_wconf 75' lang='lat' dir='ltr'>Stygis</span> <span class='ocrx_word' id='word_1_118' title='bbox 1757 1916 1812 1954; x_wconf 75' lang='grc' dir='ltr'>οι</span> <span class='ocrx_word' id='word_1_119' title='bbox 1861 1923 1942 1968; x_wconf 84' lang='lat' dir='ltr'>r.,</span> <span class='ocrx_word' id='word_1_120' title='bbox 2009 1904 2173 1972; x_wconf 86' lang='lat' dir='ltr'>(quod</span> <span class='ocrx_word' id='word_1_121' title='bbox 2226 1912 2396 1954; x_wconf 87' lang='lat' dir='ltr'>exstat</span> 
     </span>
     <span class='ocr_line' id='line_1_24' title="bbox 140 1972 2395 2043; baseline -0.002 -18"><span class='ocrx_word' id='word_1_122' title='bbox 140 1972 383 2025; x_wconf 70' lang='lat' dir='ltr'>etiami-1</span> <span class='ocrx_word' id='word_1_123' title='bbox 409 1977 554 2025; x_wconf 83' lang='lat' dir='ltr'>Serv.</span> <span class='ocrx_word' id='word_1_124' title='bbox 589 1974 778 2026; x_wconf 83' lang='lat' dir='ltr'>Dresd.</span> <span class='ocrx_word' id='word_1_125' title='bbox 813 1983 868 2024; x_wconf 88' lang='lat' dir='ltr'>et</span> <span class='ocrx_word' id='word_1_126' title='bbox 903 1973 1008 2026; x_wconf 85' lang='lat' dir='ltr'>alio</span> <span class='ocrx_word' id='word_1_127' title='bbox 1049 1973 1167 2024; x_wconf 89' lang='lat' dir='ltr'>cod.</span> <span class='ocrx_word' id='word_1_128' title='bbox 1212 1977 1356 2025; x_wconf 81' lang='lat' dir='ltr'>Serv.</span> <span class='ocrx_word' id='word_1_129' title='bbox 1395 1992 1480 2043; x_wconf 87' lang='lat' dir='ltr'>ap.</span> <span class='ocrx_word' id='word_1_130' title='bbox 1526 1975 1699 2025; x_wconf 86' lang='lat' dir='ltr'>Burm.</span> <span class='ocrx_word' id='word_1_131' title='bbox 1748 1974 1895 2037; x_wconf 81' lang='lat' dir='ltr'>Wr.)</span> <span class='ocrx_word' id='word_1_132' title='bbox 1947 1991 2011 2024; x_wconf 84' lang='lat' dir='ltr'>ex</span> <span class='ocrx_word' id='word_1_133' title='bbox 2049 1990 2152 2041; x_wconf 85' lang='lat' dir='ltr'>quo</span> <span class='ocrx_word' id='word_1_134' title='bbox 2192 1972 2395 2040; x_wconf 78' lang='lat' dir='ltr'>reliqua</span> 
     </span>
     <span class='ocr_line' id='line_1_25' title="bbox 138 2041 2393 2114; baseline -0.001 -20"><span class='ocrx_word' id='word_1_135' title='bbox 138 2042 291 2095; x_wconf 82' lang='lat' dir='ltr'>nasci</span> <span class='ocrx_word' id='word_1_136' title='bbox 313 2051 564 2112; x_wconf 83' lang='lat' dir='ltr'>potuere,</span> <span class='ocrx_word' id='word_1_137' title='bbox 599 2042 690 2094; x_wconf 86' lang='lat' dir='ltr'>alii</span> <span class='ocrx_word' id='word_1_138' title='bbox 714 2044 940 2112; x_wconf 75' lang='lat' dir='ltr'>Stygios</span> <span class='ocrx_word' id='word_1_139' title='bbox 967 2055 1023 2093; x_wconf 76' lang='grc' dir='ltr'>σε</span> <span class='ocrx_word' id='word_1_140' title='bbox 1044 2061 1121 2107; x_wconf 85' lang='lat' dir='ltr'>r.,</span> <span class='ocrx_word' id='word_1_141' title='bbox 1157 2041 1322 2094; x_wconf 81' lang='lat' dir='ltr'>invito</span> <span class='ocrx_word' id='word_1_142' title='bbox 1350 2053 1537 2095; x_wconf 81' lang='lat' dir='ltr'>mette.</span> <span class='ocrx_word' id='word_1_143' title='bbox 1611 2042 1716 2095; x_wconf 87' lang='lat' dir='ltr'>Sed</span> <span class='ocrx_word' id='word_1_144' title='bbox 1741 2043 2002 2114; x_wconf 73' lang='lat' dir='ltr'>Stygios,</span> <span class='ocrx_word' id='word_1_145' title='bbox 2058 2059 2232 2111; x_wconf 81' lang='lat' dir='ltr'>regna</span> <span class='ocrx_word' id='word_1_146' title='bbox 2270 2043 2307 2092; x_wconf 86' lang='lat' dir='ltr'>i.</span> <span class='ocrx_word' id='word_1_147' title='bbox 2338 2059 2393 2091; x_wconf 85' lang='lat' dir='ltr'>v.</span> 
     </span>
     <span class='ocr_line' id='line_1_26' title="bbox 138 2109 2396 2193; baseline -0.002 -29"><span class='ocrx_word' id='word_1_148' title='bbox 138 2130 246 2183; x_wconf 85' lang='lat' dir='ltr'>per</span> <span class='ocrx_word' id='word_1_149' title='bbox 292 2110 678 2193; x_wconf 58' lang='lat' dir='ltr'>appositionem</span> <span class='ocrx_word' id='word_1_150' title='bbox 727 2112 863 2162; x_wconf 89' lang='lat' dir='ltr'>bene</span> <span class='ocrx_word' id='word_1_151' title='bbox 927 2113 1096 2163; x_wconf 87' lang='lat' dir='ltr'>firmat</span> <span class='ocrx_word' id='word_1_152' title='bbox 1145 2112 1327 2162; x_wconf 80' lang='lat' dir='ltr'>Heius.</span> <span class='ocrx_word' id='word_1_153' title='bbox 1399 2113 1601 2193; x_wconf 42' lang='lat' dir='ltr'>(fiecte-</span> <span class='ocrx_word' id='word_1_154' title='bbox 1626 2129 1754 2164; x_wconf 84' lang='lat' dir='ltr'>vero</span> <span class='ocrx_word' id='word_1_155' title='bbox 1797 2113 1991 2193; x_wconf 44' lang='lat' dir='ltr'>Styga?</span> <span class='ocrx_word' id='word_1_156' title='bbox 2032 2125 2088 2163; x_wconf 70' lang='lat' dir='ltr'>et</span> <span class='ocrx_word' id='word_1_157' title='bbox 2123 2131 2198 2176; x_wconf 84' lang='lat' dir='ltr'>r.,</span> <span class='ocrx_word' id='word_1_158' title='bbox 2252 2109 2396 2179; x_wconf 85' lang='lat' dir='ltr'>quod</span> 
     </span>
     <span class='ocr_line' id='line_1_27' title="bbox 139 2179 2395 2303; baseline -0.001 -2"><span class='ocrx_word' id='word_1_159' title='bbox 139 2181 780 2301; x_wconf 49' lang='lat' dir='ltr'>‘⁸*2oe11‘1211‘322‘3‘113&#39;fi1</span> <span class='ocrx_word' id='word_1_160' title='bbox 795 2182 1137 2302; x_wconf 57' lang='lat' dir='ltr'>Xfflffi·</span> <span class='ocrx_word' id='word_1_161' title='bbox 1160 2181 2025 2302; x_wconf 50' lang='lat' dir='ltr'>0ss²?55m⁶312302ss‡2.m1.{{{ffi{5·</span> <span class='ocrx_word' id='word_1_162' title='bbox 2039 2194 2204 2301; x_wconf 57' lang='lat'>215?</span> <span class='ocrx_word' id='word_1_163' title='bbox 2223 2179 2395 2303; x_wconf 53' lang='lat'>4¹⁰3?</span> 
     </span>
     <span class='ocr_line' id='line_1_28' title="bbox 138 2260 2395 2392; baseline -0.002 -18"><span class='ocrx_word' id='word_1_164' title='bbox 138 2260 314 2384; x_wconf 52' lang='grc' dir='ltr'>31ῐῖιέ</span> <span class='ocrx_word' id='word_1_165' title='bbox 338 2321 492 2381; x_wconf 78' lang='grc'><strong>235.;</strong></span> <span class='ocrx_word' id='word_1_166' title='bbox 525 2336 643 2371; x_wconf 84' lang='lat' dir='ltr'>nam</span> <span class='ocrx_word' id='word_1_167' title='bbox 671 2285 1057 2389; x_wconf 63' lang='lat' dir='ltr'>inde’primum</span> <span class='ocrx_word' id='word_1_168' title='bbox 1095 2269 1274 2371; x_wconf 50' lang='lat' dir='ltr'>erton}</span> <span class='ocrx_word' id='word_1_169' title='bbox 1305 2319 1437 2372; x_wconf 86' lang='lat' dir='ltr'>illud</span> <span class='ocrx_word' id='word_1_170' title='bbox 1475 2323 1604 2390; x_wconf 70' lang='lat' dir='ltr'>Sey</span> <span class='ocrx_word' id='word_1_171' title='bbox 1615 2322 1693 2392; x_wconf 85' lang='lat' dir='ltr'>gi</span> <span class='ocrx_word' id='word_1_172' title='bbox 1704 2337 1780 2372; x_wconf 72' lang='lat' dir='ltr'>os</span> <span class='ocrx_word' id='word_1_173' title='bbox 1818 2332 1874 2371; x_wconf 79' lang='lat' dir='ltr'>et</span> <span class='ocrx_word' id='word_1_174' title='bbox 1914 2287 2178 2384; x_wconf 52' lang='lat' dir='ltr'>r.,’hinc·</span> <span class='ocrx_word' id='word_1_175' title='bbox 2200 2284 2395 2380; x_wconf 61' lang='lat' dir='ltr'>rursus:</span> 
     </span>
    </p>
   </div>
   <div class='ocr_carea' id='block_1_14' title="bbox 138 2389 1301 2527">
    <p class='ocr_par' dir='ltr' id='par_1_15' title="bbox 138 2389 1301 2527">
     <span class='ocr_line' id='line_1_29' title="bbox 138 2389 1267 2460; baseline -0.001 -19"><span class='ocrx_word' id='word_1_176' title='bbox 138 2407 308 2460; x_wconf 83' lang='lat' dir='ltr'>quum</span> <span class='ocrx_word' id='word_1_177' title='bbox 352 2397 575 2440; x_wconf 86' lang='lat' dir='ltr'>metrum</span> <span class='ocrx_word' id='word_1_178' title='bbox 627 2389 917 2441; x_wconf 79' lang='lat' dir='ltr'>claudicare</span> <span class='ocrx_word' id='word_1_179' title='bbox 982 2389 1237 2441; x_wconf 74' lang='lat' dir='ltr'>sentirent</span> <span class='ocrx_word' id='word_1_180' title='bbox 1252 2428 1267 2452; x_wconf 93' lang='lat'>‚</span> 
     </span>
     <span class='ocr_line' id='line_1_30' title="bbox 140 2456 1301 2527; baseline 0.002 -15"><span class='ocrx_word' id='word_1_181' title='bbox 140 2457 370 2512; x_wconf 82' lang='lat' dir='ltr'>Dorvill.</span> <span class='ocrx_word' id='word_1_182' title='bbox 443 2456 569 2510; x_wconf 81' lang='lat' dir='ltr'>orbe</span> <span class='ocrx_word' id='word_1_183' title='bbox 590 2457 783 2509; x_wconf 85' lang='lat' dir='ltr'>Medic.</span> <span class='ocrx_word' id='word_1_184' title='bbox 820 2477 852 2510; x_wconf 91' lang='lat' dir='ltr'>a</span> <span class='ocrx_word' id='word_1_185' title='bbox 878 2476 947 2510; x_wconf 86' lang='lat' dir='ltr'>m.</span> <span class='ocrx_word' id='word_1_186' title='bbox 976 2476 1058 2527; x_wconf 90' lang='lat' dir='ltr'>pr.</span> <span class='ocrx_word' id='word_1_187' title='bbox 1199 2460 1301 2514; x_wconf 85' lang='lat'>156</span> 
     </span>
    </p>
   </div>
   <div class='ocr_carea' id='block_1_15' title="bbox 1321 2389 2398 2540">
    <p class='ocr_par' dir='ltr' id='par_1_16' title="bbox 1321 2389 2398 2540">
     <span class='ocr_line' id='line_1_31' title="bbox 1321 2389 2398 2460; baseline -0.002 -18"><span class='ocrx_word' id='word_1_188' title='bbox 1321 2391 1550 2460; x_wconf 71' lang='lat' dir='ltr'>Stygios</span> <span class='ocrx_word' id='word_1_189' title='bbox 1585 2410 1633 2442; x_wconf 86' lang='lat' dir='ltr'>r.</span> <span class='ocrx_word' id='word_1_190' title='bbox 1686 2392 1773 2443; x_wconf 86' lang='lat' dir='ltr'><em>W</em></span> <span class='ocrx_word' id='word_1_191' title='bbox 1766 2389 1834 2458; x_wconf 78' lang='lat' dir='ltr'>r.)</span> <span class='ocrx_word' id='word_1_192' title='bbox 1975 2389 2077 2444; x_wconf 88' lang='lat'>155</span> <span class='ocrx_word' id='word_1_193' title='bbox 2125 2391 2398 2441; x_wconf 70' lang='lat' dir='ltr'>immutuit</span> 
     </span>
     <span class='ocr_line' id='line_1_32' title="bbox 1344 2456 2396 2540; baseline -0.002 -30"><span class='ocrx_word' id='word_1_194' title='bbox 1344 2472 1656 2540; x_wconf 68' lang='lat' dir='ltr'>maestoque</span> <span class='ocrx_word' id='word_1_195' title='bbox 1694 2456 1905 2529; x_wconf 69' lang='lat' dir='ltr'>affixus</span> <span class='ocrx_word' id='word_1_196' title='bbox 1947 2459 2083 2511; x_wconf 82' lang='lat' dir='ltr'>Gnd.</span> <span class='ocrx_word' id='word_1_197' title='bbox 2131 2478 2163 2510; x_wconf 87' lang='lat' dir='ltr'>a</span> <span class='ocrx_word' id='word_1_198' title='bbox 2202 2477 2272 2509; x_wconf 87' lang='lat' dir='ltr'>m.</span> <span class='ocrx_word' id='word_1_199' title='bbox 2313 2475 2396 2528; x_wconf 89' lang='lat' dir='ltr'>pr.</span> 
     </span>
    </p>
   </div>
   <div class='ocr_carea' id='block_1_16' title="bbox 140 2520 2394 2669">
    <p class='ocr_par' dir='ltr' id='par_1_17' title="bbox 140 2520 2394 2669">
     <span class='ocr_line' id='line_1_33' title="bbox 142 2520 2394 2598; baseline -0.003 -12"><span class='ocrx_word' id='word_1_200' title='bbox 142 2531 254 2586; x_wconf 87' lang='lat'>157</span> <span class='ocrx_word' id='word_1_201' title='bbox 291 2529 657 2598; x_wconf 78' lang='lat' dir='ltr'>Progreditur</span> <span class='ocrx_word' id='word_1_202' title='bbox 678 2528 872 2581; x_wconf 85' lang='lat' dir='ltr'>Medic.</span> <span class='ocrx_word' id='word_1_203' title='bbox 897 2529 953 2579; x_wconf 88' lang='lat' dir='ltr'>in</span> <span class='ocrx_word' id='word_1_204' title='bbox 981 2520 1151 2596; x_wconf 85' lang='lat' dir='ltr'>marg.</span> <span class='ocrx_word' id='word_1_205' title='bbox 1181 2530 1298 2597; x_wconf 74' lang='lat' dir='ltr'>(sed</span> <span class='ocrx_word' id='word_1_206' title='bbox 1323 2547 1353 2580; x_wconf 87' lang='lat' dir='ltr'>a</span> <span class='ocrx_word' id='word_1_207' title='bbox 1383 2540 1675 2580; x_wconf 74' lang='lat' dir='ltr'>recentiore</span> <span class='ocrx_word' id='word_1_208' title='bbox 1705 2546 1858 2581; x_wconf 86' lang='lat' dir='ltr'>manu</span> <span class='ocrx_word' id='word_1_209' title='bbox 1876 2566 1892 2593; x_wconf 88' lang='lat'>,</span> <span class='ocrx_word' id='word_1_210' title='bbox 1940 2539 1999 2579; x_wconf 85' lang='lat' dir='ltr'>ut</span> <span class='ocrx_word' id='word_1_211' title='bbox 2045 2529 2210 2580; x_wconf 80' lang='lat' dir='ltr'>refert</span> <span class='ocrx_word' id='word_1_212' title='bbox 2248 2531 2394 2597; x_wconf 77' lang='lat' dir='ltr'>Fog-</span> 
     </span>
     <span class='ocr_line' id='line_1_34' title="bbox 140 2597 2394 2669; baseline 0 -22"><span class='ocrx_word' id='word_1_213' title='bbox 140 2599 291 2669; x_wconf 78' lang='lat' dir='ltr'>gin.;</span> <span class='ocrx_word' id='word_1_214' title='bbox 326 2597 467 2666; x_wconf 86' lang='lat' dir='ltr'>quod</span> <span class='ocrx_word' id='word_1_215' title='bbox 488 2598 575 2648; x_wconf 78' lang='lat' dir='ltr'>vix</span> <span class='ocrx_word' id='word_1_216' title='bbox 598 2598 806 2649; x_wconf 86' lang='lat' dir='ltr'>dubites</span> <span class='ocrx_word' id='word_1_217' title='bbox 829 2598 950 2667; x_wconf 87' lang='lat' dir='ltr'>quin</span> <span class='ocrx_word' id='word_1_218' title='bbox 974 2608 1150 2649; x_wconf 85' lang='lat' dir='ltr'>natum</span> <span class='ocrx_word' id='word_1_219' title='bbox 1180 2597 1251 2649; x_wconf 82' lang='lat' dir='ltr'>sit</span> <span class='ocrx_word' id='word_1_220' title='bbox 1287 2616 1316 2648; x_wconf 91' lang='lat' dir='ltr'>e</span> <span class='ocrx_word' id='word_1_221' title='bbox 1342 2598 1547 2650; x_wconf 84' lang='lat' dir='ltr'>scholio</span> <span class='ocrx_word' id='word_1_222' title='bbox 1574 2597 1853 2650; x_wconf 81' lang='lat' dir='ltr'>Serviano:</span> <span class='ocrx_word' id='word_1_223' title='bbox 1887 2598 2394 2662; x_wconf 77' lang='lat' dir='ltr'><strong>„INGREDITURz</strong></span> 
     </span>
    </p>
   </div>
   <div class='ocr_carea' id='block_1_17' title="bbox 139 2667 614 2734">
    <p class='ocr_par' dir='ltr' id='par_1_18' title="bbox 139 2667 614 2734">
     <span class='ocr_line' id='line_1_35' title="bbox 139 2667 614 2734; baseline -0.006 -13"><span class='ocrx_word' id='word_1_224' title='bbox 139 2671 187 2722; x_wconf 79' lang='lat' dir='ltr'>P</span> <span class='ocrx_word' id='word_1_225' title='bbox 204 2686 233 2719; x_wconf 83' lang='lat' dir='ltr'>r</span> <span class='ocrx_word' id='word_1_226' title='bbox 250 2684 283 2719; x_wconf 89' lang='grc' dir='ltr'><strong>ο</strong></span> <span class='ocrx_word' id='word_1_227' title='bbox 327 2667 614 2734; x_wconf 81' lang='lat' dir='ltr'>graditur.“</span> 
     </span>
    </p>
   </div>
   <div class='ocr_carea' id='block_1_18' title="bbox 138 2875 395 2930">
    <p class='ocr_par' dir='ltr' id='par_1_19' title="bbox 138 2875 395 2930">
     <span class='ocr_line' id='line_1_36' title="bbox 138 2875 395 2930; baseline -0.004 0"><span class='ocrx_word' id='word_1_228' title='bbox 138 2875 395 2930; x_wconf 65' lang='lat' dir='ltr'>Parrha..</span> 
     </span>
    </p>
   </div>
   <div class='ocr_carea' id='block_1_19' title="bbox 535 2874 1319 2952">
    <p class='ocr_par' dir='ltr' id='par_1_20' title="bbox 535 2874 1319 2952">
     <span class='ocr_line' id='line_1_37' title="bbox 535 2874 1319 2952; baseline -0.005 -23"><span class='ocrx_word' id='word_1_229' title='bbox 535 2877 637 2929; x_wconf 87' lang='lat'>160</span> <span class='ocrx_word' id='word_1_230' title='bbox 660 2874 923 2946; x_wconf 76' lang='lat' dir='ltr'>serebant</span> <span class='ocrx_word' id='word_1_231' title='bbox 943 2884 1068 2946; x_wconf 82' lang='lat' dir='ltr'>post</span> <span class='ocrx_word' id='word_1_232' title='bbox 1086 2874 1224 2926; x_wconf 89' lang='lat' dir='ltr'>Pier.</span> <span class='ocrx_word' id='word_1_233' title='bbox 1251 2874 1319 2952; x_wconf 73' lang='lat' dir='ltr'>de</span> 
     </span>
    </p>
   </div>
   <div class='ocr_carea' id='block_1_20' title="bbox 139 2664 2397 2807">
    <p class='ocr_par' dir='ltr' id='par_1_21' title="bbox 139 2664 2397 2807">
     <span class='ocr_line' id='line_1_38' title="bbox 682 2664 2397 2738; baseline -0.003 -17"><span class='ocrx_word' id='word_1_234' title='bbox 682 2667 821 2721; x_wconf 85' lang='lat' dir='ltr'>Vide</span> <span class='ocrx_word' id='word_1_235' title='bbox 851 2666 1038 2719; x_wconf 85' lang='lat' dir='ltr'>similia</span> <span class='ocrx_word' id='word_1_236' title='bbox 1073 2667 1129 2718; x_wconf 87' lang='lat' dir='ltr'>in</span> <span class='ocrx_word' id='word_1_237' title='bbox 1171 2669 1237 2730; x_wconf 88' lang='lat' dir='ltr'>Q.</span> <span class='ocrx_word' id='word_1_238' title='bbox 1278 2669 1346 2719; x_wconf 83' lang='lat' dir='ltr'>V.</span> <span class='ocrx_word' id='word_1_239' title='bbox 1388 2668 1536 2731; x_wconf 82' lang='lat' dir='ltr'>XVI,</span> <span class='ocrx_word' id='word_1_240' title='bbox 1575 2670 1625 2729; x_wconf 64' lang='grc'>1,.</span> <span class='ocrx_word' id='word_1_241' title='bbox 1686 2666 1831 2733; x_wconf 78' lang='lat' dir='ltr'>Wr.)</span> <span class='ocrx_word' id='word_1_242' title='bbox 1903 2668 2206 2738; x_wconf 70' lang='lat' dir='ltr'>Egreditur</span> <span class='ocrx_word' id='word_1_243' title='bbox 2242 2664 2397 2720; x_wconf 75' lang='lat' dir='ltr'>multi</span> 
     </span>
     <span class='ocr_line' id='line_1_39' title="bbox 139 2734 2049 2807; baseline -0.003 -16"><span class='ocrx_word' id='word_1_244' title='bbox 139 2756 235 2807; x_wconf 81' lang='lat' dir='ltr'>ap.</span> <span class='ocrx_word' id='word_1_245' title='bbox 256 2735 395 2789; x_wconf 86' lang='lat' dir='ltr'>Pier.</span> <span class='ocrx_word' id='word_1_246' title='bbox 430 2745 485 2787; x_wconf 89' lang='lat' dir='ltr'>et</span> <span class='ocrx_word' id='word_1_247' title='bbox 507 2739 702 2801; x_wconf 86' lang='lat' dir='ltr'>Burm.,</span> <span class='ocrx_word' id='word_1_248' title='bbox 733 2737 886 2789; x_wconf 80' lang='lat' dir='ltr'>male.</span> <span class='ocrx_word' id='word_1_249' title='bbox 954 2738 1080 2787; x_wconf 86' lang='lat' dir='ltr'>Non</span> <span class='ocrx_word' id='word_1_250' title='bbox 1104 2735 1355 2787; x_wconf 80' lang='lat' dir='ltr'>videbant</span> <span class='ocrx_word' id='word_1_251' title='bbox 1378 2736 1600 2806; x_wconf 79' lang='lat' dir='ltr'>ingredi</span> <span class='ocrx_word' id='word_1_252' title='bbox 1621 2752 1753 2798; x_wconf 78' lang='lat' dir='ltr'>esse,</span> <span class='ocrx_word' id='word_1_253' title='bbox 1786 2734 2049 2787; x_wconf 80' lang='lat' dir='ltr'>incedere.</span> 
     </span>
    </p>
   </div>
   <div class='ocr_carea' id='block_1_21' title="bbox 140 2804 1279 2873">
    <p class='ocr_par' dir='ltr' id='par_1_22' title="bbox 140 2804 1279 2873">
     <span class='ocr_line' id='line_1_40' title="bbox 140 2804 1279 2873; baseline -0.004 -14"><span class='ocrx_word' id='word_1_254' title='bbox 140 2811 289 2859; x_wconf 71' lang='lat' dir='ltr'>riter·</span> <span class='ocrx_word' id='word_1_255' title='bbox 331 2805 496 2861; x_wconf 85' lang='lat' dir='ltr'>Goth.</span> <span class='ocrx_word' id='word_1_256' title='bbox 539 2814 660 2857; x_wconf 85' lang='lat' dir='ltr'>tert.</span> <span class='ocrx_word' id='word_1_257' title='bbox 717 2804 857 2873; x_wconf 72' lang='lat' dir='ltr'>fixit</span> <span class='ocrx_word' id='word_1_258' title='bbox 898 2804 1093 2857; x_wconf 86' lang='lat' dir='ltr'>Medic.</span> <span class='ocrx_word' id='word_1_259' title='bbox 1146 2823 1179 2856; x_wconf 88' lang='lat' dir='ltr'>a</span> <span class='ocrx_word' id='word_1_260' title='bbox 1211 2822 1279 2856; x_wconf 87' lang='lat' dir='ltr'>m.</span> 
     </span>
    </p>
   </div>
   <div class='ocr_carea' id='block_1_22' title="bbox 1319 2736 2400 2953">
    <p class='ocr_par' dir='ltr' id='par_1_23' title="bbox 1319 2736 2400 2953">
     <span class='ocr_line' id='line_1_41' title="bbox 1357 2736 2400 2872; baseline 0.001 -17"><span class='ocrx_word' id='word_1_261' title='bbox 1357 2824 1401 2855; x_wconf 89' lang='lat' dir='ltr'>r.</span> <span class='ocrx_word' id='word_1_262' title='bbox 1461 2806 1658 2872; x_wconf 69' lang='lat' dir='ltr'>firmae</span> <span class='ocrx_word' id='word_1_263' title='bbox 1699 2804 1921 2859; x_wconf 82' lang='lat' dir='ltr'>Dorvill.</span> <span class='ocrx_word' id='word_1_264' title='bbox 1978 2802 2035 2871; x_wconf 86' lang='lat' dir='ltr'><em>fi</em></span> <span class='ocrx_word' id='word_1_265' title='bbox 2072 2804 2119 2854; x_wconf 77' lang='lat' dir='ltr'>it</span> <span class='ocrx_word' id='word_1_266' title='bbox 2154 2736 2400 2856; x_wconf 36' lang='lat' dir='ltr'>*il-5902&amp;</span> 
     </span>
     <span class='ocr_line' id='line_1_42' title="bbox 1319 2824 2171 2953; baseline -0.001 -28"><span class='ocrx_word' id='word_1_267' title='bbox 1319 2824 1494 2953; x_wconf 56' lang='lat' dir='ltr'>Pendit</span> <span class='ocrx_word' id='word_1_268' title='bbox 1520 2874 1701 2927; x_wconf 76' lang='lat' dir='ltr'>Heius.</span> <span class='ocrx_word' id='word_1_269' title='bbox 1768 2873 1876 2927; x_wconf 75' lang='lat' dir='ltr'>Alii</span> <span class='ocrx_word' id='word_1_270' title='bbox 1891 2871 2022 2945; x_wconf 80' lang='lat' dir='ltr'>sere</span> <span class='ocrx_word' id='word_1_271' title='bbox 2055 2885 2171 2925; x_wconf 78' lang='lat' dir='ltr'>am.</span> 
     </span>
    </p>
   </div>
   <div class='ocr_carea' id='block_1_23' title="bbox 126 3031 2398 3114">
    <p class='ocr_par' dir='ltr' id='par_1_24' title="bbox 126 3031 2398 3114">
     <span class='ocr_line' id='line_1_43' title="bbox 126 3031 2398 3114; baseline -0.001 -22"><span class='ocrx_word' id='word_1_272' title='bbox 126 3033 371 3114; x_wconf 79' lang='lat' dir='ltr'>pendes</span> <span class='ocrx_word' id='word_1_273' title='bbox 397 3052 510 3112; x_wconf 91' lang='lat' dir='ltr'>pro</span> <span class='ocrx_word' id='word_1_274' title='bbox 535 3032 769 3112; x_wconf 85' lang='lat' dir='ltr'>vulgari</span> <span class='ocrx_word' id='word_1_275' title='bbox 794 3031 1023 3093; x_wconf 79' lang='lat' dir='ltr'>haeres.</span> <span class='ocrx_word' id='word_1_276' title='bbox 1064 3034 1229 3092; x_wconf 73' lang='lat' dir='ltr'>sedes</span> <span class='ocrx_word' id='word_1_277' title='bbox 1311 3032 1472 3092; x_wconf 83' lang='lat' dir='ltr'>feros</span> <span class='ocrx_word' id='word_1_278' title='bbox 1506 3075 1526 3107; x_wconf 92' lang='lat'><strong><em>‚</em></strong></span> <span class='ocrx_word' id='word_1_279' title='bbox 1612 3051 1762 3110; x_wconf 89' lang='lat' dir='ltr'>quos</span> <span class='ocrx_word' id='word_1_280' title='bbox 1840 3040 1932 3091; x_wconf 72' lang='lat' dir='ltr'>est</span> <span class='ocrx_word' id='word_1_281' title='bbox 2015 3050 2398 3090; x_wconf 81' lang='lat' dir='ltr'>accessurus:</span> 
     </span>
    </p>
   </div>
   <div class='ocr_carea' id='block_1_24' title="bbox 140 3118 1235 3800">
    <p class='ocr_par' dir='ltr' id='par_1_25' title="bbox 140 3118 1235 3800">
     <span class='ocr_line' id='line_1_44' title="bbox 142 3118 1231 3198; baseline -0.004 -18"><span class='ocrx_word' id='word_1_282' title='bbox 142 3120 229 3180; x_wconf 83' lang='lat' dir='ltr'>de</span> <span class='ocrx_word' id='word_1_283' title='bbox 273 3118 548 3198; x_wconf 81' lang='lat' dir='ltr'>sepulcro</span> <span class='ocrx_word' id='word_1_284' title='bbox 587 3119 719 3195; x_wconf 76' lang='lat' dir='ltr'>alil,</span> <span class='ocrx_word' id='word_1_285' title='bbox 798 3119 898 3179; x_wconf 89' lang='lat' dir='ltr'>alii</span> <span class='ocrx_word' id='word_1_286' title='bbox 947 3118 1020 3178; x_wconf 88' lang='lat' dir='ltr'>de</span> <span class='ocrx_word' id='word_1_287' title='bbox 1065 3127 1231 3179; x_wconf 85' lang='lat' dir='ltr'>terra</span> 
     </span>
     <span class='ocr_line' id='line_1_45' title="bbox 143 3204 1229 3284; baseline -0.001 -19"><span class='ocrx_word' id='word_1_288' title='bbox 143 3204 483 3265; x_wconf 78' lang='lat' dir='ltr'>admodum</span> <span class='ocrx_word' id='word_1_289' title='bbox 551 3204 702 3265; x_wconf 85' lang='lat' dir='ltr'>dure</span> <span class='ocrx_word' id='word_1_290' title='bbox 772 3204 1091 3284; x_wconf 87' lang='lat' dir='ltr'>accipiunt.</span> <span class='ocrx_word' id='word_1_291' title='bbox 1169 3224 1229 3264; x_wconf 82' lang='lat' dir='ltr'>v.</span> 
     </span>
     <span class='ocr_line' id='line_1_46' title="bbox 140 3290 1233 3370; baseline -0.003 -19"><span class='ocrx_word' id='word_1_292' title='bbox 140 3293 360 3351; x_wconf 88' lang='lat' dir='ltr'>Burm.</span> <span class='ocrx_word' id='word_1_293' title='bbox 445 3290 569 3350; x_wconf 88' lang='lat' dir='ltr'>Cur</span> <span class='ocrx_word' id='word_1_294' title='bbox 599 3311 720 3350; x_wconf 89' lang='lat' dir='ltr'>non</span> <span class='ocrx_word' id='word_1_295' title='bbox 747 3290 948 3350; x_wconf 89' lang='lat' dir='ltr'>locum</span> <span class='ocrx_word' id='word_1_296' title='bbox 984 3310 1233 3370; x_wconf 89' lang='lat' dir='ltr'>compa-</span> 
     </span>
     <span class='ocr_line' id='line_1_47' title="bbox 142 3376 1233 3441; baseline -0.005 -3"><span class='ocrx_word' id='word_1_297' title='bbox 142 3385 295 3438; x_wconf 84' lang='lat' dir='ltr'>rant</span> <span class='ocrx_word' id='word_1_298' title='bbox 324 3376 427 3434; x_wconf 80' lang='lat' dir='ltr'>ins.</span> <span class='ocrx_word' id='word_1_299' title='bbox 457 3395 517 3436; x_wconf 84' lang='lat' dir='ltr'>v.</span> <span class='ocrx_word' id='word_1_300' title='bbox 544 3379 663 3441; x_wconf 83' lang='lat'>371</span> <span class='ocrx_word' id='word_1_301' title='bbox 715 3376 962 3434; x_wconf 68' lang='lat' dir='ltr'>Sedibus</span> <span class='ocrx_word' id='word_1_302' title='bbox 1000 3389 1067 3434; x_wconf 76' lang='lat' dir='ltr'>ut</span> <span class='ocrx_word' id='word_1_303' title='bbox 1100 3376 1233 3434; x_wconf 77' lang='lat' dir='ltr'>sal-</span> 
     </span>
     <span class='ocr_line' id='line_1_48' title="bbox 143 3462 1233 3540; baseline -0.004 -18"><span class='ocrx_word' id='word_1_304' title='bbox 143 3477 274 3523; x_wconf 81' lang='lat' dir='ltr'>tem</span> <span class='ocrx_word' id='word_1_305' title='bbox 291 3462 564 3540; x_wconf 67' lang='lat' dir='ltr'>placidis</span> <span class='ocrx_word' id='word_1_306' title='bbox 597 3464 663 3519; x_wconf 85' lang='lat' dir='ltr'>in</span> <span class='ocrx_word' id='word_1_307' title='bbox 704 3475 885 3521; x_wconf 83' lang='lat' dir='ltr'>morte</span> <span class='ocrx_word' id='word_1_308' title='bbox 910 3465 1233 3540; x_wconf 63' lang='lat' dir='ltr'>,quiescam</span> 
     </span>
     <span class='ocr_line' id='line_1_49' title="bbox 145 3547 1235 3626; baseline -0.002 -19"><span class='ocrx_word' id='word_1_309' title='bbox 145 3557 220 3607; x_wconf 84' lang='lat' dir='ltr'>et</span> <span class='ocrx_word' id='word_1_310' title='bbox 270 3566 331 3607; x_wconf 82' lang='lat' dir='ltr'>v.</span> <span class='ocrx_word' id='word_1_311' title='bbox 390 3550 516 3613; x_wconf 81' lang='lat'>828</span> <span class='ocrx_word' id='word_1_312' title='bbox 575 3568 761 3626; x_wconf 83' lang='lat' dir='ltr'>quam</span> <span class='ocrx_word' id='word_1_313' title='bbox 815 3547 1052 3606; x_wconf 73' lang='lat' dir='ltr'>sedibus</span> <span class='ocrx_word' id='word_1_314' title='bbox 1095 3567 1235 3606; x_wconf 75' lang='lat' dir='ltr'>ossa</span> 
     </span>
     <span class='ocr_line' id='line_1_50' title="bbox 144 3630 1235 3714; baseline -0.002 -23"><span class='ocrx_word' id='word_1_315' title='bbox 144 3636 452 3714; x_wconf 79' lang='lat' dir='ltr'>quierunt.</span> <span class='ocrx_word' id='word_1_316' title='bbox 554 3631 775 3692; x_wconf 85' lang='lat' dir='ltr'>Errant</span> <span class='ocrx_word' id='word_1_317' title='bbox 820 3631 1023 3692; x_wconf 84' lang='lat' dir='ltr'>Manes</span> <span class='ocrx_word' id='word_1_318' title='bbox 1071 3630 1235 3691; x_wconf 88' lang='lat' dir='ltr'>inse-</span> 
     </span>
     <span class='ocr_line' id='line_1_51' title="bbox 145 3718 1235 3800; baseline -0.003 -23"><span class='ocrx_word' id='word_1_319' title='bbox 145 3718 311 3800; x_wconf 84' lang='lat' dir='ltr'>pulti</span> <span class='ocrx_word' id='word_1_320' title='bbox 346 3718 446 3778; x_wconf 82' lang='lat' dir='ltr'>vel</span> <span class='ocrx_word' id='word_1_321' title='bbox 485 3718 643 3777; x_wconf 85' lang='lat' dir='ltr'>circa</span> <span class='ocrx_word' id='word_1_322' title='bbox 683 3738 901 3799; x_wconf 87' lang='lat' dir='ltr'>corpus</span> <span class='ocrx_word' id='word_1_323' title='bbox 941 3718 1040 3779; x_wconf 81' lang='lat' dir='ltr'>vel</span> <span class='ocrx_word' id='word_1_324' title='bbox 1077 3718 1235 3776; x_wconf 87' lang='lat' dir='ltr'>circa</span> 
     </span>
    </p>
   </div>
   <div class='ocr_carea' id='block_1_25' title="bbox 146 3802 1237 3966">
    <p class='ocr_par' dir='ltr' id='par_1_26' title="bbox 146 3802 1237 3966">
     <span class='ocr_line' id='line_1_52' title="bbox 146 3802 1236 3883; baseline -0.004 -19"><span class='ocrx_word' id='word_1_325' title='bbox 146 3807 416 3883; x_wconf 79' lang='lat' dir='ltr'>Stygem.</span> <span class='ocrx_word' id='word_1_326' title='bbox 500 3804 817 3864; x_wconf 76' lang='lat' dir='ltr'>Notissima</span> <span class='ocrx_word' id='word_1_327' title='bbox 849 3823 961 3864; x_wconf 87' lang='lat' dir='ltr'>res.</span> <span class='ocrx_word' id='word_1_328' title='bbox 1004 3824 1063 3864; x_wconf 81' lang='lat' dir='ltr'>v.</span> <span class='ocrx_word' id='word_1_329' title='bbox 1093 3802 1236 3862; x_wconf 88' lang='lat' dir='ltr'>Obs.</span> 
     </span>
     <span class='ocr_line' id='line_1_53' title="bbox 148 3888 1237 3966; baseline -0.005 -16"><span class='ocrx_word' id='word_1_330' title='bbox 148 3890 239 3950; x_wconf 81' lang='lat' dir='ltr'>ad</span> <span class='ocrx_word' id='word_1_331' title='bbox 263 3889 601 3966; x_wconf 83' lang='lat' dir='ltr'>Tibull.111‚</span> <span class='ocrx_word' id='word_1_332' title='bbox 627 3893 689 3966; x_wconf 81' lang='lat'>2,</span> <span class='ocrx_word' id='word_1_333' title='bbox 721 3890 817 3955; x_wconf 87' lang='lat'>15.</span> <span class='ocrx_word' id='word_1_334' title='bbox 847 3899 910 3950; x_wconf 91' lang='lat' dir='ltr'>at</span> <span class='ocrx_word' id='word_1_335' title='bbox 933 3888 1104 3948; x_wconf 79' lang='lat' dir='ltr'>iustis</span> <span class='ocrx_word' id='word_1_336' title='bbox 1131 3908 1237 3946; x_wconf 88' lang='lat' dir='ltr'>ac-</span> 
     </span>
    </p>
   </div>
   <div class='ocr_carea' id='block_1_26' title="bbox 148 3973 1259 4056">
    <p class='ocr_par' dir='ltr' id='par_1_27' title="bbox 148 3973 1259 4056">
     <span class='ocr_line' id='line_1_54' title="bbox 148 3973 1259 4056; baseline -0.005 -20"><span class='ocrx_word' id='word_1_337' title='bbox 148 3976 349 4056; x_wconf 80' lang='lat' dir='ltr'>ceptis</span> <span class='ocrx_word' id='word_1_338' title='bbox 413 3974 491 4034; x_wconf 91' lang='lat' dir='ltr'>ad</span> <span class='ocrx_word' id='word_1_339' title='bbox 540 3976 673 4034; x_wconf 89' lang='lat' dir='ltr'>loca</span> <span class='ocrx_word' id='word_1_340' title='bbox 737 3976 931 4035; x_wconf 79' lang='lat' dir='ltr'>infera</span> <span class='ocrx_word' id='word_1_341' title='bbox 997 3973 1259 4033; x_wconf 23' lang='lat' dir='ltr'>admissi.</span> 
     </span>
    </p>
   </div>
   <div class='ocr_carea' id='block_1_27' title="bbox 145 4060 1242 4484">
    <p class='ocr_par' dir='ltr' id='par_1_28' title="bbox 145 4060 1242 4484">
     <span class='ocr_line' id='line_1_55' title="bbox 147 4060 1239 4142; baseline -0.005 -21"><span class='ocrx_word' id='word_1_342' title='bbox 147 4062 422 4142; x_wconf 87' lang='lat' dir='ltr'>quietem</span> <span class='ocrx_word' id='word_1_343' title='bbox 512 4060 825 4140; x_wconf 84' lang='lat' dir='ltr'>recipiunt.</span> <span class='ocrx_word' id='word_1_344' title='bbox 934 4060 1239 4120; x_wconf 84' lang='lat' dir='ltr'>Piaculare</span> 
     </span>
     <span class='ocr_line' id='line_1_56' title="bbox 145 4149 1239 4213; baseline -0.005 -5"><span class='ocrx_word' id='word_1_345' title='bbox 145 4156 365 4208; x_wconf 85' lang='lat' dir='ltr'>autem</span> <span class='ocrx_word' id='word_1_346' title='bbox 398 4166 634 4206; x_wconf 85' lang='lat' dir='ltr'>sacrum</span> <span class='ocrx_word' id='word_1_347' title='bbox 673 4166 732 4206; x_wconf 81' lang='lat' dir='ltr'>v.</span> <span class='ocrx_word' id='word_1_348' title='bbox 783 4149 901 4213; x_wconf 81' lang='lat'>158</span> <span class='ocrx_word' id='word_1_349' title='bbox 950 4166 1075 4206; x_wconf 90' lang='lat' dir='ltr'>non</span> <span class='ocrx_word' id='word_1_350' title='bbox 1113 4154 1239 4204; x_wconf 84' lang='lat' dir='ltr'>tam</span> 
     </span>
     <span class='ocr_line' id='line_1_57' title="bbox 145 4232 1242 4313; baseline -0.002 -21"><span class='ocrx_word' id='word_1_351' title='bbox 145 4232 237 4293; x_wconf 81' lang='lat' dir='ltr'>ad</span> <span class='ocrx_word' id='word_1_352' title='bbox 277 4232 655 4313; x_wconf 84' lang='lat' dir='ltr'>purgandam</span> <span class='ocrx_word' id='word_1_353' title='bbox 710 4233 951 4291; x_wconf 80' lang='lat' dir='ltr'>classem</span> <span class='ocrx_word' id='word_1_354' title='bbox 1002 4252 1037 4290; x_wconf 91' lang='lat' dir='ltr'>a</span> <span class='ocrx_word' id='word_1_355' title='bbox 1092 4251 1242 4290; x_wconf 87' lang='lat' dir='ltr'>con-</span> 
     </span>
     <span class='ocr_line' id='line_1_58' title="bbox 145 4317 1240 4399; baseline -0.005 -19"><span class='ocrx_word' id='word_1_356' title='bbox 145 4328 330 4380; x_wconf 83' lang='lat' dir='ltr'>tactu</span> <span class='ocrx_word' id='word_1_357' title='bbox 362 4318 646 4399; x_wconf 79' lang='lat' dir='ltr'>insepulti</span> <span class='ocrx_word' id='word_1_358' title='bbox 692 4318 997 4378; x_wconf 77' lang='lat' dir='ltr'>cadaveris</span> <span class='ocrx_word' id='word_1_359' title='bbox 1043 4317 1240 4378; x_wconf 85' lang='lat' dir='ltr'>valere</span> 
     </span>
     <span class='ocr_line' id='line_1_59' title="bbox 145 4403 1242 4484; baseline -0.003 -19"><span class='ocrx_word' id='word_1_360' title='bbox 145 4405 372 4481; x_wconf 68' lang='lat' dir='ltr'>debet,</span> <span class='ocrx_word' id='word_1_361' title='bbox 429 4423 611 4483; x_wconf 86' lang='lat' dir='ltr'>quam</span> <span class='ocrx_word' id='word_1_362' title='bbox 661 4403 740 4463; x_wconf 90' lang='lat' dir='ltr'>ad</span> <span class='ocrx_word' id='word_1_363' title='bbox 777 4403 1111 4484; x_wconf 60' lang='lat' dir='ltr'>placandos,</span> <span class='ocrx_word' id='word_1_364' title='bbox 1143 4403 1242 4462; x_wconf 90' lang='lat' dir='ltr'>in-</span> 
     </span>
    </p>
   </div>
   <div class='ocr_carea' id='block_1_28' title="bbox 1315 3115 2423 3951">
    <p class='ocr_par' dir='ltr' id='par_1_29' title="bbox 1315 3115 2400 3713">
     <span class='ocr_line' id='line_1_60' title="bbox 1315 3115 2400 3178; baseline -0.003 0"><span class='ocrx_word' id='word_1_365' title='bbox 1315 3118 1742 3178; x_wconf 81' lang='lat' dir='ltr'>omnino&#39;enim</span> <span class='ocrx_word' id='word_1_366' title='bbox 1781 3117 1859 3176; x_wconf 89' lang='lat' dir='ltr'>ad</span> <span class='ocrx_word' id='word_1_367' title='bbox 1897 3117 2121 3177; x_wconf 83' lang='lat' dir='ltr'>inferos</span> <span class='ocrx_word' id='word_1_368' title='bbox 2160 3115 2400 3175; x_wconf 83' lang='lat' dir='ltr'>nonnisi</span> 
     </span>
     <span class='ocr_line' id='line_1_61' title="bbox 1316 3202 2398 3284; baseline -0.003 -21"><span class='ocrx_word' id='word_1_369' title='bbox 1316 3204 1538 3284; x_wconf 63' lang='lat' dir='ltr'>expiati</span> <span class='ocrx_word' id='word_1_370' title='bbox 1581 3212 1643 3262; x_wconf 88' lang='lat' dir='ltr'>et</span> <span class='ocrx_word' id='word_1_371' title='bbox 1679 3202 1929 3283; x_wconf 85' lang='lat' dir='ltr'>placatis</span> <span class='ocrx_word' id='word_1_372' title='bbox 1971 3203 2246 3262; x_wconf 84' lang='lat' dir='ltr'>Manibus</span> <span class='ocrx_word' id='word_1_373' title='bbox 2292 3222 2398 3261; x_wconf 86' lang='lat' dir='ltr'>ac-</span> 
     </span>
     <span class='ocr_line' id='line_1_62' title="bbox 1315 3287 2398 3369; baseline -0.002 -20"><span class='ocrx_word' id='word_1_374' title='bbox 1315 3290 1542 3349; x_wconf 87' lang='lat' dir='ltr'>cedunt</span> <span class='ocrx_word' id='word_1_375' title='bbox 1566 3287 1777 3347; x_wconf 82' lang='lat' dir='ltr'>heroes</span> <span class='ocrx_word' id='word_1_376' title='bbox 1802 3288 1963 3369; x_wconf 87' lang='lat' dir='ltr'>apud</span> <span class='ocrx_word' id='word_1_377' title='bbox 1988 3298 2219 3348; x_wconf 82' lang='lat' dir='ltr'>ceteros</span> <span class='ocrx_word' id='word_1_378' title='bbox 2240 3307 2398 3366; x_wconf 89' lang='lat' dir='ltr'>quo-</span> 
     </span>
     <span class='ocr_line' id='line_1_63' title="bbox 1316 3374 2399 3455; baseline -0.002 -20"><span class='ocrx_word' id='word_1_379' title='bbox 1316 3395 1434 3454; x_wconf 87' lang='lat' dir='ltr'>que</span> <span class='ocrx_word' id='word_1_380' title='bbox 1460 3384 1678 3454; x_wconf 86' lang='lat' dir='ltr'>poetas.</span> <span class='ocrx_word' id='word_1_381' title='bbox 1766 3374 1900 3434; x_wconf 89' lang='lat' dir='ltr'>Hoc</span> <span class='ocrx_word' id='word_1_382' title='bbox 1940 3374 2176 3455; x_wconf 84' lang='lat' dir='ltr'>colliges</span> <span class='ocrx_word' id='word_1_383' title='bbox 2218 3375 2399 3433; x_wconf 86' lang='lat' dir='ltr'>etiam</span> 
     </span>
     <span class='ocr_line' id='line_1_64' title="bbox 1316 3458 2400 3541; baseline 0 -22"><span class='ocrx_word' id='word_1_384' title='bbox 1316 3481 1395 3520; x_wconf 83' lang='lat' dir='ltr'>ex</span> <span class='ocrx_word' id='word_1_385' title='bbox 1447 3460 1591 3519; x_wconf 87' lang='lat' dir='ltr'>locis</span> <span class='ocrx_word' id='word_1_386' title='bbox 1639 3458 1801 3541; x_wconf 83' lang='lat' dir='ltr'>apud</span> <span class='ocrx_word' id='word_1_387' title='bbox 1843 3460 2115 3520; x_wconf 87' lang='lat' dir='ltr'>Cerdam.</span> <span class='ocrx_word' id='word_1_388' title='bbox 2187 3464 2400 3539; x_wconf 80' lang='lat' dir='ltr'>prima</span> 
     </span>
     <span class='ocr_line' id='line_1_65' title="bbox 1317 3546 2399 3627; baseline -0.001 -21"><span class='ocrx_word' id='word_1_389' title='bbox 1317 3567 1378 3607; x_wconf 82' lang='lat' dir='ltr'>v.</span> <span class='ocrx_word' id='word_1_390' title='bbox 1434 3548 1555 3612; x_wconf 83' lang='lat'>153</span> <span class='ocrx_word' id='word_1_391' title='bbox 1609 3554 1700 3605; x_wconf 82' lang='lat' dir='ltr'>est</span> <span class='ocrx_word' id='word_1_392' title='bbox 1757 3566 1869 3626; x_wconf 87' lang='lat' dir='ltr'>pro</span> <span class='ocrx_word' id='word_1_393' title='bbox 1894 3590 1913 3621; x_wconf 88' lang='lat'>,</span> <span class='ocrx_word' id='word_1_394' title='bbox 1970 3546 2138 3627; x_wconf 86' lang='lat' dir='ltr'>prius</span> <span class='ocrx_word' id='word_1_395' title='bbox 2168 3591 2185 3621; x_wconf 90' lang='lat'>,</span> <span class='ocrx_word' id='word_1_396' title='bbox 2242 3554 2399 3606; x_wconf 88' lang='lat' dir='ltr'>ante.</span> 
     </span>
     <span class='ocr_line' id='line_1_66' title="bbox 1319 3629 2396 3713; baseline -0.001 -22"><span class='ocrx_word' id='word_1_397' title='bbox 1319 3631 1469 3713; x_wconf 85' lang='lat' dir='ltr'>(vid.</span> <span class='ocrx_word' id='word_1_398' title='bbox 1498 3631 1573 3705; x_wconf 82' lang='lat' dir='ltr'>Q.</span> <span class='ocrx_word' id='word_1_399' title='bbox 1605 3631 1676 3691; x_wconf 90' lang='lat' dir='ltr'>V.</span> <span class='ocrx_word' id='word_1_400' title='bbox 1701 3632 1977 3707; x_wconf 85' lang='lat' dir='ltr'>XXVIII,</span> <span class='ocrx_word' id='word_1_401' title='bbox 2012 3635 2075 3707; x_wconf 82' lang='lat'>3,</span> <span class='ocrx_word' id='word_1_402' title='bbox 2109 3632 2167 3691; x_wconf 86' lang='lat' dir='ltr'>d.</span> <span class='ocrx_word' id='word_1_403' title='bbox 2219 3629 2396 3713; x_wconf 86' lang='lat' dir='ltr'>Wr.)</span> 
     </span>
    </p>

    <p class='ocr_par' dir='ltr' id='par_1_30' title="bbox 1318 3716 2423 3951">
     <span class='ocr_line' id='line_1_67' title="bbox 1407 3716 2423 3797; baseline -0.001 -20"><span class='ocrx_word' id='word_1_404' title='bbox 1407 3721 1548 3783; x_wconf 89' lang='grc'><strong>157.</strong></span> <span class='ocrx_word' id='word_1_405' title='bbox 1596 3716 1816 3776; x_wconf 77' lang='lat' dir='ltr'>Caecus</span> <span class='ocrx_word' id='word_1_406' title='bbox 1856 3718 2088 3797; x_wconf 79' lang='lat' dir='ltr'>ignotos</span> <span class='ocrx_word' id='word_1_407' title='bbox 2117 3761 2136 3794; x_wconf 87' lang='lat'><em>,</em></span> <span class='ocrx_word' id='word_1_408' title='bbox 2182 3718 2423 3777; x_wconf 79' lang='lat' dir='ltr'>obscu-‘</span> 
     </span>
     <span class='ocr_line' id='line_1_68' title="bbox 1318 3804 2400 3879; baseline 0 -17"><span class='ocrx_word' id='word_1_409' title='bbox 1318 3822 1419 3862; x_wconf 85' lang='lat' dir='ltr'>ros</span> <span class='ocrx_word' id='word_1_410' title='bbox 1450 3846 1468 3879; x_wconf 91' lang='lat'>‚</span> <span class='ocrx_word' id='word_1_411' title='bbox 1524 3816 1763 3862; x_wconf 70' lang='lat' dir='ltr'>eventus</span> <span class='ocrx_word' id='word_1_412' title='bbox 1818 3804 2015 3862; x_wconf 88' lang='lat' dir='ltr'>animo</span> <span class='ocrx_word' id='word_1_413' title='bbox 2063 3812 2400 3874; x_wconf 76' lang='lat' dir='ltr'>versantem</span> 
     </span>
     <span class='ocr_line' id='line_1_69' title="bbox 1319 3887 2402 3951; baseline 0 -4"><span class='ocrx_word' id='word_1_414' title='bbox 1319 3887 1582 3948; x_wconf 84' lang='lat' dir='ltr'>Aeneam</span> <span class='ocrx_word' id='word_1_415' title='bbox 1627 3908 1765 3947; x_wconf 89' lang='lat' dir='ltr'>cum</span> <span class='ocrx_word' id='word_1_416' title='bbox 1802 3887 2033 3951; x_wconf 81' lang='lat' dir='ltr'>Achate</span> <span class='ocrx_word' id='word_1_417' title='bbox 2070 3889 2221 3948; x_wconf 87' lang='lat' dir='ltr'>bene</span> <span class='ocrx_word' id='word_1_418' title='bbox 2263 3897 2402 3947; x_wconf 80' lang='lat' dir='ltr'>ante</span> 
     </span>
    </p>
   </div>
   <div class='ocr_carea' id='block_1_29' title="bbox 1305 3973 1728 4051">
    <p class='ocr_par' dir='ltr' id='par_1_31' title="bbox 1305 3973 1728 4051">
     <span class='ocr_line' id='line_1_70' title="bbox 1305 3973 1728 4051; baseline -0.002 -17"><span class='ocrx_word' id='word_1_419' title='bbox 1305 3975 1527 4051; x_wconf 64' lang='lat' dir='ltr'>‚oculos</span> <span class='ocrx_word' id='word_1_420' title='bbox 1553 3973 1728 4033; x_wconf 85' lang='lat' dir='ltr'>sistit.</span> 
     </span>
    </p>
   </div>
   <div class='ocr_carea' id='block_1_30' title="bbox 1324 4058 2440 4389">
    <p class='ocr_par' dir='ltr' id='par_1_32' title="bbox 1324 4058 2440 4389">
     <span class='ocr_line' id='line_1_71' title="bbox 1415 4058 2402 4137; baseline -0.008 -13"><span class='ocrx_word' id='word_1_421' title='bbox 1415 4063 1556 4124; x_wconf 88' lang='grc'><strong>160.</strong></span> <span class='ocrx_word' id='word_1_422' title='bbox 1587 4063 1725 4124; x_wconf 90' lang='grc'><strong>161.</strong></span> <span class='ocrx_word' id='word_1_423' title='bbox 1781 4058 1900 4120; x_wconf 83' lang='lat' dir='ltr'>Pro</span> <span class='ocrx_word' id='word_1_424' title='bbox 1945 4058 2213 4137; x_wconf 82' lang='lat' dir='ltr'>vulgari:</span> <span class='ocrx_word' id='word_1_425' title='bbox 2271 4076 2402 4116; x_wconf 85' lang='lat' dir='ltr'>ser-</span> 
     </span>
     <span class='ocr_line' id='line_1_72' title="bbox 1324 4143 2401 4225; baseline -0.003 -22"><span class='ocrx_word' id='word_1_426' title='bbox 1324 4165 1531 4205; x_wconf 87' lang='lat' dir='ltr'>mones</span> <span class='ocrx_word' id='word_1_427' title='bbox 1562 4145 1836 4205; x_wconf 83' lang='lat' dir='ltr'>ferebant</span> <span class='ocrx_word' id='word_1_428' title='bbox 1863 4164 2040 4225; x_wconf 70' lang='lat' dir='ltr'>super</span> <span class='ocrx_word' id='word_1_429' title='bbox 2074 4143 2257 4204; x_wconf 77' lang='lat' dir='ltr'>variis</span> <span class='ocrx_word' id='word_1_430' title='bbox 2299 4160 2401 4202; x_wconf 87' lang='lat' dir='ltr'>re-</span> 
     </span>
     <span class='ocr_line' id='line_1_73' title="bbox 1324 4226 2396 4311; baseline -0.006 -20"><span class='ocrx_word' id='word_1_431' title='bbox 1324 4232 1456 4291; x_wconf 85' lang='lat' dir='ltr'>bus.</span> <span class='ocrx_word' id='word_1_432' title='bbox 1540 4228 1698 4311; x_wconf 88' lang='lat' dir='ltr'>(Non</span> <span class='ocrx_word' id='word_1_433' title='bbox 1747 4252 1929 4308; x_wconf 75' lang='lat' dir='ltr'>super</span> <span class='ocrx_word' id='word_1_434' title='bbox 1967 4232 2155 4290; x_wconf 66' lang='lat' dir='ltr'>variis</span> <span class='ocrx_word' id='word_1_435' title='bbox 2203 4226 2396 4302; x_wconf 66' lang='lat' dir='ltr'>rehu-e,</span> 
     </span>
     <span class='ocr_line' id='line_1_74' title="bbox 1324 4314 2440 4389; baseline -0.004 -13"><span class='ocrx_word' id='word_1_436' title='bbox 1324 4317 1433 4377; x_wconf 85' lang='lat' dir='ltr'>sed</span> <span class='ocrx_word' id='word_1_437' title='bbox 1493 4317 1683 4377; x_wconf 81' lang='lat' dir='ltr'>multa</span> <span class='ocrx_word' id='word_1_438' title='bbox 1736 4316 1900 4376; x_wconf 77' lang='lat' dir='ltr'>varie</span> <span class='ocrx_word' id='word_1_439' title='bbox 1970 4314 2440 4389; x_wconf 86' lang='lat' dir='ltr'>coniectabant,·</span> 
     </span>
    </p>
   </div>
   <div class='ocr_carea' id='block_1_31' title="bbox 1323 4397 2403 4482">
    <p class='ocr_par' dir='ltr' id='par_1_33' title="bbox 1323 4397 2403 4482">
     <span class='ocr_line' id='line_1_75' title="bbox 1323 4397 2403 4482; baseline -0.005 -18"><span class='ocrx_word' id='word_1_440' title='bbox 1323 4422 1502 4482; x_wconf 87' lang='lat' dir='ltr'>quem</span> <span class='ocrx_word' id='word_1_441' title='bbox 1529 4403 1751 4463; x_wconf 83' lang='lat' dir='ltr'>diceret</span> <span class='ocrx_word' id='word_1_442' title='bbox 1773 4400 2013 4481; x_wconf 84' lang='lat' dir='ltr'>Sibylla.</span> <span class='ocrx_word' id='word_1_443' title='bbox 2046 4402 2143 4463; x_wconf 88' lang='lat' dir='ltr'><em>W</em></span> <span class='ocrx_word' id='word_1_444' title='bbox 2140 4397 2223 4482; x_wconf 86' lang='lat' dir='ltr'>r.)</span> <span class='ocrx_word' id='word_1_445' title='bbox 2289 4400 2403 4459; x_wconf 88' lang='lat' dir='ltr'>Ce-</span> 
     </span>
    </p>
   </div>
  </div>
 </body>
</html>
