2882 5028
521 270 1367 347 TRACTATARUM
1414 272 2062 351 INVENTIONE
2339 282 2438 353 47

139 471 448 535 scentes
510 459 597 533 in
660 458 1100 551 oratione,
1189 458 1522 560 eiusque
1581 472 2006 551 structura,
2080 457 2443 561 singulis-

143 586 313 662 que
355 562 759 662 loquendi
806 559 1111 636 formis
1165 557 1701 642 observandis.
1763 567 1933 640 Ut
1981 562 2062 638 in
2123 562 2288 640 aliis
2347 562 2441 643 li-

146 664 551 741 beralibus
604 665 947 786 studiis,
1015 665 1130 741 sic
1188 664 1272 739 in
1328 664 1485 741 hoc
1539 666 2082 770 antiquiorum
2142 666 2441 743 littera-

150 794 370 865 rum,
432 770 874 871 proposita
936 792 1112 844 esse
1180 766 1425 844 debet
1479 768 1769 846 saltem
1819 770 2108 846 utilitas
2153 771 2437 871 aliqua,

150 873 321 947 otio
368 887 700 969 nostre,
769 871 943 947 hoc
995 872 1204 947 vitae
1261 872 1706 974 viriumque
1770 872 2110 949 modulo
2179 874 2437 972 digna,

148 976 488 1053 honesta
569 989 660 1051 et
720 975 1098 1052 liberalis.
1228 975 1441 1057 Nihil
1517 990 1785 1053 autem
1851 977 2188 1053 ieiunius
2267 1001 2436 1053 esse

148 1094 453 1179 potest
476 1081 627 1155 ista
696 1078 1119 1154 doctrinae
1182 1080 1750 1178 ostentatione,
1826 1106 1980 1181 qua
2034 1080 2258 1157 modi
2314 1080 2434 1156 lo-
2531 1174 2538 1185 ἱ

150 1183 459 1282 quendi
506 1184 868 1258 rariores
919 1208 1007 1256 ac
1065 1180 1589 1274 difficiliores,
1660 1184 2218 1283 exemplorum
2267 1196 2434 1260 tur-

150 1286 253 1360 ba
298 1287 695 1407 undique·
717 1286 1167 1386 conquisita
1212 1299 1294 1360 et
1335 1287 1436 1363 ad
1470 1246 1758 1385 digitos
1803 1289 2201 1388 disposita,
2255 1287 2432 1364 illu·

153 1403 539 1468 strantur:
607 1391 768 1464 nisi
816 1388 1057 1465 simul
1114 1403 1246 1464 aut
1289 1390 1475 1491 ipsis
1516 1390 1715 1466 locis
1761 1389 1893 1468 lux
1938 1391 2195 1492 aliqua
2243 1392 2431 1468 inde

156 1491 650 1589 affunditur,
741 1506 880 1568 aut
934 1495 1312 1568 orationis
1352 1495 1832 1595 proprietaS,
1918 1494 2304 1594 elegantia
2354 1507 2434 1571 et

156 1611 528 1691 οτιιτιιιιε,
616 1596 1101 1688 declaratur,
1167 1598 1269 1672 ita
1326 1611 1419 1674 ut
1477 1597 1580 1673 ad
1623 1599 1740 1674 rei
1805 1601 2226 1675 notionem
2289 1622 2432 1675 seu

160 1703 516 1801 speciem
595 1702 860 1775 menti
918 1700 1402 1776 insidentem
1468 1701 1792 1779 accedat
1849 1703 2040 1778 inde
2111 1701 2432 1803 aliquid,

274 1828 326 1879 o
381 1804 521 1879 illa
596 1804 985 1899 vividior,
1066 1804 1420 1903 plenior,
1511 1808 1896 1904 apertior,
1981 1806 2430 1900 iucundior,

264 1921 316 1986 t.
419 1912 607 1983 Hoc
660 1906 944 1982 saltem
986 1908 1241 1983 modo
1288 1908 1386 2003 is,
1443 1909 1583 2010 qui
1632 1934 1773 1985 eos
1816 1909 2113 1985 modos
2159 1912 2427 1985 animo

163 2012 243 2085 et
297 2012 705 2087 memoria
771 2012 1156 2108 tenuerit,
1229 2011 1368 2087 uhi
1417 2011 1765 2089 lectione
1815 2013 1916 2089 ad
1961 2012 2090 2089 illa
2135 2026 2269 2089 aut
2327 2014 2430 2088 si-

162 2115 371 2192 milia
418 2116 595 2191 loca
640 2119 1105 2215 perrexerit,
1157 2114 1500 2191 lucratus
1541 2129 1662 2192 est
1711 2142 1803 2193 ex
1845 2117 1973 2193 illa
2019 2117 2426 2193 doctrinae

164 2220 383 2319 copia
426 2219 631 2307 hoc,
699 2217 930 2319 quod
970 2243 1297 2294 sensum
1343 2243 1670 2315 eorum,
1738 2245 1942 2321 quae
1991 2220 2217 2319 legit,
2287 2220 2429 2295 ha·-

164 2322 295 2398 bet
343 2336 428 2398 et
468 2323 882 2398 veriorem
926 2334 1010 2397 et
1060 2323 1470 2402 acriorem.
1553 2328 1656 2399 At
1703 2327 1923 2400 enim
1969 2324 2167 2400 nihil
2210 2323 2428 2399 aliud

162 2439 435 2502 tenere
481 2451 737 2529 quam
802 2423 1191 2501 formulas
1250 2425 1642 2528 loquendi
1697 2430 2114 2530 exquisitas
2160 2442 2237 2503 et
2300 2453 2428 2503 ra-
2479 2475 2484 2480 ·

162 2555 311 2626 ras,
378 2532 785 2606 miserum
838 2542 921 2605 et
977 2532 1208 2606 inane
1272 2531 1628 2608 studium
1678 2545 1832 2627 est,
1908 2556 2075 2607 non
2134 2534 2424 2627 minu5,

167 2659 397 2734 quam
455 2633 709 2731 illud,
780 2634 844 2708 si
902 2635 985 2708 in
1050 2634 1503 2710 auctoribus
1560 2635 1891 2709 classicis
1938 2633 2298 2734 legendis
2341 2637 2423 2711 id

164 2737 388 2813 unice
436 2760 665 2836 agaS,
738 2749 863 2830 ut,
936 2735 1419 2813 emendandi
1470 2751 1549 2814 et
1600 2738 2094 2835 corrigendi,
2146 2739 2425 2815 saltem

175 2841 711 2933 coniectandi,
767 2841 1277 2963 sagacitatem
1303 2866 1493 2962 ‘quo
1549 2840 1734 2917 loco
1798 2841 2181 2918 adhihere
2238 2867 2424 2942 pos·-

177 2944 308 3040 sis,
357 2945 965 3044 circumspicias,
1022 2943 1126 3020 de
1178 2945 1361 3045 ipsis
1406 2959 1677 3036 autem
1718 2944 1961 3021 rebus
2002 2959 2083 3022 et
2107 2957 2424 3023 senten-

176 3049 310 3143 tiis,
357 3061 710 3150 propter
760 3072 955 3149 quas
1003 3047 1107 3124 de
1149 3048 1412 3124 verbis
1459 3047 1992 3124 laborandum
2040 3064 2240 3144 erat,
2292 3076 2425 3151 pa-

172 3176 338 3228 mm
390 3154 498 3228 sis
547 3151 955 3229 sollicitus.
1076 3152 1239 3228 Sed
1295 3177 1513 3229 nunc
1566 3153 1935 3229 universe
2007 3153 2423 3248 nonnulla,

175 3281 361 3357 quae
397 3256 500 3332 ad
554 3253 916 3331 fabulam
954 3256 1329 3334 Aeneidis
1363 3270 1760 3358 spectant,
1813 3255 2274 3338 summatim
2302 3281 2426 3333 ex-

174 3384 461 3460 ponere
512 3358 944 3435 consilium
992 3372 1178 3437 erat.

357 3467 490 3543 Vl.
556 3463 806 3558 Quod
828 3491 978 3564 per
991 3469 1591 3563 praedictionum
1621 3467 1987 3564 ambages
2021 3475 2237 3538 totus
2265 3466 2421 3541 Ae·-

181 3566 408 3644 neidis
443 3566 837 3646 decursus
877 3568 1459 3668 praecipitatur,
1484 3568 1716 3644 inter
1734 3564 2231 3644 felicissima
2211 3589 2423 3665 lnge

187 3673 576 3756 niosissimi
633 3685 938 3775 poetae
984 3671 1302 3746 inventa
1346 3695 1388 3745 a
1439 3695 1579 3746 me
1628 3681 2137 3746 numeratum
2190 3684 2308 3747 est
2323 3680 2422 3770 *).

187 3776 431 3852 Mil-am
480 3778 706 3853 enim
761 3775 870 3852 ad
914 3774 1344 3850 hominum
1382 3776 1694 3850 animos
1737 3774 1914 3849 vim
1945 3773 2249 3851 habent
2293 3772 2424 3851 fu-

192 3888 499 3958 turamm
544 3906 841 3960 rerum
893 3876 1577 3972 denuntiationes,
1638 3889 1727 3953 et
1791 3902 1884 3953 ex
1924 3877 2014 3952 iis
2071 3891 2420 3958 eventuS.

195 3982 458 4100 Quippe
504 4001 629 4065 est
676 4012 777 4064 ea
820 3983 1176 4104 generis
1220 3980 1554 4058 humani
1604 3995 2008 4082 tamquam
2057 3981 2421 4061 imbecil-

190 4081 346 4186 litas,
400 4104 522 4189 ιιι,
574 4094 646 4170 si
690 4088 1019 4183 futura,
1074 4085 1379 4161 etiamsi
1428 4091 1741 4163 obscure
1786 4097 1865 4161 et
1903 4090 2286 4187 ambigue,
2342 4099 2423 4161 et

300 4325 351 4410 η
392 4328 540 4409 ⁵¹¹9·
593 4324 826 4401 nmqu.
877 4314 925 4376 1.
974 4334 1018 4372 s.
1069 4311 1172 4373 tx.
1218 4312 1375 4374 xvt.
