2882 5028
441 370 598 448 250
928 366 1816 443 EXCURSUS
1925 366 2180 443 XVII

437 565 536 617 ter
574 557 953 638 superiorum
995 568 1338 639 temporum
1380 578 1477 617 res
1519 558 1596 618 ab
1637 556 1868 617 Achille
1909 567 2133 636 gestas3
2178 568 2241 617 et
2282 558 2346 616 in
2372 556 2493 616 hoc
2517 577 2705 636 prae-

435 642 614 703 ivisse
657 652 965 704 auctorem
1009 644 1370 726 Cypriorum
1413 645 1767 721 carminum,
1811 665 1845 703 e
1889 644 2101 704 Proclo
2147 637 2347 704 didici.
2438 642 2553 703 Alii
2600 663 2702 701 se-

436 727 563 788 rius
605 738 667 788 et
706 738 846 809 post
887 729 1222 791 Memnonis
1266 730 1510 789 demum
1551 731 1866 790 interitum
1911 732 2229 790 collocasse
2272 727 2583 803 videntur,
2630 740 2708 789 ut

436 832 513 872 ex
569 814 964 896 Lycophrone
1018 821 1145 881 307
1206 837 1333 895 sqq.
1390 824 1451 874 et
1506 816 1726 875 Tzetza
1785 816 1866 875 ad
1908 837 1959 876 e.
2001 816 2042 877 l.
2101 827 2163 875 et
2216 818 2281 876 in
2324 812 2704 875 Posthomer.

435 899 561 964 853
620 921 747 979 sqq.
806 902 1074 981 colligas,
1141 902 1245 961 ubi
1303 902 1492 961 Troili
1552 901 1764 961 caedes
1817 911 1910 961 est
1970 911 2305 963 extremum
2361 901 2705 960 facinorum

433 982 700 1047 Achillis.
785 988 864 1047 Et
903 988 990 1047 sic
1029 988 1342 1048 manifeste
1390 989 1591 1068 Dictys
1645 988 1751 1067 qui
1791 987 1973 1067 vulgo
2017 990 2215 1048 fertur
2257 987 2356 1063 lv,
2406 990 2466 1051 9.
2528 987 2704 1046 unde

432 1080 604 1150 patet
660 1072 820 1132 inter
886 1074 1128 1152 potiora
1183 1073 1446 1154 episodia
1490 1074 1942 1151 Postiliacorum
1983 1075 2162 1134 fuisse
2200 1072 2389 1134 Troili
2430 1072 2593 1132 sacta
2635 1080 2704 1132 et

431 1157 575 1217 sata.
660 1158 806 1219 Post
845 1159 1166 1221 Hectorem
1212 1178 1451 1219 caesum
1499 1142 1772 1221 Troilum
1814 1160 2117 1221 Ausonius
2160 1157 2436 1241 Epitaph.
2483 1159 2566 1223 18
2586 1158 2701 1219 dt.

429 1243 694 1303 Omnino
737 1246 901 1305 varie
943 1245 1105 1305 hanc
1132 1250 1541 1307 narrationem
1584 1265 1619 1304 a
1660 1247 1872 1325 priscis
1915 1248 2110 1326 poetis
2150 1254 2470 1306 tractatam

427 1347 667 1389 necesse
720 1339 830 1391 est.
915 1331 1191 1412 Inprimis
1241 1341 1447 1393 tamen
1515 1332 1760 1392 infames
1811 1334 1978 1392 fuere
2037 1332 2282 1392 Achillis
2342 1349 2574 1391 amores
2627 1330 2698 1390 in

429 1414 702 1475 Troilum
743 1418 1180 1496 pulcerrimum
1221 1439 1511 1498 puerum,
1583 1418 1709 1477 vid.
1754 1419 1970 1478 Tzetza
2018 1418 2163 1478 ibid.
2210 1427 2270 1477 et
2313 1417 2394 1476 ad
2435 1436 2487 1476 e.
2529 1417 2699 1475 Can·

355 1493 366 1503 ’
425 1507 541 1560 ter.
584 1501 736 1561 Nov.
780 1503 940 1564 Lect.
985 1504 1060 1580 11,
1103 1509 1164 1580 9,
1224 1513 1285 1564 et
1311 1503 1373 1565 h.
1419 1504 1479 1571 l..
1504 1504 1694 1564 Cerda
1750 1515 1889 1585 post
1944 1506 2254 1565 Servium:
2325 1522 2696 1582 quamquam

427 1587 642 1645 Tzetza
688 1607 800 1668 pro
844 1590 1019 1650 solita
1044 1611 1153 1650 sua
1192 1590 1457 1651 stultitia
1498 1590 1815 1671 sponsione
1850 1601 2063 1667 certat,
2105 1590 2376 1651 Troilum
2403 1608 2693 1668 magnum

424 1671 546 1731 iam
590 1683 743 1733 natu
785 1676 985 1736 fuisse.
1071 1676 1224 1735 Nata
1284 1686 1485 1737 autem
1540 1676 1667 1736 sine
1713 1676 1896 1737 dubio
1957 1687 2047 1737 est
2092 1698 2159 1736 ea
2200 1676 2405 1735 fabula
2452 1693 2486 1734 e
2533 1693 2695 1754 poe-

423 1766 628 1819 tarum
664 1760 927 1838 lusibus,
982 1762 1086 1840 qui
1131 1782 1463 1843 puerorum
1522 1782 1756 1822 amores
1797 1763 2068 1844 inprimis
2117 1762 2363 1822 Achillis
2409 1760 2693 1840 exemplo

428 1844 867 1924 defendebant5
927 1867 1108 1926 quam
1164 1848 1244 1907 ad
1279 1868 1409 1909 rem
1453 1868 1755 1909 summum
1793 1849 1948 1909 illud
2003 1851 2178 1909 occisi
2222 1847 2482 1908 Patrocli
2522 1844 2694 1906 dosi-

429 1928 671 1991 derium
711 1934 1034 1994 memorari
1077 1934 1326 1995 solebat.
1411 1934 1609 1994 Fuere
1653 1954 1730 1994 ex
1772 1953 1844 1995 eo
1875 1955 2088 2014 genere
2129 1937 2364 2015 plures,
2408 1941 2482 1993 ut
2521 1930 2689 1993 1²11-

420 2015 659 2092 nocles,
706 2020 875 2079 cuius
891 2014 1228 2100 Ἕρωτες”
1181 2045 1224 2103 η
1259 2020 1457 2084 Koloi
1483 2039 1679 2102 nuper
1717 2021 1784 2081 in
1826 2022 2177 2082 memoriam
2218 2018 2487 2082 revocati
2513 2018 2691 2078 suere

419 2103 756 2181 fragmento
815 2124 848 2164 e
906 2106 1167 2166 Stobaeo
1211 2127 1247 2164 a
1303 2105 1674 2187 Ruhnkenio
1714 2115 2063 2169 retractato.
2157 2107 2315 2167 conf.
2369 2105 2562 2164 Notae
2603 2103 2691 2163 ad
2764 2134 2777 2153 ο

419 2187 700 2269 Apollod.
743 2210 802 2270 p.
846 2190 972 2255 582
1015 2211 1142 2271 sqq.
1224 2192 1384 2252 Illud
1420 2194 1687 2269 mireris,
1728 2192 1896 2272 quod
1935 2194 2054 2253 iam
2097 2193 2460 2274 Lycophrou
2500 2188 2691 2251 sabu-

417 2274 541 2334 lam
579 2272 739 2335 hanc
781 2276 968 2336 Troili
1008 2278 1432 2379 interpolatam
1477 2288 1768 2358 sequutus
1810 2299 1933 2339 esse
1974 2280 2222 2340 videtur
2262 2280 2302 2340 l.
2333 2280 2375 2339 l.
2418 2285 2483 2335 et
2522 2276 2691 2338 Arae

417 2368 634 2422 auctor
671 2362 984 2439 carminis,
1027 2364 1194 2443 quod
1237 2365 1398 2425 inter
1439 2366 1719 2425 Simmiae
1763 2367 2014 2447 παίγνια
2056 2366 2333 2425 habetur.
2396 2364 2689 2423 ceterum

416 2446 703 2528 Virgilius
748 2448 937 2509 Troili
979 2450 1224 2510 caedem
1265 2451 1352 2510 ita
1395 2461 1611 2512 narrat
1651 2461 1711 2510 et
1755 2460 2008 2528 tractat,
2052 2463 2122 2513 ut
2167 2453 2220 2511 is
2264 2472 2401 2512 cum
2450 2447 2688 2508 Achille

416 2554 766 2615 congressus
826 2536 1080 2597 vulnere
1138 2548 1384 2617 accepto
1427 2559 1616 2600 curru
1670 2538 1994 2613 exciderit,
2052 2539 2306 2639 pedibus
2347 2545 2549 2597 tamen
2589 2536 2683 2595 ita

413 2621 768 2700 impeditus,
829 2630 901 2682 ut
969 2624 1221 2703 supinus
1284 2643 1318 2682 e
1373 2645 1561 2686 curru
1618 2624 1895 2705 delapsus
1962 2626 2037 2683 ab
2095 2627 2261 2705 equis
2330 2629 2684 2705 raptaretur

415 2709 726 2787 (compara
771 2707 938 2767 Iliad.
983 2712 1030 2785 ζ,
1073 2712 1178 2773 42.
1220 2709 1351 2788 43),
1396 2731 1534 2770 cum
1582 2711 1810 2770 interea
1857 2730 1969 2770 nec
2004 2711 2238 2772 hastam
2278 2731 2391 2770 nec
2432 2712 2599 2770 frena
2644 2729 2685 2768 e

412 2795 687 2854 manibus
732 2794 1098 2871 dimitteret3
1139 2796 1344 2873 itaque
1385 2795 1560 2857 hasta
1602 2797 1842 2857 inversa
1883 2817 1993 2877 per
2035 2807 2261 2859 terram
2303 2805 2500 2856 tracta
2545 2795 2683 2854 sul-

411 2899 513 2939 cos
555 2880 620 2941 in
657 2881 909 2960 pulvere
949 2882 1192 2940 tractim
1236 2882 1513 2942 faciebat.
1597 2884 1791 2944 Aliter
1833 2882 2040 2963 Dictys
2082 2884 2122 2944 l.
2165 2884 2206 2943 l.
2248 2883 2355 2942 ubi
2380 2883 2445 2941 in
2469 2901 2682 2961 pugna

411 2975 621 3046 captus
662 2987 807 3026 mox
853 2967 1214 3046 producitur
1258 2976 1320 3026 et
1360 2969 1668 3048 iugulatur
1711 2969 1786 3028 ab
1826 2967 2075 3029 Achille.
2164 2970 2346 3028 Dares
2390 2989 2521 3048 cap.
2566 2971 2678 3043 33,

409 3070 587 3128 quem
629 3050 918 3131 Iosephus
961 3053 1206 3112 Iscanus
1249 3054 1360 3128 VI,
1418 3058 1548 3120 289
1602 3077 1729 3134 sqq.
1778 3054 2082 3134 sequitur,
2137 3075 2292 3153 equo
2346 3055 2412 3112 in
2469 3073 2680 3134 pugna

407 3155 724 3196 excussum
781 3147 1076 3196 memorat
1118 3147 1181 3196 et
1223 3138 1298 3196 ab
1341 3138 1575 3200 Achille
1633 3142 2092 3221 superveniente
2148 3143 2428 3200 occisum.
2514 3139 2680 3198 Tra-

403 3222 647 3301 goediae
690 3223 877 3282 Troili
920 3222 1162 3283 nomine
1215 3223 1539 3305 inscriptae
1598 3229 1766 3288 suere
1823 3226 1964 3286 olim
2008 3223 2354 3308 Sophoclis,
2406 3233 2468 3284 et
2512 3224 2676 3283 alio-

404 3326 562 3367 rum.
646 3307 818 3382 Quae
862 3308 1100 3367 fabulae
1144 3311 1487 3369 oeconomia
1532 3313 1747 3389 fuerit,
1807 3333 1838 3371 e
1882 3310 2134 3372 Scholiis
2177 3312 2333 3374 vict.
2375 3311 2457 3370 ad
2499 3310 2671 3370 [lind.

402 3393 626 3469 XXIV,
670 3394 799 3459 257
843 3394 1133 3493 suspicari
1174 3396 1340 3456 licet:
1386 3398 1625 3458 Troilus
1664 3400 1729 3458 in
1756 3398 2138 3479 Thymbraeo
2182 3397 2474 3477 ‘equestris
2518 3416 2673 3454 cur—

402 3499 504 3538 sus
558 3479 978 3539 exercitationi
1037 3501 1258 3541 vacans
1313 3503 1348 3539 a
1415 3486 1878 3564 superveniente
1933 3484 2164 3546 Achille
2220 3483 2450 3543 occisus
2514 3491 2673 3543 erat.

400 3563 868 3625 observabimus
910 3567 1157 3626 tandem
1196 3568 1605 3629 recentiorum
1631 3590 1872 3649 quoque
1906 3572 2249 3631 fabularum
2277 3570 2500 3629 factum
2541 3588 2674 3628 esse

401 3651 673 3712 Troilum
729 3662 1182 3732 argumentum,
1249 3654 1418 3714 Lollii
1461 3656 1706 3734 quidem
1747 3657 2089 3732 Urbinatis,
2145 3662 2204 3715 et
2245 3655 2547 3715 Guidonis
2589 3655 2675 3715 de

399 3737 686 3799 Colonna.
774 3738 946 3799 Unde
988 3739 1262 3799 Chaucer
1304 3740 1485 3801 duxit
1528 3761 1704 3802 suum
1746 3744 2018 3804 Troilum
2061 3751 2124 3802 st
2165 3742 2459 3803 Cressida.
2538 3743 2673 3802 Ex-

396 3832 492 3884 tat
551 3844 789 3903 quoque
844 3845 954 3885 ms.
1007 3826 1234 3887 Alberti
1295 3827 1606 3887 stadensis
1661 3848 1902 3890 carmen
1959 3830 2282 3930 elegiacum
2349 3826 2673 3891 historiam

397 3910 534 3969 belli
579 3912 825 3971 Troiani
860 3913 1260 3992 complexum,
1304 3915 1495 3974 Troili
1525 3915 1767 3976 nomine
1799 3916 2159 3998 inscriptum
2187 3915 2252 3975 in
2297 3913 2673 3977 bibliotheca

397 3996 594 4057 ducali
636 3996 1000 4079 Guelpherb.

1314 4197 1729 4212 m
