2882 5028
409 399 425 414 .
540 335 690 411 484

1040 329 1121 402 Ρ.
1190 325 1596 401 VIRGIL
1615 324 1709 399 11
1771 324 2326 402 MARONIS

539 524 748 595 Aere
786 537 979 590 cavo
1013 512 1401 614 clipeum,
1455 510 1721 610 magni
1752 524 2163 609 gestamen
2197 509 2538 607 Abantis,

538 617 905 698 Postibus
934 617 1278 693 adversis
1320 614 1521 714 figo,
1571 629 1651 692 et
1683 639 1861 691 rem
1908 615 2259 690 carmine
2288 616 2544 712 signo:

538 743 838 800 annuas
883 743 1087 796 mc
1139 743 1242 794 DE
1284 741 1571 795 nanus
1624 740 2102 795 wc'roanms
2153 739 2399 797 ARMA-

536 828 937 927 Linquere
976 837 1150 898 tum
1187 836 1469 925 portus
1504 822 1785 919 iubeo,
1844 834 1925 898 et
1960 821 2379 897 considere
2419 818 2757 896 transtris,

540 925 923 1010 Certatim
1009 927 1203 1003 socii
1290 925 1594 1002 feriunt
1674 949 1936 1023 mare,
2040 938 2119 1001 et
2193 948 2541 1026 aequora
2607 946 2788 1004 ver-A

1706 1042 1916 1107 runt.

2628 1032 2755 1105 290

536 1140 936 1212 Protenus
968 1134 1210 1209 aerias
1232 1132 1687 1210 Phaeacum
1719 1130 2279 1208 abscondimus
2317 1123 2554 1226 arces,

535 1239 967 1337 Litoraque
1001 1238 1220 1338 Epiri
1254 1237 1627 1336 legimu3‚
1678 1249 2083 1338 portuque
2111 1234 2470 1311 subimus

538 1341 940 1439 Chaonio,
997 1353 1079 1416 et
1107 1341 1396 1418 celsam
1423 1340 1793 1417 Buthroti
1826 1339 2288 1416 adcedimus
2326 1339 2624 1415 urbem.

671 1518 778 1571 286
826 1518 973 1567 Aere
1011 1533 1158 1567 novo
1200 1519 1378 1584 Sprot.
1450 1515 1640 1586 clypeo
1682 1514 1931 1566 Rottend.
1971 1532 2077 1566 sec.

812 1587 916 1640 289
952 1596 1067 1634 tum
1084 1587 1313 1655 penitus
1339 1585 1503 1638 Goth.
1529 1603 1635 1637 sec.
1704 1586 2005 1636 consistere
2043 1583 2148 1634 duo
2177 1583 2351 1635 Burm.
2397 1593 2639 1652 perpetus
2672 1596 2749 1629 va-

1378 1655 1479 1708 291
1519 1655 1865 1706 ascendimus·
1905 1653 2009 1703 duo
2043 1654 2215 1704 Burm.
2261 1670 2378 1704 cum
2416 1653 2562 1716 aliis,
2603 1665 2747 1728 pm?-

535 1587 669 1637 Ven.

533 1653 762 1706 riatione
779 1693 794 1719 ,
829 1654 923 1705 sed
950 1653 1086 1704 male
1118 1653 1173 1705 h.
1199 1654 1237 1706 l.

536 1722 698 1775 urbes
726 1729 761 1777 S
765 1735 902 1793 prot.

2216 1515 2322 1568 287
2373 1515 2578 1567 avenis
2614 1510 2750 1579 fingo

1042 1725 1151 1778 292
1179 1735 1488 1793 portusque
1511 1741 1557 1775 e.
1593 1724 1831 1774 Chaonio
1855 1721 2046 1773 Medic.
2074 1740 2105 1773 a
2130 1741 2199 1773 m.
2227 1739 2328 1790 pr„
2366 1739 2486 1773 mox
2504 1728 2748 1773 correctrlx

534 1812 716 1848 manus
754 1791 947 1845 adiecit
976 1810 1022 1844 s.
1091 1794 1160 1843 Et
1187 1810 1314 1843 saue
1352 1807 1663 1865 portasque
1708 1810 1751 1845 s.
1792 1792 2063 1844 Chaonios
2108 1804 2164 1842 et
2202 1810 2247 1842 c.
2285 1791 2441 1843 multi
2487 1789 2630 1843 codd.
2667 1787 2748 1838 hs-

531 1863 689 1928 bent‚
746 1863 832 1914 vel
876 1872 1060 1913 contra
1092 1872 1450 1926 metrum,-et
1485 1861 1642 1922 olim,
1690 1870 1749 1912 ut
1802 1860 1888 1912 vel
1930 1878 1994 1912 ex
2029 1860 2210 1913 Servio
2255 1870 2433 1929 patet,
2480 1861 2746 1912 habuerunt.

530 1932 665 1984 Hinc
698 1930 1154 1999 grammaticorum
1179 1930 1369 1996 tricae,
1418 1932 1486 1982 de
1519 1930 1707 2000 quibus
1744 1949 1795 1983 v.
1827 1928 1965 1981 Pier.
2006 1940 2062 1981 et
2104 1929 2286 1982 Heius.
2371 1929 2473 1982 Sed
2510 1928 2652 1980 facile
2682 1932 2747 1977 est

533 2003 602 2053 ad
646 2001 1074 2069 intelligendum,
1122 2000 1346 2068 primum
1389 2000 1597 2053 librarii
1636 2017 1815 2051 errore
1857 2000 2081 2063 factum,
2150 2009 2210 2050 ut
2250 1998 2599 2052 communiore
2630 2010 2747 2047 more

526 2082 833 2142 portusque
859 2068 1102 2122 subimus
1128 2070 1481 2133 scriberetur;
1517 2070 1639 2120 hinc
1667 2069 2127 2121 accommodarunt
2164 2069 2401 2125 alterum.
2468 2071 2627 2119 Burm.
2663 2081 2745 2149 pu·

532 2140 684 2191 tabat
725 2140 976 2208 scriptum
1025 2138 1196 2209 primo
1237 2138 1401 2191 fuisse
1450 2151 1784 2211 portamque
1824 2157 1868 2190 a.
1911 2139 2219 2191 Chaoniam.
2307 2141 2547 2191 Chaonia
2580 2133 2743 2188 201ιώ-

531 2212 570 2259 E
604 2208 861 2261 Gothanis
890 2226 971 2277 pr.
997 2219 1053 2259 et
1079 2217 1204 2261 tert.
1231 2227 1406 2260 veram
1429 2208 1716 2260 lectionem
1738 2218 2040 2276 agnoscunt.
2111 2208 2466 2277 (Constructio
2495 2224 2593 2258 uon
2611 2201 2744 2271 magi·

531 2278 746 2330 vexabit
779 2276 1177 2346 grammaticos,
1212 2296 1366 2347 quam
1405 2280 1500 2342 IV,
1525 2279 1649 2334 373.
1685 2279 1911 2328 eiectum
1941 2278 2122 2329 litore.
2170 2288 2262 2329 aut
2292 2296 2452 2348 snpra
2480 2278 2593 2333 135.
2633 2275 2745 2326 sicco

531 2346 832 2400 subductae
879 2347 1042 2398 litore
1079 2366 1311 2419 puppes.
1394 2352 1557 2413 Sunt,
1605 2348 1695 2415 qui
1739 2346 1927 2398 malint
1955 2359 2128 2418 portu
2168 2364 2266 2416 pro
2301 2350 2493 2419 portui
2529 2343 2744 2413 accipere·

547 2420 627 2470 W
621 2417 703 2468 ch.
742 2448 808 2456 —

528 2488 594 2539 V.
626 2487 687 2538 L.
713 2487 781 2539 ad
861 2485 926 2550 11,
978 2487 1099 2541 161.
1165 2487 1313 2555 Wr.)

528 2559 709 2609 Bit-oei
726 2595 741 2620 ,
776 2556 1073 2620 Bar-thoti,
1109 2565 1166 2606 et
1190 2566 1323 2626 quot
1349 2556 1521 2608 modis
1552 2573 1659 2608 non
1699 2557 1976 2624 peccatur!

886 2429 1061 2468 ortu-
1077 2417 1317 2469 Chaonio
1345 2417 1540 2478 Palam
1587 2418 1729 2480 vm,
1776 2418 1923 2472 125.:
1977 2454 2009 2479 „
2022 2435 2048 2467 s
2067 2434 2100 2467 u
2113 2417 2150 2467 b
2164 2434 2194 2467 e
2211 2434 2241 2466 u
2254 2434 2289 2467 n
2304 2427 2330 2468 t
2368 2417 2433 2468 lu
2450 2435 2478 2468 c
2494 2419 2586 2467 o.“
2645 2409 2743 2461 Vid-

1470 2487 1580 2543 293
1636 2488 1857 2539 Btueoti
1872 2525 1888 2552 ,
1933 2488 2162 2539 Bueroti
2170 2526 2186 2551 ,
2237 2487 2496 2556 Bythtoti
2503 2525 2518 2551 ‚
2561 2480 2742 2541 Bima,

2047 2558 2356 2609 accedimus
2384 2555 2555 2607 Heius.
2592 2572 2619 2604 e
2651 2567 2742 2602 me-

527 2627 751 2678 lioribus
778 2634 906 2695 post
930 2624 1069 2678 Pier.
1095 2625 1381 2679 revocavit.
1452 2625 1628 2694 Vulgo
1660 2626 2061 2678 adscendimus.
2134 2627 2497 2694 (ascendimus
2509 2623 2657 2676 Palat.
2675 2620 2740 2674 11.

530 2699 616 2751 12.
654 2697 755 2759 13„
793 2694 936 2765 quod
962 2695 1160 2765 probat
1187 2696 1333 2748 Cort.
1367 2695 1436 2747 ad
1466 2696 1659 2747 Lucan.
1693 2696 1758 2759 11,
1805 2697 1928 2750 609.
1996 2694 2104 2747 Sed
2144 2713 2298 2765 quam
2345 2694 2604 2747 commode
2636 2689 2742 2740 haec

526 2764 688 2818 lectio
719 2782 834 2818 cum
861 2783 964 2817 vas.
989 2766 1099 2820 800
1121 2783 1237 2835 sqq·
1265 2775 1322 2817 et
1338 2766 1449 2822 345
1474 2783 1590 2835 sqq.
1625 2763 1896 2818 conciliari
1919 2763 2126 2834 possit,
2158 2764 2251 2817 alii
2275 2765 2518 2818 viderint.
2555 2757 2679 2826 Wr.)

526 2921 620 2966 rat
649 2952 666 2982 ,
740 2915 1090 2987 exasperat,
1158 2900 1396 2989 ἆγριοῒ,
1467 2928 1619 2988 pro·
1681 2905 1923 2985 feriunt
1946 2926 2148 2982 mare,
2207 2915 2281 2967 ut
2318 2907 2496 2967 toties
2536 2895 2740 2965 τύπτειν

525 2993 809 3053 cellarum
879 2992 990 3051 ira.

524 3079 716 3138 Cerda
740 3087 803 3139 et
826 3079 1113 3137 Burman.

610 3165 1002 3228 286—288.
1030 3162 1118 3220 De
1145 3162 1346 3243 clipeis
1372 3164 1615 3240 votivis,

524 3269 662 3308 cum
704 3248 891 3307 titulo
919 3246 1244 3327 inscripto,
1286 3249 1450 3310 inter
1498 3250 1618 3309 do-

523 3330 692 3393 naria
745 3332 1044 3414 suspensis
1095 3353 1192 3393 res
1256 3344 1421 3394 nota.
1525 3336 1614 3394 De

523 3420 760 3489 Abante
808 3439 871 3480 v.
918 3420 1169 3479 Excurs.
1220 3418 1308 3478 IX
1346 3419 1426 3479 ad
1463 3419 1526 3480 h.
1561 3421 1611 3481 1.

524 3506 792 3565 adversis
809 3549 828 3582 ‚
864 3513 1073 3582 ornat;
1098 3504 1162 3565 in
1187 3506 1394 3587 templi
1421 3505 1612 3567 aditu.

521 3611 762 3650 carmen
781 3633 798 3665 ,
849 3590 925 3649 de
968 3610 1093 3657 uno
1131 3610 1345 3669 versu,
1405 3602 1613 3651 tenere

526 3686 583 3736 te
610 3696 736 3735 non
763 3675 959 3736 debet.
1004 3677 1156 3736 haec
1183 3698 1360 3737 arma
1378 3723 1397 3753 ,
1444 3676 1614 3737 hunc

523 3761 783 3841 clipeum
855 3763 1270 3823 consecravit:
1357 3763 1612 3836 Αἰνείας

523 3843 645 3910 ἀπὸ
670 3851 807 3925 τῶν,
839 3852 1136 3910 Δαναῶν·
1199 3857 1272 3908 ut
1313 3850 1381 3909 in
1431 3848 1609 3908 simili

520 3951 587 3992 re
635 3951 841 4010 saepe:
910 3952 972 3993 v.
1036 3953 1087 3993 c.
1142 3933 1304 4014 apud
1354 3936 1609 3996 Pausan.

518 4017 621 4077 lib.
652 4017 701 4091 1,
733 4021 833 4092 13,
855 4038 917 4093 p.
959 4023 1059 4083 31.

605 4105 731 4167 289
760 4135 847 4148 --
873 4107 1020 4167 293.
1080 4115 1292 4181 portus
1354 4104 1609 4166 Portum

520 4188 849 4247 Actiacum.
898 4207 959 4248 v.
1009 4187 1088 4247 ad
1142 4208 1201 4249 v.
1261 4189 1407 4253 274.
1460 4190 1606 4255 275.

518 4277 818 4333 considere
874 4277 1166 4332 transtri&
1245 4293 1420 4355 saepe
1472 4274 1609 4334 Ho-

1118 2992 1434 3054 Illustrant
1499 2993 1619 3053 hoc
1703 2987 1838 3054 ἅλα.
1924 2991 2346 3052 abscondimus
2373 2982 2739 3073 praetervehi*

1699 3098 1840 3137 mur
1882 3078 2235 3158 Corcyram,
2300 3096 2484 3156 eaque
2532 3095 2565 3134 a
2600 3081 2737 3146 tergo

1699 3163 1927 3238 relicta,
1949 3163 2374 3242 adnavigamus
2388 3161 2569 3222 littori
2591 3154 2736 3236 Epir»

1704 3249 1945 3328 Proprie
1983 3249 2308 3309 dicendum
2363 3258 2519 3309 erat:
2570 3238 2736 3302 imula

1697 3333 2080 3393 absconditur
2096 3334 2266 3394 nobis
2282 3380 2300 3409 ‚
2335 3333 2516 3395 oculis
2537 3335 2734 3390 nostru·

1697 3421 1939 3480 Dictum
1971 3420 2326 3479 abscondere
2363 3419 2561 3479 eodem
2587 3408 2735 3473 modo

1695 3514 1770 3565 ut
1794 3526 1924 3585 sup.
1951 3526 2011 3566 v.
2041 3506 2168 3572 275
2203 3510 2488 3585 aperitur.
2547 3500 2612 3561 ct
2647 3490 2732 3554 inf·

1696 3591 1777 3651 nd
1825 3593 1971 3656 411.
2025 3623 2111 3637 -
2183 3595 2385 3651 aerias
2419 3588 2734 3650 Phaeacum

1694 3699 1895 3751 amca,
1981 3686 2219 3736 montes
2278 3678 2563 3754 Corcyrae
2618 3663 2764 3742 ὄρεα.

1693 3757 1967 3826 σκιόεντα
1996 3763 2202 3842 Γαίης.
2228 3758 2516 3843 Φαιήκων
2554 3752 2729 3830 Ody¹⁸0

1695 3870 1758 3917 ε,
1813 3851 1960 3911 279.
2048 3847 2123 3906 de
2173 3847 2329 3907 binis
2382 3841 2620 3925 scopulis
2667 3830 2726 3891 ⁸1¹

1691 3932 2009 3994 introitum
2040 3943 2255 4016 portus
2297 3932 2553 4012 accipere
2581 3920 2726 4019 video

1692 4029 1999 4080 auctorem
2019 4062 2038 4095 ,
2099 4020 2202 4098 qui
2239 4018 2391 4077 haec
2423 4018 2549 4076 loca
2586 4007 2724 4073 adut,

1693 4106 1784 4165 St.
1837 4105 2112 4163 Sauveur
2165 4106 2421 4183 Voyage
2478 4101 2617 4159 dam
2656 4090 2723 4147 12¹

1690 4192 1843 4252 Islee
1878 4191 1947 4251 V
1938 4193 2257 4249 enitiennes
2297 4189 2382 4248 du
2413 4189 2639 4246 Levant
2671 4191 2719 4251 P·

1695 4280 1795 4343 19.
1839 4275 2116 4336 subtilius
2169 4294 2345 4353 quam
2388 4284 2603 4332 necesse
2634 4265 2718 4317 0³²-

520 4380 667 4421 mer.
722 4357 820 4423 ἐπὶ
855 4364 1058 4439 κληῖσι
1096 4355 1372 4436 κάθιζον.
1414 4408 1421 4415 .
1459 4359 1606 4421 Mox
1677 4374 1864 4441 portu
1907 4361 2217 4422 Chaonio.-
2265 4366 2362 4421 'est
2399 4364 2594 4439 portus
2625 4344 2715 4405 1²⁶·
