2882 5028
381 297 537 369 392
993 284 2042 361 EXCURSUSI

557 478 679 539 Sed
717 475 1020 537 excidium
1071 479 1321 552 Troiae,
1387 474 1465 536 de
1508 496 1630 554 quo
1684 474 1859 536 nobis
1913 497 2111 550 nunc,
2183 477 2342 537 inter
2412 487 2640 537 ceteras

384 565 675 627 Troianas
698 583 827 640 res,
870 563 1249 643 potissimum
1274 562 1619 640 quaeritur,
1660 582 1840 640 quam
1883 562 2138 623 diversis
2177 564 2373 622 modis
2408 573 2648 623 tracta-

383 663 518 713 tum
545 653 686 712 olim
709 670 833 709 esse
863 649 1171 723 debuerit,
1212 648 1312 709 vel
1339 649 1483 708 inde
1508 647 1779 728 colligas,
1811 650 1976 727 quod
2006 650 2273 709 carmina
2298 659 2422 707 tam
2452 652 2647 709 multa

387 741 463 798 ab
490 736 753 815 antiquis
778 747 1192 796 memorantur
1224 729 1400 798 Ἰλίου
1435 734 1644 816 πέρσις
1666 733 1729 794 h.
1782 754 1830 794 e.
1877 735 1989 793 Ilii
2026 740 2289 795 vastatio
2329 736 2426 795 vel
2478 741 2648 795 exci-

385 826 584 899 dium,
629 822 933 902 inscripta.
1020 823 1087 881 ln
1117 821 1284 880 libxis
1310 822 1431 881 sere
1467 821 1531 882 ἐν
1566 815 1742 882 Ἰλίου
1775 823 2018 901 περσίδι
2063 821 2423 895 inflectitur3
2479 822 2650 900 quod

385 918 626 991 praeter
658 908 953 967 rationem
975 907 1104 967 fieri
1133 906 1391 985 Scaliger
1417 906 1494 965 ad
1527 907 1739 984 Euseb.
1776 906 1997 965 Chron.
2036 927 2095 986 p.
2139 911 2224 970 72
2270 928 2322 979 a,
2367 907 2650 967 maum-

387 1015 494 1054 cus
528 994 607 1053 ad
631 995 990 1074 Harpocrat.
1025 995 1090 1053 in
1137 1013 1273 1052 voc.
1310 989 1627 1067 καθελών,
1674 1002 1736 1050 et
1774 993 2016 1051 Salmas.
2064 993 2142 1051 ad
2184 994 2367 1051 Solin.
2412 1014 2470 1071 p.
2520 998 2652 1058 800

384 1089 780 1156 monuerant3
824 1101 962 1139 nam
994 1079 1060 1144 ἐν
1097 1074 1275 1141 Ἰλίου
1298 1078 1507 1159 πέρσει
1538 1098 1661 1137 esse
1687 1077 2029 1139 dicendum.
2118 1077 2265 1159 (Nec
2302 1073 2655 1159 Ἰλιὸπερσις

386 1176 551 1227 recte
581 1188 616 1225 a
647 1167 955 1226 nonnullis
1000 1165 1184 1226 scribi
1221 1164 1504 1223 videtur:
1559 1185 1694 1222 nam
1742 1165 1908 1222 flecti
1958 1163 2206 1223 deberet
2244 1160 2651 1247 Ἰλιοπερσία.)

387 1253 570 1312 Fallit
635 1262 837 1313 tamen
888 1252 955 1311 in
1012 1252 1134 1312 hoc
1173 1258 1267 1311 rat
2034 1270 2171 1309 cum
2209 1259 2303 1309 tot
2346 1252 2654 1326 locorum,
2746 1265 2766 1281 ⁰

387 1340 571 1399 etiam
624 1338 980 1410 Pausaniae,
1045 1347 1180 1397 tum
1222 1337 1267 1395 P
1989 1344 2078 1393 mat
2126 1336 2435 1413 vulgatam
2483 1337 2658 1397 illam

389 1426 768 1506 scripturam,
802 1423 983 1484 modo
1012 1424 1267 1502 refingas
1989 1468 2004 1484 .
2086 1422 2459 1482 Nobilissima
2485 1423 2656 1483 inter

388 1520 618 1570 ceteras
669 1511 988 1570 Stesichori
1030 1504 1206 1572 Ἰλίου
1252 1532 1267 1568 a
1989 1511 2088 1566 bus
2128 1508 2450 1582 laudatur,
2496 1530 2561 1569 v.
2600 1532 2653 1568 c.

388 1599 638 1657 Pausan.
663 1599 743 1673 X,
772 1601 856 1662 26
880 1615 971 1676 pr.
1008 1591 1136 1676 (ubi
1173 1594 1334 1653 inter
1369 1616 1636 1672 capuvas
1688 1616 1971 1653 sroianas
2021 1592 2318 1672 Clymene.
2410 1595 2656 1672 Κλυμέ-

389 1706 508 1763 νην
558 1679 671 1762 μὲν
711 1675 827 1745 οὖν
876 1682 1247 1762 Στησίχορος
1300 1678 1366 1742 ἐν
1405 1673 1589 1744 Ἰλίου
1635 1677 1874 1757 πέρσιδι
1910 1681 2368 1759 κατηρίθμηκεν
2409 1680 2479 1742 ἐν
2520 1688 2657 1755 τοῖς

389 1764 806 1849 αἰχμαλώτοις.
893 1762 1178 1841 &gasitan
1203 1761 1270 1828 δὲ
1298 1763 1402 1828 καὶ
1431 1759 1870 1847 Ἀριστομάχην
1895 1765 2181 1842 ἐποίησεν
2198 1762 2426 1839 Ἐννος
2454 1773 2653 1848 &vya-

386 1853 530 1934 τέρα
559 1850 670 1934 μὲν
705 1845 1012 1934 Πριάμου.
1098 1853 1235 1930 Leg.
1260 1850 1556 1929 ἐποίησαν
1588 1851 1653 1913 ἐν
1684 1846 1985 1933 Νόστοις,)
2030 1851 2175 1910 item
2212 1872 2263 1910 c.
2292 1855 2397 1926 27,
2433 1873 2493 1931 p.
2519 1855 2656 1917 865

386 1940 699 2001 Hecubam
753 1938 819 1998 in
861 1938 1105 2017 Lyciam
1151 1937 1227 1996 ab
1268 1936 1546 2017 Apolline
1584 1936 1764 1995 fuisse
1803 1935 2146 1997 abductam.
2236 1936 2364 1996 Alia
2409 1937 2658 2017 collegit

388 2024 678 2085 Sucbsort
711 2034 917 2084 noster
941 2025 1008 2086 in
1045 2024 1228 2084 docta
1259 2023 1397 2082 diss.
1431 2023 1507 2081 de
1534 2023 1855 2082 Stesichori
1860 2023 2105 2101 fiagm
2135 2044 2194 2103 p.
2222 2028 2305 2090 82
2339 2035 2468 2101 sqq.
2558 2026 2656 2083 Ab

389 2110 603 2170 eodem
625 2111 915 2170 Pausania
937 2132 999 2192 p.
1028 2110 1155 2174 864
1181 2108 1258 2166 de
1285 2107 1533 2168 Medusa
1552 2152 1568 2183 ,
1611 2129 1737 2168 una
1771 2127 1802 2166 e
1828 2109 2049 2167 Priami
2075 2109 2309 2169 filiabus
2326 2154 2342 2185 ,
2397 2109 2657 2189 Apollo-

285 2247 287 2249 .
391 2196 544 2256 doro
572 2216 812 2275 quoque
837 2205 1168 2256 memorata
1193 2194 1291 2270 111,
1321 2200 1424 2271 12,
1449 2194 1489 2259 5
1517 2195 1581 2270 f.,
1622 2194 1686 2253 in
1713 2195 1955 2272 ‘verbisz
2000 2189 2155 2256 nata?
2199 2191 2311 2275 τήν
2353 2194 2660 2275 Ἱμεραίου

393 2276 564 2368 φ’δὴν
595 2281 716 2341 hoc.
743 2283 906 2341 idem
947 2300 1188 2341 carmen
1232 2280 1614 2359 designatur,
1658 2281 1826 2358 quod
1863 2281 2121 2359 lyricum
2156 2282 2334 2340 fuisse
2382 2282 2658 2357 videtur,

390 2368 502 2427 sub
527 2371 844 2427 Hinoeraei
878 2368 1145 2442 nomine;
1192 2375 1322 2426 erat
1360 2375 1565 2424 autem
1603 2364 1926 2426 Stesichori
1964 2365 2162 2445 patria
2210 2367 2456 2426 Himera
2494 2368 2660 2426 Sici-

390 2455 538 2532 liae3
597 2453 866 2532 adeoque
920 2454 1074 2513 male
1115 2451 1258 2511 inde
1318 2471 1549 2511 novum
1590 2461 1897 2511 auctorem
1935 2453 2210 2517 nonnulli
2254 2454 2657 2513 effinxerunt.

391 2541 589 2600 Etiam
633 2541 700 2600 in
741 2541 920 2600 Iliaca
960 2539 1189 2600 Tabula
1230 2539 1392 2599 inter
1430 2547 1735 2616 auctores,
1804 2558 1836 2597 e
1885 2539 2101 2616 quibus
2144 2540 2361 2598 artifex
2403 2540 2656 2599 Iliadem

391 2626 728 2707 supplevit,
768 2619 945 2689 Ἰλίου
983 2624 1192 2704 πέρσις
1225 2619 1378 2687 κατὰ
1415 2625 1792 2704 Στησίχορον
1841 2624 2080 2703 legitur.
2167 2626 2310 2685 Fuit
2351 2624 2471 2685 hoc
2508 2648 2659 2686 car-

392 2734 530 2772 men
560 2713 848 2792 lyricum:
895 2713 1068 2792 quale
1101 2711 1220 2770 fuit
1249 2709 1415 2770 aliud
1447 2709 1853 2788 Bacchylidis:
1897 2710 2248 2773 vaticinium
2290 2712 2363 2771 de
2411 2714 2657 2772 excidio

393 2800 635 2860 Troiae:
703 2797 870 2877 quod
917 2796 1273 2878 expressisse
1311 2795 1562 2856 videtur
1610 2795 1827 2856 Horat.
1870 2796 1898 2854 1
1941 2798 2136 2865 Carm.
2179 2799 2275 2862 15.
2363 2797 2553 2871 Quod
2594 2801 2656 2858 in

394 2884 601 2944 eadem
639 2884 873 2944 Tabula
915 2884 988 2943 iis
1027 2883 1230 2945 verbis
1280 2882 1626 2942 subiicitur:
1680 2879 1976 2963 Τρωϊκός,
2032 2903 2152 2942 non
2202 2883 2328 2941 eius
2369 2885 2658 2944 carminis

393 2991 614 3031 nomen
638 2968 990 3031 habendum
1011 2978 1174 3045 erat;
1217 2968 1322 3028 sed
1348 2967 1812 3045 subintelligitur
1857 2963 2080 3042 κύκλος
2121 2965 2419 3049 Τρωϊκός,
2480 2992 2660 3030 com-

393 3058 658 3139 plectens
695 3076 794 3132 ea,
841 3075 995 3133 quae
1022 3063 1386 3132 sequuntur:
1440 3054 1805 3113 adscribitur
1830 3054 1984 3114 enim
2014 3055 2217 3132 paullo
2265 3065 2427 3135 post:
2477 3050 2659 3131 Ἰλιᾶς

393 3139 547 3205 nard
577 3137 878 3223 ”Ομηρον.
967 3139 1265 3214 Αἰθιοπὶς
1292 3135 1447 3203 natal
1484 3135 1797 3221 Ἀρκτῖνον
1825 3135 1932 3202 τᾶν
1969 3136 2303 3218 Μιλήσιον.
2388 3136 2568 3217 Ἰλιιὶς
2613 3141 2660 3223 ἤ

395 3222 582 3310 μικρὰ
646 3222 938 3309 λεγομένη
991 3220 1146 3287 κατὰ
1208 3223 1454 3305 Λέσχην
1518 3226 1855 3303 Πυρῤαἷον.
1945 3224 2078 3285 Alia
2105 3221 2285 3289 Ἰλίου
2332 3227 2574 3305 πέρσις,
2621 3249 2654 3286 a

396 3311 721 3372 Stesichori
750 3310 1012 3370 carmine
1041 3311 1306 3385 diversa,
1352 3311 1702 3370 aPausania
1736 3311 1815 3383 X,
1860 3313 1963 3375 25.
2001 3317 2085 3378 26
2127 3324 2534 3389 memoratur,
2592 3324 2655 3374 et

396 3397 642 3477 quidem
686 3395 930 3457 Lescbei
971 3396 1245 3466 nomine3
1297 3396 1416 3455 iam
1453 3417 1590 3456 cum
1630 3396 1793 3476 apud
1831 3396 2079 3456 Aristot.
2124 3399 2290 3458 Poet.
2338 3421 2391 3462 c.
2430 3405 2510 3464 28
2560 3398 2656 3481 (ut

394 3484 601 3566 paullo
625 3492 762 3543 ante
784 3479 1073 3565 vidimus)
1110 3475 1286 3545 Ἰλίου
1325 3479 1535 3565 πέρσις
1571 3483 1730 3541 inter
1773 3492 1975 3561 partes
2019 3483 2217 3543 Iliadis
2254 3506 2479 3564 parvae
2522 3507 2655 3544 me-

397 3578 701 3646 moretur,
761 3567 1027 3628 dubitari
1072 3568 1183 3628 vix
1225 3576 1456 3647 potest,
1514 3566 1674 3627 hanc
1714 3589 1743 3626 a
1787 3569 2075 3627 Pausania
2117 3570 2424 3632 laudatam
2467 3566 2655 3635 Ἰλίου

396 3653 612 3735 πέρσιν
635 3654 881 3714 Leschei
903 3655 1134 3714 nullam
1159 3654 1333 3713 aliam
1348 3654 1540 3713 -suisse
1582 3675 1763 3732 quam
1799 3664 2036 3735 partem
2071 3654 2275 3715 Iliadis
2307 3678 2536 3738 parvae
2587 3678 2654 3717 eo

398 3741 643 3801 nomine
671 3741 1042 3824 inscriptam.
1129 3739 1425 3800 Memorat
1452 3759 1528 3799 ex
1567 3759 1636 3798 ea
1665 3740 1989 3800 Pausanias
2032 3740 2320 3823 Megetem
2362 3746 2653 3804 vulnera-

397 3945 577 4000 docet.
644 3941 837 4000 Naevii
869 3952 1054 3995 contra
1084 3943 1188 3996 fuit
1220 3962 1428 3997 carmen
1464 3944 1532 3996 de
1566 3941 1711 3995 bello
1754 3944 1981 3998 Punico:
2036 3963 2127 3998 cur
2172 3962 2281 3998 non
2332 3945 2479 3998 idem
2529 3946 2654 3998 nia-

331 4025 338 4037 ¹
398 4015 523 4068 dem
571 4015 818 4098 Cypriam
861 4013 1093 4065 scribere
1137 4015 1403 4083 potuerit,
1465 4031 1619 4084 quam
1670 4014 1930 4083 expressis
1982 4015 2158 4067 verbis
2205 4028 2503 4069 memorant
2549 4018 2652 4069 dao

398 4084 754 4154 grammatici,
787 4081 1027 4151 equidem
1061 4099 1166 4134 non
1203 4101 1471 4167 assequor.
1543 4082 1599 4136 Si
1635 4083 1829 4135 Ennius
1864 4101 1977 4137 eam
2014 4084 2117 4137 sibi
2150 4086 2361 4138 laudem
2408 4086 2650 4148 vindicat,

400 4173 460 4207 se
495 4155 720 4224 primum
754 4169 936 4205 versus
968 4151 1212 4204 heroicos
1248 4153 1551 4222 scripsisse,
1586 4152 1745 4206 alium
1778 4171 1986 4206 sensum
2020 4172 2118 4207 nec
2161 4156 2353 4218 habet,
2399 4173 2502 4209 nec
2555 4156 2651 4208 ba-

398 4225 530 4278 bere
591 4233 803 4308 potest,
875 4238 1029 4303 quam
1075 4237 1192 4272 eum
1276 4223 1461 4276 rimam
1510 4224 1741 4276 severim
1788 4222 1860 4276 ad
1909 4234 2083 4277 certas
2127 4223 2275 4293 leges
2324 4224 2650 4278 hexametros

398 4311 780 4419 §galima
844 4289 1032 4414 {51:13¹
1033 4290 1198 4412 ¹xxodo
1274 4311 1304 4345 e
1347 4310 1407 4345 se
1441 4293 1749 4362 praedicant
1782 4293 2088 4360 Lucretius,
2140 4294 2425 4361 Horatius,
2473 4294 2649 4364 Virgi-

519 4405 536 4433 ,
797 4401 814 4430 ,
1096 4397 1109 4411 .
