2882 5028
752 317 973 388 'AD
1078 316 1730 391 LIBRUM
1839 318 1959 391 vl
2307 328 2500 397 1031

264 524 329 563 se
352 504 693 563 assimulare
729 504 928 580 vellet,
971 513 1044 564 ut
1079 505 1144 563 in
1168 502 1283 564 hac
1310 505 1434 584 ipsa
1466 506 1541 564 de
1568 505 1881 565 Salmoneo
1909 507 2112 567 sabula
2145 519 2329 588 patet.
2388 511 2510 571 Nec

261 601 464 649 tamen
497 590 880 649 inficiandum
897 598 1005 664 est,
1032 591 1244 667 vulgus
1265 591 1331 649 id
1362 592 1575 668 passim
1603 592 1939 666 credidisse,
1964 602 2165 653 ratum
2190 596 2351 655 viros
2378 617 2510 655 ma-

261 697 411 753 gnos
435 676 703 734 sublatos
727 675 789 734 in
815 675 1045 734 caelum
1073 676 1150 734 ad
1179 676 1320 735 deos
1349 678 1575 736 abiisse.
1636 678 1722 736 Ita
1753 678 1827 736 de
1852 680 2098 738 Caesare
2128 683 2373 741 Sueten.
2401 682 2508 742 lul.

255 766 353 826 88
381 765 448 819 in
480 761 726 819 deor-mn
748 782 1059 819 numerum
1088 762 1312 821 relatus
1347 776 1432 820 est
1469 785 1588 821 non
1624 785 1719 820 ore
1746 764 1871 841 (vel
1906 765 2146 844 honore)
2185 768 2358 825 modo
2402 768 2509 826 de-

263 850 631 905 cernentium
649 889 667 922 ,
715 847 825 905 sed
848 859 906 905 et
933 852 1320 925 persuasione
1351 849 1547 926 vulgi.
1639 848 1811 906 Adde
1857 849 1931 908 de
1968 851 2227 912 Romulo
2272 853 2509 931 Dionys.

269 933 488 1083 ilbi?>
506 1016 555 1074 D
573 930 767 991 Aliter
789 933 1022 991 censuit
1050 931 1349 1013 Agesilaus
1377 934 1541 1072 agad
1571 933 1872 994 Plutarch.
1911 936 2348 1018 Apophthegm.
2381 940 2511 998 Lac.

265 1039 330 1098 [ᾗ
559 1059 575 1076 0

1190 1233 1593 1246 —n———-—

688 1471 1713 1564 EXCURSUS
1838 1479 2097 1565 XIII

542 1678 1134 1745 Animarum
1229 1682 1728 1770 origines
1822 1695 1907 1746 et
1974 1683 2240 1767 faia.

449 1865 548 1941 vl,
591 1866 947 1933 724—751.
991 1868 1106 1927 Hic
1135 1871 1263 1928 iam
1290 1871 1598 1934 manifeste
1626 1881 1801 1952 poeta
1828 1881 2099 1936 veterum
2128 1868 2519 1949 philosopho-

273 1971 452 2027 rum,
495 1953 768 2031 inprimis
814 1953 1341 2033 Pythagoreorum·
1363 1968 1426 2018 et
1458 1959 1902 2017 Platonicorum
1942 1956 2275 2015 doctrinam
2307 1954 2519 2035 (indo-

274 2046 447 2097 ctum
473 2039 632 2097 enim
656 2048 749 2098 est
782 2049 1220 2116 commentum,
1279 2043 1446 2120 quod
1475 2063 1551 2102 ex
1586 2043 1793 2102 Servio
1821 2043 2108 2117 afferunt,
2153 2041 2225 2099 ab
2256 2042 2516 2121 Epicuro

277 2123 427 2182 haec
451 2144 576 2182 esse
599 2126 808 2202 petita.
854 2128 930 2186 cf.
955 2127 1093 2186 Not.
1124 2127 1203 2186 ad
1241 2148 1300 2188 v.
1330 2128 1505 2210 265),
1550 2128 1653 2188 sed
1672 2150 1781 2189 suo
1807 2129 2041 2207 ingenio
2068 2136 2131 2186 et
2158 2127 2235 2185 ad
2264 2127 2522 2206 poetices

278 2218 561 2269 naturam
585 2212 1056 2287 accommodate,
1100 2215 1367 2293 exponit.
1455 2215 1574 2274 Sed
1598 2234 1675 2274 ne
1703 2205 1934 2274 Maroni
1962 2215 2283 2273 inferamus
2313 2212 2521 2286 aliena,

278 2303 423 2353 ante
463 2296 665 2354 omnia
706 2297 835 2357 eius
874 2309 1136 2359 mentem
1177 2300 1592 2376 exquiramus,
1650 2320 2009 2378 quamquam
2052 2300 2118 2358 id
2157 2301 2524 2377 interpreta-

279 2381 449 2440 tione
477 2382 734 2440 maxime
760 2384 987 2442 sactum
1015 2385 1132 2445 iam
1157 2393 1264 2444 est.
1290 2384 1344 2464 ⁸¹)

453 2552 524 2613 In
552 2573 670 2613 vss.
698 2553 1038 2621 724—727
1078 2558 1353 2615 animam
1379 2555 1591 2612 mundi
1634 2556 1832 2614 omnia
1869 2563 2271 2631 permeantem
2297 2554 2525 2613 ‹leseri-

283 2639 407 2714 bit;
465 2660 648 2717 quam
690 2639 1000 2699 aethereae
1046 2650 1108 2699 et
1144 2641 1347 2718 igneae
1391 2648 1644 2700 naturae
1698 2640 2015 2700 credidisse
2054 2639 2294 2698 videtur
2338 2637 2527 2713 (certe

281 2720 355 2787 τδ
386 2722 607 2803 νοητὸν
637 2724 916 2784 aethereo
946 2745 1196 2806 corpore
1240 2736 1547 2803 tamquam
1589 2725 1866 2785 vehiculo
1892 2725 2176 2785 indutum
2206 2725 2463 2783 alienum
2491 2745 2527 2783 a

283 2810 551 2870 Maronis
589 2820 788 2870 mente
826 2810 941 2891 est)
987 2832 1123 2871 cum
1166 2812 1508 2872 Stoicorum
1559 2821 1762 2890 pa1·te;
1822 2831 1961 2869 nam
1996 2831 2055 2870 v.
2097 2814 2222 2875 730
2264 2810 2528 2870 subiicit:

285 2898 516 2978 lgneus
547 2910 632 2956 est
658 2898 782 2955 illis
814 2900 988 2974 vigor
1015 2911 1071 2956 et
1107 2898 1378 2956 caelestis
1420 2903 1590 2974 origo
1634 2895 1879 2977 (Eadem
1916 2896 2120 2976 opinio
2167 2897 2441 2974 exposita·
2463 2896 2527 2956 in

285 2983 390 3041 So.
417 2982 572 3060 Scip.
601 3002 695 3062 ap.
723 2982 908 3042 Cicer.
933 3003 984 3041 c.
1009 2986 1051 3048 3
1081 2984 1291 3062 hisque
1314 2987 1556 3043 animus
1583 2985 1762 3041 danis
1801 2994 1884 3040 est
1912 3003 1985 3039 ex
2013 2983 2137 3040 illis
2166 2984 2531 3058 sempiternis

286 3066 534 3145 ignibus
553 3112 571 3141 ‚
635 3088 790 3146 quae
821 3069 1019 3127 sidem
1057 3082 1116 3127 et
1153 3070 1359 3127 stellas
1385 3071 1617 3129 vocatis
1641 3099 1728 3112 —
1753 3089 1907 3145 quae
1952 3067 2175 3125 divinis
2219 3069 2531 3125 animatae

288 3152 585 3211 mentibus
613 3152 775 3235 etc.).
864 3156 1107 3212 Ductus
1154 3173 1231 3212 ex
1277 3152 1398 3213 hac
1432 3152 1643 3214 mundi
1686 3153 1885 3212 anima
1937 3156 2100 3210 vitae
2152 3154 2533 3211 animantum

287 3237 719 3316 hominumque
750 3257 810 3297 v.
840 3242 987 3302 728.
1013 3242 1139 3303 729
1180 3238 1513 3321 (tamquam
1541 3238 1869 3318 particulae
1902 3237 2244 3317 decerptae:
2289 3238 2533 3297 divinae

282 3325 598 3404 particula
621 3340 846 3395 aaran
907 3334 981 3383 ut
1022 3324 1171 3386 adeo
1220 3345 1328 3406 per
1354 3325 1514 3385 hanc
1535 3328 1724 3403 ipsam
1757 3344 1833 3383 ex
1871 3324 2074 3385 divina
2104 3333 2321 3382 natura
2362 3346 2533 3383 ema-

292 3431 469 3475 nasse
495 3408 690 3469 videri
715 3408 1017 3489 debeant).
1098 3410 1197 3470 Ab
1231 3412 1351 3470 hac
1394 3414 1625 3489 origine
1664 3414 1909 3469 αηίιηαο
1946 3410 2163 3470 vitales
2201 3407 2534 3490 (multoque

294 3495 447 3554 adeo
485 3494 668 3573 magis
709 3494 936 3554 animae
971 3495 1285 3555 hominum
1325 3498 1563 3556 ratione
1606 3496 1944 3574 praeditae3
2014 3494 2232 3573 quibus
2275 3496 2535 3575 purioris

295 3579 553 3640 aetheris
574 3600 713 3658 pars
736 3580 924 3640 inesse
939 3581 1144 3662 debet)
1162 3582 1383 3641 habent
1402 3597 1689 3640 naturam
1703 3582 2039 3641 aedat-eam
2057 3579 2156 3662 (cs.
2175 3582 2280 3640 Ge.
2299 3582 2393 3655 tv,
2409 3586 2480 3645 2¹
2495 3586 2535 3647 8

293 3687 443 3746 sqq.,
488 3666 592 3725 ubi
627 3665 785 3725 idem
808 3666 1056 3746 dogma,
1098 3668 1205 3727 sed
1227 3668 1401 3727 aliter
1433 3667 1733 3726 deflexum
1758 3667 1820 3727 in
1863 3667 2024 3727 illam
2049 3668 2425 3741 sententiam,
2464 3675 2537 3724 ut

299 3753 532 3811 animae
567 3771 818 3830 corpore
862 3754 1163 3813 seiunctae
1207 3752 1492 3828 heroum,
1548 3761 1730 3832 puta,
1785 3730 2119 3831 safflntum
2148 3762 2209 3811 et
2237 3753 2535 3811 bonorum

298 3840 601 3912 virorum,
657 3844 965 3917 tamquam
1010 3858 1087 3897 ex
1131 3838 1312 3899 huius
1357 3840 1515 3898 vitae
1553 3838 1867 3897 sanctitate
1908 3840 2025 3898 iam
2049 3838 2187 3896 satis
2214 3856 2427 3916 purae,
2474 3837 2536 3895 in

298 3924 496 3983 sidera
525 3943 596 3980 ac
627 3925 855 3984 caelum
885 3924 1281 4003 recipiantur-5
1340 3944 1492 4002 quae
1520 3924 1638 3982 iam
1667 3922 2093 4004 Aegyptiorum
2121 3923 2234 3982 fuit
2265 3923 2540 3982 doctrina

300 4009 377 4068 de
412 4009 579 4089 puris
613 4009 954 4087 animabus,
1011 4011 1340 4071 secundum
1381 4010 1666 4070 sollennia
1701 4011 1878 4070 verba
1916 4030 1991 4069 ex
2025 4008 2346 4089 Euphanto
2379 4009 2540 4088 apud

435 4302 478 4365 ’)
513 4301 838 4369 Disputatum
863 4308 943 4350 est
981 4299 1048 4349 de
1079 4298 1163 4349 his
1200 4316 1232 4349 a
1259 4297 1710 4367 Wyttenbach'in
1753 4296 1888 4348 Diss.
1929 4312 2063 4364 quae
2102 4294 2264 4345 fuerit
2312 4304 2542 4346 veterum

299 4369 736 4441 philosophorum
767 4368 1008 4422 doctriua
1035 4369 1103 4420 de
1130 4367 1238 4420 vita
1271 4378 1328 4419 et
1353 4378 1493 4420 statu
1523 4368 1805 4419 animarum
1833 4376 1959 4434 post
1985 4373 2223 4418 mortem.
2264 4366 2415 4419 1787.
