2882 5028
471 321 616 393 194

949 316 1037 391 P.
1105 312 1618 392 VIRGILII
1683 314 2237 390 MARONIS

465 508 667 580 Nota
714 500 898 593 tibi3
953 512 1036 576 et
1065 513 1346 576 nostro
1384 499 1707 576 doluisti
1737 525 1976 603 saepe
2009 501 2318 580 dolore.

461 609 694 682 Hunc
722 602 1158 680 Phoenissa
1184 616 1407 679 tenet
1420 603 2148 706 Dido‚blandisque
2174 618 2545 681 moratur
2575 614 2729 684 670

462 708 850 800 Vocibus3
906 720 988 784 et
1016 731 1340 803 vereor,

1395 732 1561 810 quo
1604 733 1693 783 se
1723 710 2061 785 Iunonia
2090 721 2404 784 vertant

462 810 852 913 Hospitia:
903 810 1120 886 haud
1166 820 1387 887 tanto
1417 812 1749 888 cessabit
1778 813 2097 893 cardine
2136 837 2434 890 rerum.

464 916 851 1011 Quocirca
888 938 1169 1016 capere
1204 928 1383 992 ante
1427 915 1630 991 dolis
1664 929 1743 991 et
1776 918 2090 1014 cingere
2119 914 2441 1019 flamma

461 1019 851 1117 Reginam
884 1016 1274 1115 meditor,
1327 1043 1431 1095 ne
1467 1044 1630 1122 quo
1661 1018 1745 1094 'se
1780 1021 2112 1096 numine
2145 1031 2429 1112 mutet,

465 1122 628 1198 Sed
658 1144 950 1220 magno
994 1127 1312 1199 Aeneae
1350 1146 1676 1199 mecum
1708 1134 2075 1200 teneatur
2111 1146 2405 1202 amore.

2569 1124 2727 1202 675

463 1230 636 1322 Qua
696 1223 960 1302 facere
1005 1223 1089 1302 id
1135 1227 1429 1328 possis»,
1484 1240 1841 1304 nostram
1888 1251 2104 1304 nunc
2151 1227 2431 1328 adcipe
2486 1248 2727 1300 men-

1624 1342 1792 1406 tem
1814 1363 1834 1410 ε

570 1550 584 1567 .
602 1482 709 1539 670
743 1483 908 1535 Nunc
928 1481 1019 1534 alii
1049 1483 1233 1554 acripti
1258 1494 1313 1537 et
1335 1485 1472 1537 editi
1501 1486 1642 1555 apud
1678 1486 1816 1539 Pier.
1845 1485 2027 1538 Heius.
2056 1495 2113 1537 et
2140 1486 2311 1536 Burm-
2347 1496 2407 1566 et·
2429 1482 2507 1535 sic
2531 1483 2723 1566 stag-m.

461 1553 632 1606 Vatic.
660 1572 692 1606 a
718 1572 785 1605 m.
819 1567 898 1623 pr.
931 1562 988 1604 et
1015 1554 1177 1606 habet
1195 1593 1210 1619 ,
1261 1572 1366 1624 quo
1391 1553 1613 1625 placeat.
1651 1556 1772 1624 (aed
1803 1558 2043 1625 potiores
2070 1554 2223 1618 libri,
2270 1565 2330 1605 ut
2359 1565 2430 1606 ait
2452 1555 2725 1615 nonu-ms,

460 1640 575 1675 cum
599 1622 718 1691 ipso
742 1622 985 1674 Mediceo
1024 1632 1236 1675 tuentur
1265 1625 1441 1686 lianc-3
1480 1635 1534 1676 et
1563 1636 1707 1677 recte
1739 1627 1841 1677 hoc
1872 1625 2070 1689 editur,
2104 1625 2210 1677 vid.
2241 1626 2305 1688 Q.
2332 1625 2395 1677 V.
2429 1622 2560 1687 XX,
2583 1623 2645 1687 6,
2674 1642 2725 1676 a.

458 1689 841 1745 Wakefieldiua
883 1702 1059 1743 tamen
1097 1711 1245 1744 nunc
1284 1693 1507 1762 recepit.
1551 1697 1697 1758 Wr.)

458 1763 789 1814 Heumannua
817 1759 969 1813 olim:
1019 1767 1095 1814 At
1127 1781 1181 1813 υ.
1210 1761 1367 1831 (bene
1393 1772 1475 1825 εις
1524 1763 1629 1816 vid.
1671 1767 1740 1829 Q.
1762 1767 1830 1818 V.
1859 1764 2096 1829 XXXV,
2131 1767 2184 1828 7.
2220 1780 2268 1816 e.
2313 1762 2454 1830 Wr.)

1839 1697 1939 1751 671
1991 1694 2171 1746 Heius.
2211 1691 2349 1745 coni.
2402 1705 2464 1744 ut
2502 1710 2724 1746 vereor.

2611 1762 2729 1819 67³

497 1830 755 1884 uoddrca
780 1829 951 1899 Bigot.
1016 1843 1139 1882 arte
1164 1832 1378 1884 Oudart.
1421 1844 1475 1885 et
1510 1833 1661 1886 Leid.
1690 1852 1773 1887 un.
1829 1836 2078 1906 flamm}
2099 1850 2203 1885 aec.
2228 1834 2418 1884 Moret.
2489 1832 2576 1901 (—
2590 1831 2724 1889 674-

500 1899 656 1964 olon,
694 1901 837 1970 quod
864 1899 1054 1952 eratin
1080 1899 1183 1952 fine
1208 1917 1419 1966 verant,
1454 1901 1509 1953 in
1541 1920 1740 1956 comma
1767 1903 1990 1970 mutavi,
2042 1913 2097 1955 ut
2129 1921 2158 1954 e
2222 1919 2494 1971 raegreaso
2519 1920 2590 1953 ne
2622 1919 2723 1952 re-

456 1979 670 2040 petatur
700 1981 788 2021 ue:
824 1970 925 2021 sed
952 1982 1015 2021 ue
1043 1981 1320 2023 teneatur.
1372 1973 1523 2039 Wr.)

458 2056 579 2090 cum
607 2044 832 2093 Aeneae
855 2043 1035 2109 sprot.
1104 2056 1307 2092 meeum
1348 2058 1551 2112 magno
1590 2046 1814 2096 Aeneae
1840 2043 2032 2094 Moret.
2068 2060 2173 2095 aec.

1662 1975 1766 2029 675
1801 1979 2029 2026 Aenean
2058 1971 2184 2024 Med
2206 1991 2251 2023 c.
2290 1990 2318 2024 a
2346 1990 2412 2023 m.
2445 1989 2528 2042 pr.
2599 1989 2728 2022 rne-

2311 2041 2417 2095 676
2453 2045 2569 2107 Quo
2614 2039 2725 2091 211-

458 2117 591 2177 quot
621 2106 763 2229 egid
802 2105 1027 2159 Pieriam
1056 2117 1112 2159 et
1152 2108 1352 2174 Heius„
1406 2111 1495 2180 qui
1536 2111 1670 2164 coni.
1705 2112 1815 2182 qui.
1889 2116 2007 2179 Quo
2029 2110 2207 2184 facile
2248 2109 2445 2163 zulich.
2473 2129 2505 2162 a
2527 2126 2600 2161 m.
2630 2128 2728 2243 Εἴ

494 2195 621 2230 um

710 2176 885 2229 udian.
922 2196 954 2229 a
993 2196 1061 2229 m.
1108 2196 1213 2230 sec.
1257 2179 1439 2234 addita
1478 2181 1612 2250 intp.
1641 2193 1814 2254 prout
1848 2181 1933 2234 vel
1972 2181 2256 2251 quomodo.
2303 2198 2349 2233 v.
2389 2180 2585 2262 Goon-g.

530 2250 583 2303 9.
657 2247 791 2318 quid
827 2246 1005 2310 Leid.;
1056 2246 1151 2299 aed
1192 2259 1336 2301 recte
1370 2269 1509 2320 qua,
1556 2269 1657 2320 qua
1698 2252 1782 2305 via
1830 2261 1886 2303 et
1922 2251 2158 2318 ratione,
2204 2259 2417 2303 tuentur
2448 2251 2641 2301 Heme.
2668 2259 2727 2301 et

457 2319 629 2368 Burm.
691 2334 888 2389 posses
910 2317 1190 2369 Romanus.

456 2457 702 2534 xilium,
746 2456 912 2536 quod
950 2476 1059 2539 per
1095 2462 1435 2537 potenciam
1478 2468 1543 2520 et

456 2566 677 2603 nunun
706 2544 994 2604 declarat.

541 2633 920 2695 667—672.
946 2631 1122 2689 Nola
1151 2629 1262 2689 tibi
1280 2639 1441 2707 sunt,
1466 2639 1542 2692 ut

456 2716 671 2775 Graeci
739 2737 851 2796 pro
868 2759 887 2791 ‚
958 2725 1175 2776 notum
1245 2716 1357 2776 tibi
1428 2726 1541 2792 eat,

455 2800 964 2880 quemadmodum
980 2799 1208 2861 Aeneas
1236 2802 1312 2862 fr.
1348 2800 1542 2883 (Talia

455 2906 568 2946 nec
609 2887 913 2966 pedestres
959 2907 992 2945 e
1028 2888 1348 2947 serior-ibus
1389 2888 1545 2948 acri·-

455 2973 732 3052 ptoribua
758 2973 1173 3054 repudiarunt.
1202 2974 1354 3033 Plin.
1380 2975 1543 3034 Pan-

456 3077 542 3136 eg.
584 3078 636 3122 c.
679 3056 815 3124 54.:
867 3059 973 3118 An
999 3079 1193 3138 prona
1234 3079 1543 3140 parvaque

455 3155 594 3201 aunt
625 3143 716 3201 ad
741 3145 1198 3219 aeumlandum,
1245 3146 1411 3226 quod
1433 3168 1544 3205 ne·-

457 3248 555 3286 mo
639 3231 1110 3288 incolumitatem
1180 3231 1545 3309 turpitudine

458 3314 776 3391 rependit?
813 3313 1040 3397 Welz.)
1104 3315 1318 3395 Magna
1344 3326 1543 3376 autem

456 3418 595 3459 cum
629 3407 762 3458 arte
795 3409 859 3459 et
884 3420 1023 3460 cum
1062 3400 1286 3462 dilectu
1313 3403 1545 3482 singula

457 3483 745 3545 orationis
795 3486 1062 3545 membra
1118 3498 1263 3548 sant
1314 3488 1545 3567 efficta3

455 3579 530 3631 ut
551 3570 733 3630 illud:
759 3571 968 3651 frater·
990 3583 1147 3634 mua.
1238 3578 1383 3640 670.
1407 3574 1543 3635 Ad-

456 3656 801 3718 umbratum
830 3666 1052 3737 putant
1075 3677 1152 3719 ex
1170 3661 1329 3738 notia
1353 3680 1539 3722 verna.

457 3741 673 3821 Odyaa.
708 3768 766 3819 α,
812 3743 1123 3823 65-68,
1166 3746 1272 3805 ubi
1303 3747 1541 3827 Ulysaea

456 3827 732 3888 similiter
803 3849 838 3886 a
897 3829 1152 3912 Calypso
1219 3833 1541 3895 retinetur.

456 3917 602 3979 671.
629 3919 775 3980 672.
812 3916 1078 3976 Sollicita
1115 3926 1204 3976 eat
1234 3918 1435 3981 Venus
1479 3929 1543 3981 et

457 4001 703 4068 metuit,
746 4019 823 4061 ne
874 4000 1201 4082 hospitium
1242 4004 1362 4066 hoc
1417 4006 1542 4067 Ae-

459 4103 604 4143 neae
659 4086 726 4145 in
783 4086 1027 4148 Iunonia
1074 4090 1227 4149 urbe
1283 4091 1361 4151 ad
1412 4093 1542 4154 eiua

456 4170 711 4231 exitium
740 4182 943 4232 vertat
984 4172 1086 4255 (cs.
1122 4175 1222 4250 lV,
1253 4181 1338 4243 96
1377 4177 1545 4262 ete),

461 4257 707 4316 Iunonia
751 4258 816 4318 in
847 4259 1109 4321 Aeneam
1148 4261 1320 4323 odii».
1376 4276 1543 4325 tana>

457 4344 698 4402 cardine
751 4367 985 4424 rerum,
1032 4347 1099 4408 in
1143 4348 1432 4428 arficfflo,
1475 4345 1545 4415 ἆ·

1623 2465 1772 2608 aa:
1921 2469 2726 2607 ...mm-m.

2382 2591 2399 2621 ἲ

1624 2634 1748 2694 iani
1809 2634 1884 2693 ab
1950 2633 2121 2693 ltalia
2185 2568 2468 2712 fagtalique
2525 2652 2725 2713 regno

1627 2721 1820 2780 averti
1857 2720 2118 2800 possint,
2161 2719 2262 2777 illa
2293 2739 2375 2777 ac.
2410 2718 2561 2779 Iuno
2596 2739 2724 2779 non

1625 2805 1884 2864 cessabit
1900 2851 1917 2881 ,
1994 2805 2101 2864 aed
2175 2825 2364 2864 novas
2419 2804 2725 2865 adversus

1627 2890 1889 2952 Aeneam
1927 2889 2232 2950 machinas
2280 2890 2543 2971 parabit,
2593 2911 2723 2970 quo

1626 2998 1761 3037 eum
1792 2977 2025 3058 perdat.

1712 3068 1856 3128 673.
1909 3064 2160 3142 Cingere
2172 3063 2449 3140 flamna
2461 3083 2487 3133 ‚·
2526 3071 2609 3121 ut
2638 3063 2722 3135 X,

1629 3152 1755 3214 149
1822 3152 2059 3207 moenia
2114 3150 2352 3226 cingere
2395 3149 2715 3226 slanimic.

1626 3236 1729 3294 Sic
1762 3237 2035 3312 flamma
2080 3235 2377 3293 involvere
2390 3277 2407 3307 ,
2447 3237 2719 3291 ebt-um—

1627 3322 1794 3380 dam.
1848 3319 1909 3379 h.
1938 3320 1979 3380 l.
2008 3338 2241 3393 amore,
2286 3328 2356 3378 ut
2389 3339 2597 3377 amore
2627 3321 2719 3378 ir-

1626 3408 1787 3466 miti
1800 3449 1818 3482 ,
1867 3407 2218 3486 illaqueati,
2259 3412 2570 3463 tenentur.
2642 3427 2718 3463 ne

1627 3513 1745 3573 quo
1775 3512 1838 3550 ee
1865 3495 2108 3551 numine
2147 3502 2369 3549 nauel.-
2418 3509 2496 3549 ne
2520 3490 2721 3551 luno-

1625 3578 1719 3638 nis
1756 3577 2194 3638 machinatione
2234 3577 2432 3654 aliqua
2475 3576 2722 3637 animus

1625 3663 1751 3725 eiua
1778 3673 2069 3724 mutetur.
2112 3664 2186 3722 cs.
2204 3662 2277 3722 ad
2297 3663 2340 3738 l,
2359 3666 2418 3727 8.
2444 3660 2582 3742 (sed
2606 3663 2723 3722 iste

1623 3769 1836 3810 versus
1883 3748 2036 3809 nihil
2077 3748 2156 3808 ad
2200 3747 2368 3808 hunc
2407 3748 2718 3828 explican-

1627 3834 1773 3896 dum
1801 3835 1989 3895 affert.
2024 3832 2193 3916 Wr.)
2255 3834 2401 3901 675.
2425 3834 2550 3893 Sed
2572 3856 2722 3893 ma—

1621 3942 1749 4001 gno
1819 3924 2064 3981 Aeneae
2142 3940 2375 3979 mecum
2446 3933 2729 3979 teneatur

1626 4028 1851 4066 amore.
1909 4005 2242 4085 Iungenda:
2287 4019 2562 4064 teneatur
2583 4027 2721 4064 me-

1624 4113 1781 4168 cum,
1827 4102 1900 4153 ut
1920 4113 2148 4171 magno
2176 4112 2290 4172 pro
2312 4089 2582 4171 epitheto
2608 4112 2721 4150 or-

1626 4188 1809 4240 nante
1838 4180 1943 4256 εἰη
1986 4179 2071 4238 ita
2103 4196 2311 4237 sennua
2335 4187 2498 4236 esto:
2542 4176 2723 4258 (ver-

1625 4265 1704 4324 ba
1746 4263 2121 4344 „Iungenda
2161 4298 2237 4310 -
2272 4267 2450 4322 θεῖοί(
2497 4264 2721 4322 omiu-

1626 4351 1827 4413 velim.
1861 4355 1961 4414 W
1956 4352 2040 4433 r.)
2065 4360 2227 4412 amet
2250 4348 2407 4410 Dido
2430 4348 2725 4425 Aeneam,
