2882 5028
685 331 919 452 ‘AD
1024 328 1685 403 LIBRUM
1792 331 1915 406 vl
2254 284 2450 412 102'9

168 521 401 600 fuscis
436 519 703 578 tellus-em
735 521 1116 597 anaclectitur
1165 520 1308 579 alis.
1409 517 1507 577 Ita
1552 518 1732 579 etiam
1762 519 1889 579 dies
1947 520 2143 581 oriens
2188 525 2307 582 na't
2339 523 2445 586 inf.

190 609 289 681 X,
334 604 482 670 256.
568 605 792 665 Verum
821 606 932 663 Sol
956 623 1193 685 quoque
1235 604 1505 663 occidens
1528 609 1649 664 mit
1694 603 1821 686 (lib.
1861 603 1964 683 111,
2002 605 2153 689 508)
2188 621 2244 666 et
2270 630 2447 668 mon-

188 705 291 751 tes
333 690 684 750 umbrantur
731 693 913 769 opaci
920 713 950 763 ‚·
1007 699 1070 749 et
1120 690 1195 751 de
1227 709 1368 750 vere
1406 690 1528 749 iam
1571 700 1781 751 exacto
1812 691 2024 770 Georg.
2063 692 2109 765 Ι,
2150 696 2276 759 818
2307 717 2446 754 cum

185 780 327 836 mit
360 775 729 854 imbriferum
771 798 875 836 ver
889 819 909 851 ‚
982 777 1202 853 Spicea
1242 779 1374 835 iam
1415 779 1653 855 campis
1701 799 1841 836 cum
1882 780 2090 837 messis
2156 779 2446 839 inhorruit

186 872 319 923 etc.
405 864 616 921 Ruunt
657 863 813 922 enim
856 871 918 921 et
962 881 1062 937 ea,
1110 881 1262 939 quae
1303 862 1647 939 imminent,
1705 873 1766 923 et
1811 883 1914 940 ea,
1973 883 2124 940 quae
2164 864 2229 923 in
2275 867 2443 926 exitu

185 956 366 1010 sunt.
450 949 657 1028 Itaque
681 948 745 1007 in
771 967 949 1009 versu
978 947 1174 1008 Basilii
1201 946 1474 1028 (Anthol.
1510 948 1641 1007 Lat.
1679 949 1847 1010 Tom.
1889 948 1961 1009 11.
1995 969 2057 1028 p.
2091 948 2242 1031 306)
2286 973 2440 1010 nox-

186 1057 319 1116 que
353 1034 755 1116 peractasuit
781 1033 899 1094 viri
927 1034 1091 1093 docti
1138 1053 1215 1095 ex
1240 1033 1485 1112 Virgilio
1527 1035 1848 1096 emendant
1888 1037 2026 1094 νιιίι.
2118 1036 2252 1095 Non
2289 1037 2442 1096 male

181 1124 401 1199 itaque
428 1120 698 1181 Servius:
745 1120 838 1196 „si
859 1138 969 1200 per
1008 1120 1165 1180 diem
1192 1140 1362 1179 sacra
1401 1120 1874 1196 celebrabantur,
1914 1122 2036 1179 ruit
2070 1130 2193 1197 est,
2233 1121 2441 1181 immi-

180 1218 335 1284 net;
377 1206 429 1265 si
458 1225 566 1285 per
589 1216 860 1282 noctem,
903 1205 1135 1266 finitur.
1218 1206 1288 1266 In
1329 1223 1478 1265 voce
1511 1207 1663 1266 Nox
1697 1209 1817 1266 ruit
1848 1205 1998 1266 adeo
2037 1226 2162 1266 non
2194 1207 2437 1267 labora-

179 1313 362 1353 mus:
432 1291 892 1351 constituendus
936 1301 1027 1351 est
1080 1311 1286 1351 sensus
1318 1310 1351 1350 e
1395 1291 1624 1352 ceteris.
1707 1293 2029 1354 Enimvero
2065 1312 2247 1372 quam
2286 1293 2439 1354 bene

179 1380 294 1438 die
318 1378 516 1437 medio
547 1398 672 1437 nox
700 1395 879 1439 ruere
903 1378 1159 1455 dicatur,
1200 1377 1450 1438 videant
1476 1376 1593 1437 alii.

366 1547 497 1607 Hac
529 1547 711 1627 igitur
736 1547 835 1607 via
864 1567 989 1607 non
1015 1547 1198 1629 magis
1233 1548 1578 1628 expeditum
1616 1546 1784 1608 vides
1812 1547 1960 1624 iter,
2004 1564 2184 1626 quam
2225 1548 2432 1609 altera.

176 1636 409 1694 Restat
431 1634 652 1711 itaque,
684 1642 756 1692 ut
782 1635 1097 1709 fateamur,
1122 1643 1363 1700 aut-nos
1393 1655 1518 1693 non
1547 1633 1690 1693 satis
1728 1632 2103 1693 commodam
2132 1634 2432 1713 interpre-

177 1719 363 1779 tandi
403 1728 609 1798 poetae
637 1719 933 1779 rationem
963 1728 1165 1780 tenere
1181 1764 1200 1795 ,
1238 1728 1342 1779 aut
1384 1729 1627 1799 poetam
1662 1719 1772 1778 sibi
1802 1718 1915 1798 ipsi
1942 1717 2111 1779 haud
2140 1729 2434 1797 constare,

177 1815 303 1865 aut
333 1815 574 1884 poetam
607 1805 849 1864 omnino
882 1815 1220 1885 temporum
1243 1806 1508 1865 rationes
1537 1804 1706 1864 haud
1736 1824 1989 1865 curasse.
2045 1806 2121 1864 Et
2151 1805 2433 1865 ultimum

175 1892 311 1953 hoc
337 1899 636 1972 praestare
662 1894 874 1951 ceteris
905 1891 1102 1952 videri
1128 1891 1285 1967 dixi,
1325 1911 1438 1951 nec
1479 1900 1671 1950 certas
1713 1901 2052 1969 temporum
2092 1900 2266 1951 notas
2297 1910 2433 1949 eum

176 1997 489 2058 apponere
519 1976 796 2037 voluisse.
882 1977 970 2036 Ita
994 1996 1106 2035 nec
1141 1977 1304 2037 infra
1331 1978 1397 2036 in
1426 1976 1631 2036 reditu
1663 1976 1741 2034 ad
1772 1996 2020 2055 superos
2052 1986 2244 2035 certas
2277 1986 2433 2035 tem-

173 2064 353 2144 poris
392 2072 567 2123 notas
611 2062 845 2122 adiecit.
931 2063 1137 2140 ltaque
1181 2063 1255 2122 de
1293 2082 1363 2122 eo
1393 2082 1505 2121 nec
1540 2081 1663 2121 esse
1693 2061 2091 2122 laborandum
2127 2062 2284 2136 dixi3
2326 2071 2434 2122 aut

176 2151 399 2211 saltem
432 2149 635 2209 licebit
666 2149 857 2211 cuivis
881 2158 1147 2210 statuere
1174 2169 1287 2230 pro
1314 2167 1492 2212 sensu
1524 2158 1586 2209 et
1625 2148 1858 2229 ingenio
1886 2169 2013 2208 suo.

1103 2410 1519 2421 —-——-——-——-———-

626 2590 1669 2711 EXCURS'US
1788 2617 1996 2702 XII

741 2807 1020 2893 'Dc¹
1093 2804 1785 2874 Salmonea.

349 3001 446 3077 VI,
490 2996 851 3065 585-594.
909 2997 993 3056 De
1022 2997 1336 3056 Salmoneo
1380 2992 1732 3055 consulendi
1763 2988 2164 3071 Apollodorus
2197 2997 2256 3046 et
2287 2987 2423 3067 Hy-

170 3090 369 3166 ginus.
458 3087 651 3144 Etiam
675 3083 825 3143 haec
854 3083 1090 3158 fabula,
1125 3082 1269 3141 dum
1298 3103 1330 3140 a
1365 3081 1569 3141 multis
1609 3087 1867 3139 tractata
1906 3084 2027 3150 est,
2072 3094 2108 3130 a
2145 3073 2424 3133 tenuibus

169 3172 364 3233 initiis
418 3171 636 3230 latiora
696 3169 971 3249 deinceps
1037 3169 1405 3228 incrementa
1472 3164 1721 3244 accepit.
1830 3161 2128 3220 Homerus
2181 3159 2421 3237 quidem

173 3258 398 3336 Odyss.
429 3262 481 3333 λ,
524 3256 650 3322 235
682 3255 1061 3315 Salmoneum
1092 3247 1411 3334 ἆμύμονα,
1474 3252 1742 3325 clarum,
1807 3247 2151 3326 simpliciter
2184 3265 2421 3305 memo-

169 3353 308 3419 rat,
352 3353 661 3421 tamquam
687 3339 954 3404 heroem.
1041 3340 1384 3399 Celebratus
1426 3336 1527 3396 ille
1576 3336 1693 3396 suit
1728 3342 1981 3415 propter
2025 3351 2164 3412 opes
2200 3341 2259 3389 et
2301 3352 2417 3391 na-

169 3440 306 3491 tam
330 3429 470 3489 inde
494 3426 987 3505 magnificentiam
1025 3434 1089 3483 et
1111 3424 1542 3505 arrogantiam:
1585 3421 1682 3481 uti
1719 3418 1966 3479 Aloidae
2004 3416 2157 3479 vasti
2196 3438 2418 3498 corpo-

166 3518 260 3576 ris
289 3516 508 3575 robore
536 3513 900 3573 ferocientes.
986 3512 1160 3571 Nunc
1187 3511 1284 3569 ille
1308 3507 1471 3589 apud
1496 3506 1824 3566 Hesiodum
1859 3504 2002 3564 suit:
2052 3499 2420 3583 Σαλμωνεΰς

170 3600 388 3675 ἄδικος
425 3602 491 3660 in
523 3602 729 3677 fragm.
781 3597 942 3679 apud
976 3596 1174 3656 Schol.
1212 3596 1460 3655 Pindari
1501 3594 1567 3656 P.
1594 3592 1695 3670 lv,
1738 3592 1883 3657 252.
1971 3589 2147 3649 Nunc
2178 3589 2279 3647 ille
2319 3608 2417 3647 se-

169 3686 444 3748 cundum
481 3685 802 3745 nonnullos
834 3683 1110 3763 superbia
1146 3682 1336 3741 elatus
1385 3681 1735 3761 quadrigiS,
1782 3686 2088 3755 tamquam
2127 3675 2272 3733 deus
2302 3674 2415 3732 ali-

169 3772 338 3852 quis,
391 3776 658 3831 invectus
695 3790 805 3850 per
847 3768 1076 3829 Elidem
1116 3766 1378 3827 honores
1419 3765 1656 3826 divinos
1681 3763 2010 3822 affectabat.
2095 3760 2212 3819 Pro
2252 3759 2412 3818 ferro

173 3858 355 3937 prisci
387 3857 656 3918 homines
681 3875 815 3916 aere
853 3855 1183 3915 utebantur
1197 3875 1215 3928 ;
1263 3853 1467 3930 itaque
1491 3871 1730 3910 curram
1768 3850 1893 3908 eius
1940 3865 2180 3906 aereum
2226 3842 2411 3902 exhi-

169 3944 369 4005 buisse
399 3943 576 4002 debet
600 3942 880 4021 antiquus
904 3949 1094 4020 poeta.
1182 3940 1390 3998 Solum
1431 3956 1509 3996 ex
1534 3954 1668 3994 aere
1710 3936 1936 3994 sactum
1968 3931 2265 3991 subiecere
2292 3927 2411 3991 alii.

174 4030 327 4107 Equi
351 4025 729 4109 χαλκὸποὸες,
772 4028 1107 4101 aeripedes,
1150 4024 1382 4103 vulgari
1410 4030 1724 4103 poetarum
1759 4040 1875 4080 usu
1919 4019 2408 4095 frequentantur5

172 4116 355 4175 iidem
390 4109 797 4196 χαλκόκροτοι.
883 4111 1079 4171 Facile
1109 4109 1257 4169 haec
1280 4118 1487 4191 poetas
1530 4107 1609 4166 ad
1650 4105 1929 4184 mythum
1971 4102 2265 4161 deducere
2291 4120 2408 4199 130-

174 4211 376 4275 tuere5
416 4200 712 4280 sapienter
742 4207 938 4258 tamen
963 4195 1275 4256 substituit
1302 4216 1405 4255 aes
1431 4206 1489 4253 et
1504 4194 1752 4272 pulsum
1777 4209 2087 4271 equorum,
2130 4195 2202 4246 ut
2238 4205 2407 4265 prius

166 4286 248 4345 ad
290 4306 536 4346 currum
577 4285 790 4345 referri
834 4285 1038 4363 possit.
1136 4283 1287 4341 Cum
1335 4281 1488 4340 aeris
1530 4278 1784 4358 strepitu
1813 4274 2108 4354 fulminis
2153 4283 2209 4330 et
2246 4273 2404 4329 toni-

167 4383 365 4431 truum
402 4370 801 4432 imitationem
851 4369 1220 4429 affinxerunt
1260 4365 1387 4444 alii;
1440 4364 1607 4446 quod
1646 4369 1932 4442 sequutus
1976 4368 2066 4420 est
2106 4356 2402 4437 Virgilius.
