2882 5028
482 369 628 441 176

960 364 1042 436 Ρ.
1108 359 1635 437 VIRGILII
1701 357 2249 434 MARONIS
2346 423 2348 425 ,

477 554 662 625 Non
698 545 980 623 obtusa
1014 544 1218 622 adeo
1252 560 1652 643 gestamus
1683 559 2008 648 pectora
2041 520 2338 637 Poeni3

477 657 647 728 Nec
680 664 844 725 tam
880 674 1196 725 aversus
1230 675 1483 751 equos
1528 651 1758 749 Tyria
1796 649 1936 725 Sol
1967 649 2218 746 iungit
2246 648 2343 723 ab
2378 647 2601 725 urbe.

483 758 646 831 Seu
678 778 820 829 vos
848 754 1320 855 Hesperiam
1347 777 1717 853 magnam
1750 753 2276 856 Saturniaque
2307 776 2512 846 arva,

620 946 726 1000 567
763 942 998 997 obtunsa
1036 942 1222 996 scribit
1263 945 1413 998 Rom.
1450 943 1643 998 Medic.
1690 963 1805 997 cnm
1841 944 1958 997 aliis
2001 944 2183 995 Heius.
2258 940 2492 997 obscura
2536 939 2720 992 zulich.

481 1015 588 1070 568
622 1015 893 1067 adversus
927 1014 1109 1078 multi,
1159 1022 1220 1063 ut
1245 1032 1470 1083 semper.
1540 1017 1682 1067 Bene
1715 1017 1886 1066 Burm.
1920 1016 2149 1066 Gronov.
2194 1013 2376 1064 laudat
2414 1011 2483 1064 ad
2508 1014 2719 1061 Seneeae

481 1085 726 1137 Medeam
753 1086 838 1138 10.
906 1083 1191 1154 subiungit
1225 1082 1294 1134 ab
1319 1103 1372 1136 u.
1409 1103 1514 1137 sec.
1548 1085 1736 1137 Hamb.
1808 1085 1897 1138 sol
1920 1087 2117 1156 mergit
2140 1085 2349 1151 Menag.
2379 1098 2463 1150 pr.
2513 1083 2590 1148 (et
2615 1078 2718 1130 Alb.

495 1153 637 1222 Wr.)
707 1154 886 1225 vergit
908 1156 1043 1205 Ven.
1073 1152 1304 1214 Heinsii5
1351 1155 1448 1205 sed
1472 1173 1521 1207 v.
1553 1157 1723 1206 Burm-

483 1310 819 1387 familiaris3
862 1311 1045 1371 modo
1109 1311 1195 1371 ita
1252 1311 1573 1391 intelligas:

487 1397 651 1465 viros
681 1397 898 1455 eximia
931 1397 1180 1457 virtutis
1209 1397 1386 1458 laude
1422 1419 1572 1458 con-

488 1482 823 1542 decoratus.
893 1485 972 1542 Et
1003 1483 1122 1542 iam
1150 1505 1432 1566 compara
1459 1486 1575 1543 Ca-

487 1568 623 1628 tull.
680 1568 841 1646 Eleg.
907 1569 986 1627 ad
1041 1568 1224 1633 Manl.
1288 1592 1378 1631 vs.
1434 1576 1573 1636 90.=

489 1654 713 1730 „Troia
752 1654 1010 1714 virum
1054 1665 1126 1714 et
1167 1656 1573 1717 virtutum

488 1740 756 1800 omnium
823 1740 1039 1800 acerba
1106 1741 1319 1802 cinis.“
1380 1737 1571 1821 VVr.)

419 1891 429 1901 Ι
489 1826 634 1890 567.
661 1828 806 1893 568.
861 1828 997 1887 Non
1032 1828 1181 1886 adeo
1217 1828 1425 1887 obtusa
1452 1848 1575 1905 pe-

491 1925 679 1986 ctora,
726 1910 790 1971 h.
821 1931 872 1974 e.
905 1912 1150 1993 stupida
1175 1913 1429 1992 ingenia,
1459 1912 1575 1972 ha-

489 1997 730 2067 bemus,
774 2017 897 2057 non
926 2007 1052 2057 tam
1077 1999 1320 2059 barbari
1349 2019 1576 2073 sumus,

490 2090 564 2141 ut
595 2081 995 2143 Troianorum
1025 2104 1121 2167 res
1144 2086 1446 2165 praeclare
1472 2102 1579 2163 ge-

486 2176 613 2226 stas
641 2175 704 2225 et
720 2168 842 2226 sata
873 2170 1229 2249 ignoremus,
1288 2173 1428 2231 Nec
1451 2183 1580 2228 tam

491 2274 738 2313 aversus
783 2274 964 2333 equos
1014 2260 1197 2335 ijrc'a
1238 2258 1334 2316 sol
1377 2258 1580 2334 ingc‘t

491 2338 572 2399 ab
601 2336 764 2412 urbe,
810 2338 875 2399 h.
912 2359 962 2399 e.
1005 2361 1118 2401 nec
1158 2352 1286 2402 tam
1313 2351 1579 2402 remotas

494 2445 532 2483 a
576 2423 729 2501 sole,
772 2446 806 2482 a
848 2428 988 2485 solis
1027 2448 1210 2488 cursu
1256 2437 1318 2487 et
1360 2428 1580 2503 orbita,

493 2519 688 2571 terras
728 2509 1060 2575 incolimus.
1118 2516 1185 2575 id
1221 2514 1386 2595 quod
1441 2524 1579 2574 tan-

496 2595 634 2656 dem
666 2597 745 2655 ad
793 2599 1043 2660 eandem
1080 2601 1436 2662 sententiam
1475 2619 1580 2660 re-

497 2682 618 2759 dit,
673 2692 970 2762 quatenus
993 2687 1213 2766 frigus
1263 2687 1341 2746 ad
1401 2684 1584 2745 animi

494 2779 808 2850 stuporem
854 2771 1121 2851 adeoque
1163 2773 1242 2833 ad
1283 2774 1585 2833 feritatem

492 2863 557 2914 et
600 2855 1035 2917 immanitatem
1081 2860 1479 2935 transfertur,
1525 2864 1586 2916 et

494 2943 848 3003 remotiores
890 2965 924 3001 a
969 2945 1110 3004 solis
1155 2947 1352 3006 orbita
1388 2955 1587 3005 terrae

494 3026 626 3107 pati
697 3029 765 3087 id
832 3031 1189 3094 creduntur.
1306 3031 1586 3091 Alienum

495 3112 673 3192 plane
698 3123 808 3188 est,
836 3116 1001 3191 quod
1033 3117 1278 3176 Servius
1310 3127 1374 3176 et
1402 3118 1584 3176 Pom-

494 3196 713 3278 ponius
756 3198 927 3259 Atrei
964 3210 1028 3260 et
1068 3201 1363 3282 Thyestae
1404 3202 1585 3261 sabu-

494 3283 619 3343 lam
642 3284 767 3345 huc
796 3283 1129 3348 advocant:
1167 3288 1339 3348 aliter
1363 3287 1467 3346 hic
1493 3288 1589 3346 sol

494 3390 744 3429 aversus
773 3371 851 3430 ob
881 3372 1199 3433 horrorem
1241 3383 1304 3432 et
1343 3392 1587 3433 aversa-

497 3455 723 3516 tionem
765 3458 1031 3535 sceleris;
1073 3469 1145 3518 ut
1181 3467 1244 3517 et
1286 3459 1389 3517 alii
1431 3478 1586 3539 poe-

497 3552 598 3602 tae
650 3543 726 3602 de
764 3543 1355 3608 nefandosacinore.
1486 3544 1585 3604 Sic

498 3628 681 3688 caesis
729 3631 962 3690 maritis
1014 3630 1269 3691 Lemniis
1316 3633 1469 3693 Stat.
1509 3630 1581 3706 V,

500 3717 629 3782 297
675 3719 974 3775 Avonam
1018 3721 1254 3778 Lemno
1311 3716 1489 3776 iubar
1528 3728 1584 3775 et

494 3799 761 3859 declinia
830 3804 1013 3864 Titan
1081 3803 1383 3881 Opposita
1428 3805 1584 3881 iuga

496 3884 652 3945 nube
723 3885 923 3966 rufin.
1041 3890 1378 3969 sapientius
1447 3887 1583 3964 hoc,

498 3991 678 4050 quam
714 3971 780 4031 in
819 3975 937 4034 alio
985 3995 1165 4035 versu
1179 4020 1197 4050 ,
1239 3975 1345 4036 ubi
1386 3973 1585 4054 Virgi-

498 4058 726 4118 lienum
753 4059 955 4120 locum
984 4060 1250 4121 imitatus
1277 4071 1367 4120 est
1394 4059 1582 4120 Theb.

499 4144 542 4220 Ι,
571 4148 696 4210 688
722 4166 811 4223 sq.
900 4148 1159 4221 Scimus,
1207 4149 1321 4223 ait,
1357 4168 1466 4205 nec
1494 4149 1583 4205 sic

494 4251 775 4290 aversum
812 4231 1010 4310 sama
1055 4234 1324 4312 Mycenis
1373 4233 1585 4292 Voluit

495 4318 629 4381 iter.
715 4319 1002 4398 Regnum
1036 4316 1318 4397 etsta-ias
1344 4317 1584 4376 oeulos-

495 4424 612 4484 que
655 4403 950 4484 pudentes
1006 4402 1032 4487 (
1044 4402 1280 4487 pudore
1337 4400 1584 4486 erutos)

1660 1315 1878 1372 Novit.
1996 1311 2318 1370 Extremae
2359 1318 2554 1368 terrae
2592 1325 2719 1386 par-

1661 1408 1749 1458 tes
1785 1399 1876 1458 ita
1918 1396 2163 1456 omnino
2207 1394 2621 1473 designantur,
2659 1397 2721 1448 ut

1659 1497 1829 1543 extra
1882 1484 2026 1541 solis
2082 1484 2218 1539 vias
2262 1499 2386 1541 esse
2442 1479 2719 1550 dicantur,

1661 1579 1956 1650 quatenus
1984 1567 2083 1627 vel
2115 1567 2274 1625 intra
2305 1566 2428 1625 duo
2457 1563 2720 1643 Tropicos

1657 1655 1757 1716 vel
1819 1655 1983 1713 intra
2055 1653 2510 1732 temperatiores
2561 1667 2721 1709 zonas

1657 1762 1782 1802 non
1805 1736 2420 1819 comprehenduntur.
2465 1738 2600 1811 Quo
2628 1734 2723 1813 igi-

1659 1841 1766 1888 tur
1806 1829 1988 1905 magis
2029 1833 2224 1884 terrae
2256 1844 2467 1884 versus
2505 1830 2722 1902 septen-

1658 1915 1920 1974 trionem
1959 1911 2058 1970 vel
2085 1930 2297 1970 versus
2342 1918 2613 1969 austrum
2636 1924 2720 1965 re-

1660 1992 1917 2071 cedunt,
1968 2016 2038 2055 eo
2079 1997 2260 2075 magis
2311 2017 2559 2054 aversus
2590 1992 2645 2051 h.
2678 2009 2720 2049 e.

1661 2084 2011 2165 simpliciter
2047 2092 2316 2141 remotus
2360 2078 2528 2162 (nam
2564 2096 2721 2156 argu-

1662 2182 1875 2231 tantur
1920 2168 1983 2228 in
2027 2166 2144 2227 hac
2185 2164 2359 2248 voce)
2408 2167 2484 2225 ab
2529 2165 2598 2224 iis
2636 2161 2725 2221 Sol

1665 2259 1865 2336 iungit
1894 2276 2072 2334 equos
2097 2252 2160 2313 h.
2187 2274 2236 2313 e.
2275 2253 2479 2312 oritur
2519 2252 2723 2326 iterque

1663 2363 1840 2403 suum
1867 2341 2154 2399 diurnum
2180 2339 2443 2399 conficit.
2484 2337 2723 2413 adeoque

1664 2450 1776 2511 pro
1797 2474 1813 2503 ,
1859 2446 1982 2486 non
2020 2435 2143 2484 tam
2184 2446 2432 2485 aversus
2458 2439 2578 2484 est.-
2620 2438 2724 2479 non

1664 2523 1931 2577 remotus
1974 2522 2085 2576 est.
2174 2509 2354 2594 (Male
2396 2510 2591 2570 Cerda
2631 2504 2722 2565 ali-

1667 2601 1811 2684 ter).
1899 2598 1988 2658 [ta
2030 2619 2156 2657 non
2195 2597 2415 2672 modo,
2459 2597 2564 2675 qui
2603 2612 2723 2652 ver-

1666 2708 1767 2747 sus
1805 2684 2307 2765 septentrionem,
2352 2683 2575 2742 arctois
2612 2679 2723 2759 pla-

1666 2775 1752 2855 gis
1781 2771 2079 2847 habitant,
2125 2773 2326 2829 aversi
2359 2790 2393 2828 a
2427 2768 2550 2828 sole
2575 2763 2724 2825 dicti:

1669 2878 1884 2920 verum
1921 2857 2098 2917 etiam
2141 2858 2374 2931 aversi,
2426 2854 2530 2933 qui
2572 2873 2603 2910 a
2644 2868 2726 2909 se-

1670 2945 2016 3027 ptentrione
2092 2941 2309 3001 remoti
2383 2936 2727 3000 australibus

1670 3030 1856 3112 plagis
1896 3026 2208 3104 habitant3
2263 3046 2377 3107 pro
2422 3022 2727 3086 sententiu-

1667 3137 1808 3177 rum
1842 3115 2098 3175 ratione.
2183 3113 2314 3174 val.
2366 3112 2456 3172 Fl.
2510 3111 2556 3187 I,
2604 3108 2726 3173 518»

1668 3203 1777 3263 ubi
1833 3203 1938 3261 Sol
2003 3199 2280 3278 loquitur
2345 3197 2423 3257 de
2493 3192 2728 3257 Colchis:

1677 3288 1846 3367 Quid
1861 3289 2028 3365 regio
2066 3288 2375 3359 immanis,
2424 3284 2579 3363 quid
2605 3279 2727 3338 bar*

1667 3374 1849 3433 hams
1895 3371 2176 3433 amnibus
2228 3371 2371 3430 ullis
2420 3369 2649 3429 Phasis
2684 3372 2729 3420 ot

1670 3460 1897 3519 aversis
1926 3459 2129 3537 proles
2160 3478 2297 3517 mea
2331 3456 2605 3535 gentibus
2642 3445 2728 3509 ob-

1666 3546 1833 3604 stat?
1889 3544 2012 3603 Iam
2055 3543 2120 3602 in
2166 3541 2409 3621 Virgilio
2443 3539 2595 3599 haec
2625 3552 2731 3595 non

1667 3650 1792 3690 esse
1828 3630 2121 3690 subtiliter
2161 3627 2451 3707 exigenda
2487 3628 2731 3706 apparet,

1668 3717 1721 3777 si
1793 3716 2056 3776 Africam
2128 3715 2347 3794 cogites
2360 3735 2379 3789 ;
2430 3712 2554 3772 sed
2633 3708 2733 3767 hoc

1669 3823 1861 3863 unum
1923 3800 2252 3861 tenendum
2272 3844 2289 3875 ,
2343 3799 2575 3859 Poenos
2627 3810 2732 3854 non

1669 3907 1794 3948 esse
1849 3888 2136 3949 barbaros
2160 3931 2178 3963 ,
2250 3906 2374 3945 non
2431 3885 2583 3944 adeo
2629 3896 2735 3938 esse

1668 3984 1933 4035 remotos
1973 3995 2009 4032 a
2036 3971 2419 4032 clementiore
2447 3969 2595 4030 eoeli
2624 3975 2733 4025 ter-

1667 4080 1892 4139 raeque
1935 4059 2106 4140 plaga
2129 4105 2146 4135 ,
2207 4065 2489 4139 respectu
2536 4051 2731 4116 Trois-

1666 4166 1906 4208 norim).

1753 4231 1900 4298 569.
2005 4231 2373 4309 Hesperiam
2461 4239 2735 4306 magnam

1666 4317 1866 4399 simpl.
1907 4325 2235 4399 potentem.
2323 4313 2516 4374 Aliter
2559 4313 2733 4371 Grue-

1666 4407 1774 4465 m‘a
1803 4424 2040 4484 magna
2075 4401 2326 4463 dicitur.
2370 4399 2548 4482 (nota
2584 4408 2735 4477 ptr&
