2882 5028
345 2631 365 2652 ⁶
443 2652 504 2686 re
534 2634 641 2689 vid.
666 2635 735 2688 V.

424 385 647 459 880·

424 568 685 664 Atque
712 557 911 638 haec
940 558 1108 658 ipse
1141 581 1287 632 suo
1320 555 1518 631 tristi
1554 579 1736 630 cum
1764 555 2011 631 corde
2047 553 2364 649 volutat,

920 376 1003 450 P.
1056 368 1579 450 VIRGILII
1627 364 2186 447 MARONIS

2535 559 2691 634 185

423 666 911 765 Adspectans
939 660 1214 736 silvam
1246 660 1728 755 inmensam,
1786 672 1866 734 et
1903 660 2010 733 sic
2037 657 2246 733 forte
2275 670 2694 759 precaturz

428 771 512 847 Si
542 789 754 844 nunc
789 789 873 841 se
905 763 1140 840 nobis
1167 763 1300 839 ille
1331 786 1614 838 aureus
1656 760 1946 837 arbore
1975 786 2236 837 ramus

428 868 820 949 Ostendat
849 891 1189 944 nemore
1219 867 1301 941 in
1329 872 1586 942 tanto!
1644 865 1969 964 quando
2008 866 2273 940 omnia
2309 887 2505 940 vere

423 978 607 1051 neu
636 973 976 1049 nimium
1008 970 1112 1047 de
1152 983 1232 1045 te
1266 981 1518 1065 vate5‚
1541 965 1876 1045 'Misene
1896 1030 1918 1067 ,
1968 967 2228 1044 locuta
2256 980 2393 1046 est.

426 1079 573 1158 vix
641 1101 733 1153 ea
788 1073 996 1152 fatus
1069 1085 1276 1172 erat,
1338 1073 1707 1171 geminae
1764 1097 2019 1175 quum
2082 1070 2296 1150 forte
2368 1070 2693 1147 colum—

539 1290 711 1364 186.
762 1303 882 1359 s1c
933 1304 1143 1360 voca
1194 1302 1316 1359 Pu.

1595 1173 1749 1253 bae

2543 1185 2696 1256 190

571 1457 674 1512 185
707 1455 811 1509 hoc
836 1453 1096 1513 Montalb.
1165 1455 1345 1507 tristis
1368 1453 1533 1507 Witt.
1602 1471 1724 1506 cum
1759 1470 1808 1505 c.
1849 1451 2028 1504 Heius.
2074 1468 2106 1503 e
2146 1451 2278 1503 libb.
2316 1449 2523 1520 Vulgg.
2562 1464 2696 1504 sna.

433 1527 536 1584 186
571 1543 732 1589 voce,
768 1542 898 1588 ore,
918 1523 1079 1596 sorte
1102 1523 1309 1593 legitur.
1367 1521 1527 1594 forte
1558 1524 1770 1576 Servius
1799 1522 2210 1590 interpretatum
2255 1529 2316 1572 ut
2353 1531 2541 1573 humen
2570 1539 2694 1574 ver-

436 1613 550 1648 sum
579 1596 716 1646 inter
740 1593 986 1645 tibicines
1010 1594 1279 1663 (chwille)
1320 1594 1535 1644 referat.

1604 1595 1669 1644 Et
1712 1592 1817 1643 hoc
1855 1592 2022 1644 habet
2063 1590 2254 1644 Medic.
2297 1609 2416 1643 cum
2457 1590 2529 1641 al.
2604 1611 2698 1642 ote

430 1663 676 1732 Longob.
716 1662 877 1715 Pierii
914 1662 1099 1732 (Paris.
1150 1665 1235 1718 11.
1289 1662 1434 1727 Wr.)
1478 1672 1532 1712 et
1574 1680 1653 1732 pr.
1699 1662 1887 1713 Hamb.
1932 1678 1995 1711 ex
2033 1679 2081 1710 v.
2127 1662 2216 1716 76.
2288 1678 2426 1712 voce
2471 1660 2698 1712 Romani

434 1733 630 1788 codicis
653 1731 814 1784 lectio
847 1741 959 1798 est,
1005 1750 1158 1802 quam
1183 1741 1238 1783 et
1263 1731 1353 1783 alii
1378 1731 1534 1783 codd.
1568 1729 1850 1795 exhibent,
1896 1730 1972 1799 (in
2013 1729 2198 1798 quibus
2241 1730 2408 1781 Paris.
2451 1730 2505 1782 2.
2549 1732 2694 1798 Wt.)

473 1819 692 1871 numque
735 1801 871 1853 bene
914 1801 1133 1853 retinuit
1172 1801 1352 1853 Heius.
1425 1801 1684 1868 (Sex-vius:
1721 1803 1925 1865 „Vacat
1949 1797 2130 1871 sorte:
2184 1808 2238 1850 et
2282 1809 2364 1850 est
2399 1817 2592 1851 versus
2632 1800 2698 1851 de

434 1822 551 1936 gis,
586 1872 675 1942 qui
706 1870 951 1923 tibicines
972 1881 1250 1934 vocantur,
1284 1869 1472 1939 quibus
1499 1869 1709 1921 additur
1743 1868 1942 1937 aliquid
1981 1869 2049 1920 ad
2090 1866 2255 1919 solam
2290 1868 2449 1920 metri
2484 1879 2699 1920 suste·-

435 1942 716 2003 tationem3
753 1969 821 1980 —
855 1959 953 1992 nec
974 1942 1112 1992 enim
1136 1958 1407 2010 possumus
1433 1939 1733 2007 intelligere
1763 1956 1880 1990 eum
1904 1937 2126 1989 fortuito
2164 1943 2439 2004 rogasse.“
2509 1943 2696 2008 Appa-

435 2021 521 2064 ret
547 2011 650 2064 hoc
673 2009 842 2063 Servii
877 2010 1125 2062 iudicium
1157 2027 1360 2062 eausam
1404 2008 1521 2060 aliis
1559 2008 1851 2072 exstitisse,
1903 2018 1960 2058 ut
2008 2006 2399 2075 experirentur,
2454 2025 2564 2077 qua
2610 2026 2698 2060 ra-

435 2081 585 2132 tione
613 2079 948 2131 emendarent
973 2097 1204 2142 versum3
1239 2078 1363 2131 hinc
1393 2078 1485 2130 alii
1506 2096 1629 2142 ore,
1676 2077 1767 2130 alii
1797 2095 1930 2128 vocs
1970 2075 2374 2139 substituerunt3
2428 2076 2542 2129 hoe
2579 2077 2701 2146 qui-

436 2149 558 2201 dem
582 2148 934 2200 commendari
958 2149 1184 2201 fortasse
1214 2148 1491 2200 videbatur
1536 2165 1566 2199 e
1607 2149 1705 2214 IX,
1742 2147 1865 2201 403.
1911 2146 2010 2209 XI,
2045 2146 2169 2199 784.
2235 2146 2342 2197 Sed
2381 2146 2492 2197 hoc
2532 2146 2702 2215 ipsum

440 2237 574 2270 voce
629 2234 694 2269 eo
745 2217 985 2268 redditur
1038 2217 1361 2286 suspectius,
1416 2216 1559 2287 quod
1597 2235 1727 2269 voce
1766 2233 1882 2267 cum
1925 2213 2182 2266 eiusmodi
2224 2215 2404 2266 verbis
2449 2215 2702 2282 iunctm,

438 2286 615 2356 qualia
662 2294 785 2336 sunt
840 2304 1064 2351 vocare,
1116 2289 1371 2358 precari,
1433 2286 1693 2338 claram
1755 2300 2172 2352 magnamque
2224 2301 2411 2336 vocem
2469 2285 2702 2348 indicat3

477 2356 581 2406 uod
614 2355 769 2422 plane
794 2354 1017 2405 alienum
1044 2355 1111 2406 ab
1150 2355 1254 2407 hoc
1292 2356 1444 2417 loco;
1477 2355 1657 2423 Eurip.
1683 2353 1957 2406 Phoeniss.
1983 2356 2110 2407 679.
2136 2353 2358 2406 Matth.:
2398 2347 2703 2422 ,ζἘπωφον

439 2375 720 2479 ganne&
757 2419 1060 2476 ἐκάλεσα
1094 2423 1205 2494 βαρ
1246 2420 1364 2496 ἀρφ
1390 2424 1614 2496 βοᾷ;“
1649 2424 1834 2476 crebra
1862 2432 1986 2475 sunt
2021 2424 2162 2491 apud
2190 2422 2477 2491 Virgilium
2517 2443 2703 2476 exem·-

438 2494 561 2567 pla3
602 2493 697 2546 cir.
725 2492 880 2545 etiam
904 2494 1119 2547 Becker.
1160 2496 1201 2546 E
1226 2513 1307 2563 eg.
1344 2497 1496 2547 Rom.
1537 2513 1592 2563 p.
1640 2495 1761 2550 229.
1830 2494 2010 2562 Itaque
2050 2492 2294 2545 revocavi
2320 2492 2518 2563 sorte,
2570 2495 2703 2547 nihil

441 2564 669 2617 offensus
699 2562 770 2614 im
808 2563 994 2615 robata
1016 2565 1082 2616 ab
1109 2565 1327 2616 Heinsio
1367 2564 1689 2632 repetitione
1727 2562 1962 2617 eiusdem
1994 2562 2140 2613 vocis
2174 2580 2250 2614 vs.
2292 2566 2444 2626 19o.;
2499 2565 2574 2615 de
2603 2583 2702 2634 qua

867 2633 935 2685 ad
974 2635 1041 2699 V,
1080 2636 1198 2688 181.
1268 2633 1478 2700 Optime
1518 2643 1692 2685 autem
1732 2636 1942 2684 Aenean
1984 2641 2146 2699 poeta
2191 2632 2388 2683 forte
2430 2644 2702 2704 precatum

442 2702 573 2755 dicit
588 2741 604 2768 ,
646 2719 749 2772 quo
777 2702 849 2754 ad
875 2701 1128 2772 insperati
1176 2713 1389 2754 eventus
1425 2701 1875 2773 exspectationem
1916 2701 2128 2753 lectoris
2164 2701 2366 2753 animus
2423 2703 2700 2756 excitetur.

452 2774 597 2838 Wr.)
741 2773 842 2826 187
874 2776 1064 2824 aureis
1098 2792 1151 2824 a.
1185 2774 1352 2825 ramis
1385 2772 1646 2824 Montalb.

1786 2772 1889 2825 188
1932 2787 2157 2823 numero
2190 2772 2251 2822 in
2287 2783 2452 2825 taraco
2487 2774 2546 2825 in
2586 2773 2699 2825 eod.

443 2840 682 2894 Boecleri
701 2840 1007 2908 legebatur3
1040 2851 1321 2963 casgafuto
1340 2880 1355 2906 ,
1388 2857 1499 2892 nou
1518 2840 1732 2894 iudicio.
1802 2843 1864 2892 in
1888 2840 2004 2893 alto
2032 2839 2167 2891 alter
2210 2841 2400 2893 Hamb.
2477 2861 2526 2895 ο.
2568 2860 2697 2894 ναι

442 2914 577 2964 Ven.
610 2922 664 2962 et
684 2910 935 2976 Dorvill.,
967 2928 1075 2965 nou

446 2994 505 3034 ee
535 2978 795 3033 Montalb.
816 2980 930 3034 Erf.

448 3121 892 3200 conquirendae
935 3121 1016 3182 ad
1054 3141 1267 3201 rogum
1302 3118 1533 3181 Miseni.

367 3208 393 3231 ⁸
451 3204 592 3289 (—
621 3206 763 3272 185.
836 3210 963 3285 ipse
1011 3228 1121 3266 suo
1178 3210 1332 3266 ινίειί
1394 3228 1534 3266 cum

445 3291 656 3367 corde,
703 3290 828 3352 vid.
873 3291 951 3366 Q.
993 3292 1065 3352 V.
1108 3292 1325 3368 XVIII,
1368 3296 1429 3370 2,
1472 3313 1532 3371 q.

448 3385 513 3436 et
541 3378 682 3441 Not.
713 3376 794 3437 ad
820 3378 925 3454 lx,
952 3380 1097 3442 816.
1149 3377 1326 3458 Wr.)

541 3466 765 3527 187—
782 3465 923 3527 189.
969 3464 1219 3522 Uzittam
1248 3483 1429 3538 num,
1460 3470 1537 3523 ut

456 3548 563 3607 Gr.
597 3547 670 3625 εἰ,
714 3548 768 3610 εἰ
787 3543 921 3630 puio,
963 3567 1024 3608 v.
1052 3570 1104 3609 c.
1132 3549 1237 3627 qui
1269 3549 1437 3607 locus
1465 3549 1533 3608 in

450 3632 729 3693 manibus
781 3641 902 3709 est,
948 3633 1171 3712 Hymn.
1193 3635 1438 3694 Homer.
1467 3634 1534 3694 in

451 3717 715 3799 Apollin.
774 3719 848 3784 51
914 3714 1095 3799 Δῆλ’,
1183 3720 1240 3783 εἰ
1294 3713 1413 3802 γάῤ
1469 3721 1529 3782 κ’

453 3803 712 3879 §ostam
772 3822 952 3881 quem
993 3805 1043 3863 si
1077 3806 1165 3864 ita
1220 3806 1535 3883 acceperis,

456 3886 871 3950 emendatione
915 3910 1039 3949 non
1083 3910 1248 3970 egere
1278 3890 1536 3968 videbis3

455 3975 571 4037 nisi
596 3983 671 4034 ut
696 3972 932 4049 ἐθέλοις
958 3994 1229 4055 reponas.
1259 3975 1536 4055 Aeschyl.

456 4061 566 4124 v11
593 4060 671 4120 ad
699 4058 883 4120 Theb.
919 4065 1047 4125 262
1071 4061 1405 4147 αἰτουμένῳ
1435 4085 1538 4142 μοι

460 4150 706 4225 κοῦφον
745 4146 800 4209 εἰ
817 4146 988 4226 δοίης
1016 4146 1203 4222 τέλος.
1261 4148 1366 4207 ubi
1397 4148 1539 4228 plu-

458 4253 529 4293 ra
553 4232 620 4291 in
638 4240 785 4293 nota
813 4230 1053 4292 Schiitz.
1112 4230 1364 4313 (arbore,
1413 4232 1538 4297 vid.

461 4318 529 4379 V.
556 4318 623 4379 L.
649 4318 729 4377 ad
756 4317 854 4395 IV,
884 4322 987 4384 26.
1021 4320 1119 4379 W
1114 4316 1198 4400 r.)
1248 4339 1311 4377 se
1340 4331 1538 4377 osten-

456 4403 597 4479 dat,
655 4399 946 4483 adpareat
988 4412 1130 4484 οιαὶ
1185 4423 1298 4465 nec
1338 4412 1542 4465 tamen

1213 2929 1271 2976 ος
1305 2910 1546 2981 inprimis
1571 2928 1672 2981 pro
1707 2921 1888 2982 poeta.

2026 2910 2127 2965 189
2168 2910 2295 2961 Heu
2336 2929 2396 2963 n.
2444 2925 2607 2964 vates
2636 2912 2697 2963 de

1616 3117 2016 3180 dubitandum
2032 3165 2050 3198 ,
2094 3120 2272 3181 etiam
2297 3121 2558 3181 alteram
2591 3141 2700 3183 vs·

1613 3205 1802 3267 ticinii
1861 3215 2093 3286 partem
2145 3206 2262 3266 hac
2324 3207 2550 3268 arbore
2599 3210 2700 3267 in-

1616 3301 1799 3351 venta
1833 3302 2116 3352 eventum
2159 3312 2283 3351 esse
2333 3292 2702 3367 habituram,

1618 3377 1863 3455 quando
1894 3387 2009 3438 etc.

1709 3466 2086 3529 190-196.
2144 3462 2370 3542 Dignus
2414 3464 2522 3523 tali
2569 3464 2703 3525 vin-

1619 3547 1749 3607 dice
1790 3548 2006 3610 nodus.
2081 3548 2337 3609 Ostento
2366 3551 2469 3610 vel
2515 3570 2704 3630 augu-

1615 3633 1710 3693 rio
1778 3633 1978 3712 aliquo
2043 3653 2139 3693 res
2195 3636 2468 3715 perfecto
2539 3656 2700 3695 nunc

1617 3720 2012 3778 cummaxime
2090 3730 2225 3779 erat
2308 3721 2703 3801 expedienda.

1619 3804 1814 3878 Quale
1848 3814 2043 3864 autem
2073 3805 2237 3866 aliud
2280 3807 2704 3867 accommoda-

1617 3891 1741 3950 tius
1782 3911 1960 3969 quam
1993 3891 2234 3951 Veneris
2263 3894 2481 3952 matris
2525 3894 2705 3953 aves?

1623 3977 1737 4035 etsi
1789 3977 2031 4036 omnino
2081 3979 2341 4039 faustum
2376 3987 2439 4037 et
2482 3978 2708 4040 laetum

1622 4060 1743 4121 hoc
1776 4062 2123 4142 auspicium.
2183 4084 2243 4124 v.
2284 4063 2502 4124 Cerda.
2595 4063 2709 4124 Sed

1623 4157 1803 4228 poeta
1849 4147 2018 4208 haud
2047 4148 2225 4208 dubie
2266 4150 2329 4208 in
2358 4150 2562 4209 animo
2593 4150 2710 4210 hs·

1623 4233 1764 4293 buit
1798 4232 2183 4315 Apollonium
2225 4255 2404 4295 suum
2444 4236 2550 4296 lib.
2613 4237 2712 4311 ΠΙ,

1627 4319 1753 4385 540
1781 4339 1908 4397 sqq.
1953 4320 2026 4379 cs.
2071 4324 2197 4387 926
2223 4340 2385 4399 sqq.;
2426 4342 2542 4381 nec
2583 4323 2710 4382 Do·

1627 4404 1926 4465 donaeum
1961 4406 2276 4468 oraculum
2308 4425 2389 4467 ex
2416 4407 2711 4469 columbis
