2882 5028
811 344 1738 479 romanum
1837 406 1929 481 11
2341 416 2490 490 437

260 594 689 665 metaverant,
734 609 840 651 seu
878 592 1269 653 coniectando
1315 612 1420 653 seu
1460 603 1873 674 argumentum
1920 596 2192 657 ornando
2242 597 2489 663 luerunt

255 673 514 735 inventa.
613 676 698 733 De
750 678 877 736 eius
913 689 1106 739 morte
1157 681 1406 739 Excurs.
1459 681 1628 741 xvn
1676 679 1753 739 ad
1792 682 1895 741 lib.
1947 681 2049 757 111,
2081 686 2206 748 710
2254 681 2489 746 videbi-

254 779 399 819 mus.
468 760 869 822 -Debilitatum
912 784 975 822 se
1012 766 1129 844 igni
1172 766 1436 825 caelesti-
1468 766 1593 846 ipse
1635 767 1955 845 profitetur
1998 766 2101 827 lib.
2145 768 2215 846 ΙΙ,
2261 772 2384 837 647
2407 805 2482 818 —

255 845 373 911 649
403 848 547 907 Iam
575 849 816 926 pridem
857 852 1085 910 invisus
1126 852 1322 926 divis,
1370 864 1427 910 et
1468 853 1701 911 mutilis
1716 896 1735 926 ,
1783 873 1975 912 annos
2015 855 2348 916 Demorore
2405 878 2480 916 ex

251 951 361 1009 quo
402 952 500 990 me
539 933 745 992 divom
781 948 960 1012 pater
997 950 1177 1015 atque
1219 938 1530 996 hominum
1573 958 1677 995 rex
1703 939 2004 997 Fulminis
2044 940 2313 1017 adflavit
2340 963 2485 999 ven-

250 1019 357 1092 tis,
404 1029 463 1076 et
508 1023 763 1098 contigit
805 1023 958 1098 igni.
1052 1022 1121 1080 ln
1168 1022 1486 1081 Homerico
1529 1021 1770 1102 Hymuo
1811 1024 1876 1082 in
1926 1021 2069 1083 Ven.
2118 1027 2484 1091 287—289

247 1110 482 1162 tantum
524 1101 644 1163 hoc
686 1104 953 1165 minatur
996 1106 1220 1167 Venus:
1278 1108 1370 1166 sin
1420 1106 1677 1168 edixeris
1720 1128 1881 1169 meos
1924 1108 2231 1188 amplexus
2273 1118 2331 1168 et
2368 1132 2481 1192 pa·-

247 1186 360 1247 lam
420 1190 741 1249 extuleris:
808 1187 963 1268 Ζεύς
1017 1211 1082 1255 σε
1137 1187 1558 1273 χολωσάμενος
1598 1193 1797 1274 βαλέει
1844 1191 2131 1274 ψολόεντι
2172 1201 2479 1282 κεραυνῷ·

246 1293 319 1333 sc.
374 1295 502 1334 non
560 1284 632 1334 ut
686 1276 842 1335 ictus
900 1277 1193 1354 intereat,
1255 1297 1467 1338 verum
1529 1288 1599 1338 ut
1652 1278 1860 1338 afflatu
1885 1310 1888 1312 ·
1914 1279 2273 1340 debilitetur.
2359 1283 2482 1356 Qui

241 1358 467 1438 primus
526 1360 648 1421 hoc
704 1360 987 1422 disertius
1041 1364 1386 1444 exposuerit
1445 1361 1729 1446 (cyclicus
1783 1385 1881 1423 an*
1921 1365 2211 1444 tragicus,
2273 1384 2304 1423 e
2358 1387 2479 1445 quo

241 1445 392 1506 sorte
432 1465 569 1506 rem
623 1456 829 1506 narrat
875 1447 1092 1528 Hygia.
1150 1450 1188 1509 s.
1234 1446 1364 1528 94),
1433 1470 1554 1508 non
1612 1450 1844 1530 reperio
1856 1471 1875 1527 ;
1928 1448 2035 1508 sed
2075 1450 2340 1529 quisquis
2382 1452 2481 1510 ille

239 1530 352 1591 suit
406 1532 720 1609 antiquior
788 1543 996 1611 poeta,
1071 1534 1364 1595 vocabulo
1434 1535 1644 1613 utique
1698 1539 2070 1616 πηρωθῆναι
2125 1554 2264 1595 usus
2320 1546 2477 1597 erat:

241 1619 397 1694 quod
440 1618 546 1677 alii
588 1618 668 1677 ad
709 1619 1054 1679 caecitatem
1093 1619 1350 1679 retulere
1372 1663 1389 1694 ‚
1436 1640 1572 1679 eum
1620 1620 1858 1700 proprie
1893 1639 2306 1699 quamcunque
2337 1642 2478 1682 cor-

237 1704 393 1781 poris
435 1721 552 1763 seu
607 1703 1050 1764 truncationem
1095 1725 1199 1765 seu
1252 1704 1722 1765 debilitationem
1760 1706 2020 1765 innuat.·
2073 1706 2289 1767 Similis
2347 1728 2480 1767 am·-

237 1788 490 1868 philogia
536 1789 657 1849 fuit
711 1789 776 1849 in
818 1789 1125 1871 Thamyri.
1193 1790 1318 1851 vid.
1360 1789 1559 1851 Schol.
1613 1791 1693 1850 ad
1733 1790 1901 1852 Iliad.
1944 1793 2014 1871 β,
2074 1793 2219 1858 599.
2309 1792 2477 1853 Adde

229 1874 310 1933 de
347 1875 582 1936 Phineo
624 1874 901 1954 Apollod.
945 1876 991 1952 Ι,
1036 1882 1096 1952 9,
1140 1880 1244 1952 21,
1307 1886 1363 1935 et
1909 1895 1969 1951 ἰς
2007 1876 2255 1935 tandem
2297 1878 2477 1938 abso-

237 1959 355 2020 lute
397 1982 512 2041 pro
572 1962 987 2021 excaecatione
1043 1961 1186 2021 ibid,
1246 1961 1324 2020 ΙΙΙ
1339 2006 1356 2035 ,
1909 1980 1985 2020 ex
2035 1962 2298 2021 fulminis
2347 1964 2473 2025 ictu

237 2048 628 2125 purulentum
687 2048 967 2107 mansisse
1025 2047 1090 2106 in
1131 2045 1363 2106 Anchim
1909 2045 2093 2106 hoelis
2144 2067 2354 2108 versus
2398 2070 2473 2109 ex

235 2132 570 2192 Laocoonte
612 2153 796 2212 supra
841 2134 1089 2212 Disquis.
1130 2133 1187 2192 11
1229 2153 1275 2191 s.
1321 2132 1363 2192 V
1909 2132 2105 2192 uidem
2151 2153 2183 2190 a
2231 2135 2472 2195 Plutar-

236 2216 341 2278 cho
379 2217 677 2297 adscripti
720 2227 896 2295 suut,
939 2226 1214 2297 arguunt.
1304 2216 1522 2279 Versus
1564 2240 1727 2297 apuu
1762 2238 2002 2298 uonys.
2046 2218 2098 2295 1,,
2134 2218 2218 2283 48
2258 2220 2343 2280 sie
2381 2222 2472 2281 le-

234 2313 470 2381 guntur:
519 2302 755 2363 Aeneas
797 2303 875 2363 ad
914 2313 1155 2383 portam
1201 2313 1322 2377 est,
1379 2311 1454 2362 ut
1500 2302 1787 2379 discedat,

565 2421 653 2434 —
693 2383 798 2453 ἐπ’
841 2386 1024 2471 ὤμων
1064 2382 1283 2470 πατέρ’
1327 2387 1478 2468 ἔχων
1522 2390 1847 2471 κεραυνίου

566 2468 785 2538 Νότου
827 2469 1270 2551 καταστάζοντα
1311 2469 1610 2555 βύσσινον
1650 2469 1865 2559 φάρος.

233 2568 315 2620 est
363 2562 517 2622 adeo
581 2565 779 2625 νῶτον
832 2558 1158 2643 κεραύνιον
1208 2561 1450 2620 dor-sum
1486 2559 1759 2638 fulmine
1790 2580 2174 2639 pen-ussum,
2236 2560 2310 2620 de
2352 2557 2469 2621 hoc

233 2665 395 2707 namo
421 2646 674 2708 dubitat
689 2668 709 2723 3
750 2646 856 2706 sed
886 2646 1228 2707 docendum
1263 2651 1395 2705 erat
1417 2647 1815 2725 grammatice,
1858 2664 1978 2722 quo
2020 2663 2201 2705 sensu
2237 2647 2468 2725 reliqua

234 2730 381 2791 dicta
421 2735 580 2810 sint3
622 2752 762 2792 nam
788 2741 862 2792 ut
902 2732 1186 2792 Anchises
1226 2730 1467 2790 dicatur
1507 2724 1892 2806 καταστάζων
1912 2725 1979 2795 τὸ
2020 2723 2314 2810 βύσσινον
2337 2727 2466 2810 φά-

233 2839 357 2896 ρος,
414 2814 630 2902 (κατά)
690 2822 802 2881 τοῦ
857 2812 1056 2881 νότου
1069 2862 1086 2894 ,
1149 2819 1459 2888 demittens
1479 2860 1498 2890 ,
1561 2817 1920 2896 defluentem
1959 2813 2184 2873 habens
2228 2829 2465 2893 vestem,

230 2903 295 2959 cle
333 2916 494 2984 tergo
521 2948 542 2978 ,
602 2903 870 2963 ieiunum
913 2913 1033 2980 est3
1088 2903 1304 2962 saltem
1343 2900 1666 2961 dicendum
1710 2909 1831 2975 est,
1895 2895 2281 2974 καταστάζειν
2323 2921 2465 2979 esse,

232 2986 562 3050 humet-tan
603 2993 772 3048 sanie
809 3002 1028 3047 vestem
1068 3001 1232 3067 tergo
1271 2991 1575 3046 iniectam.
1667 2985 1766 3045 Ad
1807 2983 1921 3044 alia
1945 2984 2254 3045 Plutarchi
2296 2985 2465 3048 locus

232 3070 389 3134 ducit
428 3076 511 3134 de
565 3075 711 3135 virt.
754 3083 816 3133 et
855 3074 1042 3133 malit.
1083 3095 1143 3154 p.
1185 3077 1308 3138 100
1333 3073 1402 3149 D,
1444 3071 1551 3133 ubi
1594 3071 1778 3132 animi
1819 3068 2089 3130 hilaritas
2131 3071 2466 3133 diffimdere

233 3177 287 3216 se
326 3159 550 3220 dieitur
591 3179 701 3239 per
744 3179 980 3220 omnem
1025 3158 1209 3218 animi
1250 3157 1636 3238 corporisque
1677 3156 1986 3219 habitum:
2031 3155 2116 3232 ὥς
2153 3154 2270 3240 γάρ
2308 3152 2461 3238 ‹ioni-

235 3268 376 3322 ματα
413 3247 723 3330 τρίβωνας
765 3239 1017 3319 εὐώδεις
1054 3243 1161 3307 καὶ
1207 3237 1390 3326 ῥάκια
1432 3250 1628 3322 ποιεῖ,
1684 3247 1797 3308 τοῦ
1836 3239 1903 3310 δὲ
1933 3243 2209 3326 Ἀγχίσου
2252 3239 2323 3307 τό
2352 3239 2459 3327 ῥά-

235 3351 328 3405 κος
365 3330 567 3415 ἰχῶρα,
595 3327 873 3414 πονηρόν
914 3329 1212 3406 ἐξεδίδου,-

549 3420 742 3497 famosi
784 3409 1222 3489 καταστάζοντα
1265 3405 1563 3494 βύσσινον
1606 3406 1825 3495 φάρος,

234 3491 412 3574 οὕτως
440 3495 579 3583 μετ’
620 3495 840 3582 άρετῆς
876 3499 979 3565 καὶ
1014 3502 1215 3564 δίαιτα
1254 3501 1419 3561 πᾶσα
1447 3497 1551 3560 καὶ
1586 3499 1721 3578 βίος
1766 3491 1996 3572 ἄλυπός
2031 3496 2158 3560 ἔστι
2190 3496 2295 3560 καὶ
2329 3497 2458 3561 ἔπι-

232 3582 452 3664 τερπῆς.
536 3586 624 3647 At
668 3583 850 3667 μοτδς
891 3587 991 3647 vel
1022 3581 1208 3667 μοτὸν
1226 3629 1246 3662 ,
1302 3591 1392 3642 est
1431 3584 1681 3642 linteum
1720 3595 2094 3661 concerptam
2136 3587 2201 3641 in
2244 3584 2459 3642 vulnus

234 3669 353 3728 indi
388 3675 634 3732 solitum
680 3668 962 3752 (Hesych.
1008 3667 1190 3751 μότα,
1235 3672 1588 3750 πληροῦντα
1624 3663 1737 3748 τήν
1773 3671 1987 3748 κοίλην
2029 3672 2153 3730 τῶν
2193 3663 2457 3750 τραυμά-

233 3774 341 3816 των
379 3752 556 3840 ῥάκη.
601 3766 878 3818 nostrum
926 3754 1246 3838 Charpie),·
1292 3753 1619 3831 requiritur
1658 3772 1806 3813 vero
1850 3753 1929 3812 ad
1971 3751 2038 3817 τὸ
2073 3750 2457 3829 καταστάξειν

226 3838 353 3900 ‘voc
395 3840 575 3926 ἰχώρ,
623 3837 795 3924 αἷμα,
842 3837 1058 3922 φόνος,
1105 3850 1214 3900 aut
1254 3833 1484 3922 βρότος,
1527 3836 1693 3916 quod
1731 3838 2006 3919 proxime
2048 3836 2128 3897 ad
2168 3844 2362 3920 μοτοῦ
2393 3849 2456 3900 et

234 3918 412 3988 νότου
458 3928 708 3988 accedit.
785 3928 895 3988 Ita.
922 3925 1207 3986 Anchises
1248 3917 1597 3997 καταστάζει
1636 3918 1704 3986 τὸ
1749 3918 1951 4006 φάρος
2001 3919 2255 4007 βρότον,
2310 3945 2454 4003 per·-

217 4007 417 4083 sundt‘t
435 4019 605 4073 sanie
628 4027 847 4072 vestem
861 4036 924 4087 ,ν
949 4033 1063 4092 pro
1092 4011 1360 4091 vulgari:
1401 4003 1596 4084 στάζει
1619 4003 1842 4090 βρότον
1869 4006 2024 4073 κατά
2061 4014 2173 4073 τοῦ
2195 4005 2452 4090 φάρους.

232 4098 309 4150 ut'
334 4094 560 4173 στάζειν
615 4099 853 4159 dicatur
898 4096 1214 4157 transitive
1228 4141 1246 4173 ,
1315 4093 1821 4175 quemadmodum
1879 4096 2041 4176 apud
2098 4094 2453 4175 Sophoclem

221 4174 479 4242 Philotas
507 4178 723 4266 βρότος
760 4179 1114 4265 κεραύνιος,
1160 4203 1341 4243 cruor
1383 4200 1462 4240 ex
1505 4181 1755 4240 vulnere
1797 4181 2058 4240 fixlnuinis
2100 4181 2225 4240 ictu
2261 4180 2448 4256 illato,

232 4263 690 4350 κεραυνόβλητος
711 4269 808 4330 vel
839 4262 1266 4352 κεραυνοβλής.
1318 4288 1379 4327 v.
1410 4264 1537 4330 844
1553 4255 1755 4345 Ἱδρός
1780 4266 1847 4350 γέ
1866 4267 1962 4330 τοί
1990 4290 2090 4329 νιν
2115 4270 2241 4329 πᾶν
2267 4289 2447 4326 κατα-

234 4343 415 4424 στάζει
447 4353 658 4434 δὲμας.’
731 4355 1036 4435 Interpres
1077 4350 1385 4414 Plutarchi
1426 4363 1489 4411 et
1525 4350 1817 4412 Meziriac.
1861 4352 1938 4411 ad
1979 4350 2159 4415 Ovid.
2202 4349 2447 4410 Heroid.

224 4429 294 4492 T.
352 4435 423 4511 ll,
475 4459 600 4521 pag.
651 4438 772 4504 144
811 4443 1006 4521 μοτοῦ
1047 4459 1184 4499 eum
1242 4434 1440 4521 φάρος
1497 4437 1777 4517 iungunt:
1836 4457 2050 4518 parum
2106 4433 2447 4512 commode3
