2882 5028
448 337 601 408 292

937 329 1020 403 Ρ.
1075 326 1613 401 VIRGILII
1667 321 2215 401 MARONIS

448 511 923 605 Palladium,
984 512 1615 615 caesissummae
1651 510 2114 587 custodil'ms
2144 512 2360 607 arciS,

450 618 948 717 Conripuere
982 640 1280 691 sacram
1317 612 1712 713 effigiem,
1790 616 2318 716 manibusque
2360 614 2709 690 cruentis

445 722 855 818 virgineas
892 720 1055 796 ausi
1092 719 1317 793 ‹livae
1355 720 1819 818 contingere
1863 721 2133 797 vittas:

443 829 556 900 Ex
583 823 722 900 illo
755 823 1012 899 fluere
1049 849 1136 898 ac
1162 836 1381 896 retro
1413 823 1779 923 sublapsa
1813 822 2100 898 referri
2368 910 2374 915 ,

448 932 651 1029 Spes
679 933 1066 1021 Danaum,
1102 924 1394 1001 fractae
1422 927 1654 1021 vireS,
1706 951 1975 1002 aversa
2009 926 2206 1002 deae
2234 947 2485 1001 mens,
2551 929 2710 1000 170

352 1063 355 1067 ·
443 1037 609 1109 Nec
634 1031 894 1107 dubiis
930 1056 1022 1107 ea
1048 1032 1266 1127 signa
1303 1028 1528 1105 dedit
1555 1021 1916 1106 Tritonia
1944 1029 2338 1105 monstris,

443 1136 588 1230 Vix
612 1138 967 1236 positum
1021 1135 1285 1210 castris
1310 1134 1856 1211 simulacrum:
1910 1159 2174 1209 arsere
2215 1154 2591 1207 coruscae

441 1239 912 1315 Luminibus
942 1237 1318 1313 flammae
1358 1237 1727 1332 adrectis,
1783 1237 2189 1340 salsusque
2219 1260 2368 1337 per
2401 1246 2617 1308 artus

581 1446 683 1500 168
716 1443 803 1497 vir
841 1447 1101 1515 ineasque
1130 1445 1211 1497 ed.
1236 1446 1367 1497 Dan.
1401 1445 1583 1496 Heius.
1633 1445 1793 1498 divas
1819 1449 2026 1515 Menag.
2059 1446 2151 1497 alt.
2224 1456 2356 1496 sunt
2381 1442 2544 1493 divae
2568 1441 2705 1489 ausi

440 1517 575 1566 ven.
606 1526 662 1566 ..ι
683 1465 923 1568 Emi...

1068 1517 1167 1569 169
1205 1528 1354 1566 retro
1379 1534 1446 1566 ac
1473 1534 1516 1566 s.
1544 1517 1752 1585 Menag.

1823 1530 1878 1568 et
1920 1530 2071 1568 retro
2096 1516 2201 1565 duo
2233 1518 2403 1564 Burm.
2475 1507 2706 1561 sublata

438 1585 626 1636 Hamb.
654 1603 733 1651 pr.
763 1595 818 1635 et
824 1602 940 1704 dpm
966 1583 1070 1635 div.
1100 1585 1222 1636 lect.
1245 1584 1465 1648 zulich„
1517 1585 1612 1635 sed
1635 1587 1864 1638 vindicat
1891 1587 2153 1654 vulgatam
2199 1583 2404 1635 Nonius
2424 1581 2476 1631 iu
2501 1580 2705 1650 fluere

441 1665 495 1704 et
518 1653 772 1724 repetitus
803 1654 822 1704 i

863 1672 942 1705 em
968 1671 1148 1705 versus
1181 1656 1375 1735 Georg.
1403 1656 1439 1715 1,
1476 1656 1600 1718 200,
1635 1656 1725 1706 ubi
1751 1674 1848 1725 pro
1866 1659 2072 1725 fluere,
2109 1672 2286 1705 ruere.
2357 1656 2523 1710 Saue,
2557 1665 2702 1730 quae

437 1733 583 1776 retro
623 1724 901 1786 labuntur,
950 1735 1124 1775 ruunt
1162 1741 1380 1792 proprio
1426 1741 1561 1786 voc„
1609 1725 1703 1775 sed
1745 1728 1921 1790 fluere
1954 1743 2017 1775 ex
2056 1723 2256 1775 uisitius
2290 1738 2390 1790 pro
2428 1719 2530 1776 hoc
2573 1734 2701 1798 lpse

438 1811 617 1845 ruere.
684 1794 801 1844 Hoc
826 1803 1003 1843 tamen
1032 1792 1151 1844 loco
1182 1804 1343 1861 poeta
1371 1809 1478 1843 nou
1508 1793 1574 1843 de
1596 1805 1776 1845 monte
1807 1795 1903 1845 sed
1933 1796 2000 1845 de
2068 1793 2237 1844 umine
2262 1790 2478 1861 petiisse
2505 1798 2700 1838 nouo-

435 1878 555 1913 uem
582 1861 750 1913 videri
775 1871 974 1931 potest.

436 1940 561 1982 tate.

1115 1865 1216 1915 170
1251 1863 1490 1914 adversa
1516 1863 1650 1915 Gud.
1679 1882 1792 1914 cum
1823 1862 2055 1932 quinque
2091 1863 2226 1924 aliis,
2263 1858 2488 1911 sollenui
2514 1856 2700 1908 varie·

670 1932 771 1986 175
809 1932 1049 2002 arreptis
1072 1931 1288 1992 zulich„
1320 1931 1540 1992 vitiose3
1598 1932 1737 1984 idem
1753 1932 2098 2003 sternentem.
2168 1934 2332 1982 Porro
2377 1927 2699 1996 expectabat

434 2000 577 2051 forte
603 1998 792 2081 aliq-uis
810 2019 1062 2071 parmam
1089 1999 1297 2051 vibrans
1322 2001 1643 2071 hastamque
1673 2015 1744 2053 tr.
1773 2013 1862 2054 aut
1889 2003 2060 2053 simile
2087 2002 2213 2069 quid
2258 1998 2433 2069 paullo
2475 1997 2691 2047 fortius.

435 2069 542 2119 Sed
574 2069 751 2121 sobrie
782 2087 843 2120 ac
867 2069 1129 2137 pudenter
1158 2081 1316 2136 poeta
1349 2070 1402 2120 in
1432 2071 1525 2122 tali
1553 2071 1842 2144 τερατείᾳς
1904 2072 2086 2123 maluit
2106 2072 2152 2121 is
2181 2071 2312 2120 deae
2339 2070 2560 2119 formem
2591 2068 2696 2116 de-

436 2137 638 2189 clarare
655 2176 671 2203 ,
707 2147 763 2189 et
791 2138 918 2189 satis
945 2138 1131 2191 habuit
1156 2151 1470 2190 trementem
1495 2141 1690 2191 addere
1709 2179 1723 2203 ‚
1774 2143 1905 2192 deae
1952 2142 2101 2209 signo
2129 2161 2159 2192 a
2194 2150 2336 2190 terra
2360 2136 2696 2197 subsiliente,

374 2257 380 2264 .
434 2217 695 2276 tamquam
721 2225 847 2278 prae
867 2207 964 2260 ira.
1035 2208 1213 2277 (Quod
1238 2207 1292 2258 in
1325 2209 1507 2260 Servio
1534 2210 1601 2261 ad
1629 2212 1729 2264 173
1755 2222 1866 2274 est3
1925 2212 2097 2263 sudor
2123 2211 2336 2262 salsus:
2396 2209 2547 2270 „Hoc
2593 2225 2697 2257 au·-

432 2381 610 2461 ligas,
649 2390 820 2442 vetat
846 2381 1158 2461 epitheton
1183 2387 1511 2462 virgineas‘,

432 2467 600 2545 quod
658 2468 738 2527 ad
802 2468 988 2548 ipsam
1031 2468 1204 2529 deam
1259 2479 1509 2550 spectat.

437 2558 576 2618 169.
612 2558 754 2619 170.
789 2556 1037 2631 Ornate,
1070 2566 1142 2615 ut
1165 2557 1286 2615 iam
1299 2558 1515 2635 Georg.

431 2639 489 2715 1,
534 2644 677 2703 200.
763 2641 856 2699 Ex
908 2642 1013 2699 illo
1055 2651 1326 2722 tempore
1380 2662 1514 2721 spes

429 2725 589 2784 bona
638 2723 1009 2786 Achivorum
1060 2728 1273 2787 Troiae
1315 2748 1509 2808 expu-

428 2810 700 2889 gnandae
760 2813 1026 2893 evanuit.
1107 2816 1331 2892 fluere,
1393 2814 1510 2873 dis-

428 2896 616 2957 fluere
631 2942 647 2973 ,
706 2897 908 2958 dilabi.
976 2902 989 2915 ’
1013 2913 1162 2958 rev-0
1222 2900 1513 2976 sublapsa

426 2983 633 3126 ssssff‘
654 2990 770 3126 32⁰
780 2983 1512 3147 AEfiss²⁸t¹313223⁰1¹13⁰51322

561 3111 580 3144 5
950 3113 968 3144 9

428 3163 560 3212 erat
596 3163 833 3229 evecta3
877 3153 988 3213 etsi
1014 3156 1193 3213 etiam
1223 3156 1297 3213 de
1334 3157 1512 3217 navi-

426 3238 523 3316 gio
553 3244 768 3297 contra
795 3239 1023 3299 flumen
1059 3240 1378 3301 adversum
1408 3242 1510 3301 ni-

429 3330 614 3399 tente,
657 3344 803 3384 mox
828 3346 1123 3403 aquarum
1152 3327 1215 3387 vi
1240 3327 1510 3408 abrepto,

428 3408 549 3467 dici
590 3418 809 3489 potest.
855 3410 988 3492 (sed
999 3414 1199 3489 fluere
1232 3432 1381 3472 num
1405 3431 1510 3472 re-

429 3504 525 3554 cte
582 3495 819 3556 dicetur
862 3499 1206 3577 navigium?
1290 3499 1513 3558 Parum

424 3580 755 3660 probabilis
801 3583 1180 3643 Wakefieldii
1217 3585 1373 3645 ratio
1435 3584 1514 3642 ad

425 3666 601 3727 Lucr.
642 3667 688 3742 1,
741 3672 907 3736 1038
928 3684 953 3727 ε·
994 3671 1372 3746 „Translatio
1420 3679 1512 3729 est

425 3771 503 3810 ex
560 3754 690 3812 saxi
743 3754 1067 3834 fragmine,
1127 3756 1293 3835 quod
1332 3767 1509 3816 vetu-

424 3846 546 3897 stas
591 3839 857 3917 subruit,
903 3843 1030 3916 vel,
1082 3843 1260 3902 ruina
1312 3844 1511 3920 quali-

426 3923 561 3999 bet,
628 3925 959 3989 decidente.
977 3932 1015 3963 “
1074 3930 1251 4009 Wr.)
1337 3928 1509 3988 Prius

426 4009 670 4087 quidem
685 4011 839 4071 illud
864 4013 1140 4072 firmatur
1165 4033 1279 4072 usu
1305 4013 1508 4073 Hora-

423 4094 496 4153 tii
538 4095 631 4171 Ill,
680 4100 794 4172 10,
856 4101 895 4163 9
954 4121 1027 4157 ne
1067 4111 1328 4156 cmv-ente
1373 4112 1505 4157 rota

405 4182 592 4259 sanis
614 4194 714 4240 eat
726 4196 874 4241 retro
892 4206 921 4258 ,⁰
952 4192 1013 4244 et
1028 4183 1347 4243 Homerica
1371 4186 1504 4244 sor-

421 4267 587 4326 mula
626 4266 892 4348 πολέμου
931 4276 1146 4351 πεῖραρ
1176 4265 1502 4347 ἐπαλλάξαι

421 4353 524 4416 καὶ
551 4346 834 4419 τανύεινε
864 4377 922 4417 v.
948 4357 1120 4417 Obss.
1147 4355 1225 4417 ad
1240 4356 1409 4418 Iliad.
1445 4360 1500 4436 l,

1602 2389 1747 2452 336.
1790 2409 1860 2461 ν,
1915 2386 2058 2453 359.
2146 2387 2424 2444 Ceterum
2468 2403 2547 2441 ex
2597 2381 2696 2441 his

1601 2473 1821 2532 inferre
1843 2472 2068 2549 liceret,
2110 2492 2237 2532 non
2264 2475 2440 2529 mlius
2473 2468 2546 2528 ob
2573 2490 2692 2527 no-

1598 2580 1746 2616 xam
1787 2559 2003 2617 Aiacis
2049 2559 2208 2617 Oilei
2247 2578 2376 2635 sup.
2424 2556 2501 2617 41
2539 2576 2693 2614 sue-

1599 2645 1891 2704 censuisse
1906 2644 2238 2704 Minervam
2260 2643 2516 2701 Achivis.
2563 2641 2692 2699 Ve-

1596 2751 1732 2791 rum
1761 2729 1880 2791 hoc
1904 2729 2054 2788 esset
2094 2730 2359 2808 argutari
2392 2714 2456 2787 iu
2486 2737 2689 2807 poeta.

1689 2820 1806 2881 171
1840 2850 1913 2860 —
1953 2817 2088 2880 175.
2162 2816 2333 2874 Unde
2410 2816 2691 2872 Τνίιοηία

1595 2892 1793 2959 Pallas
1844 2902 2003 2960 dicta
2074 2902 2184 2977 sit,
2272 2903 2392 2959 iam
2445 2908 2690 2958 veteres

1593 2987 1968 3065 ignorarunt.
2067 2988 2115 3046 E
2165 2988 2470 3066 pluribu5‚
2525 3004 2688 3061 quae

1593 3083 2012 3132 memorantur
2038 3117 2055 3147 ,
2130 3073 2349 3132 caussis
2415 3070 2686 3130 maxime

1595 3159 1921 3241 probabilis
1937 3166 2043 3233 est,
2067 3159 2228 3235 quod
2248 3179 2279 3215 a
2299 3154 2492 3234 spitui,
2510 3156 2684 3232 quod

1593 3245 1874 3304 Aeolibus
1902 3254 2085 3324 caput
2115 3254 2231 3315 est,
2277 3244 2356 3302 sit
2381 3241 2678 3321 appellata

1603 3329 2013 3412 Τριτογένεια,
2075 3330 2261 3410 capite
2308 3330 2461 3388 Iovis
2507 3334 2675 3385 nata.

1597 3415 1713 3474 Alii
1739 3417 1920 3475 modo
1949 3417 2022 3473 ab
2056 3436 2245 3491 amne,
2290 3415 2466 3475 modo
2494 3433 2527 3470 a
2557 3431 2678 3491 pa-

1596 3501 1741 3561 lude
1782 3521 1887 3561 seu
1915 3502 2170 3581 Libyae,
2229 3522 2334 3560 seu
2370 3498 2673 3571 Boeotiae,

1597 3606 1703 3646 seu
1757 3587 2124 3663 Thessaliae,
2214 3606 2318 3647 seu
2377 3584 2680 3665 Argolidis

1598 3671 1850 3732 ductum
1938 3693 2156 3733 nomen
2238 3692 2362 3731 esse
2442 3674 2677 3731 volunt.

1595 3772 1859 3817 monstra
1898 3756 1958 3818 h.
1987 3759 2026 3820 l.
2057 3768 2306 3820 ostenta.
2357 3754 2456 3839 (ea
2491 3761 2678 3835 signa

1594 3844 1792 3903 dedit.-
1853 3844 1921 3903 id
1974 3846 2358 3924 significavit5
2425 3843 2550 3903 vid.
2596 3844 2676 3916 Q.

1593 3929 1665 3989 V.
1697 3929 1951 4004 xvll,2,
1979 3931 2040 3989 b.
2068 3929 2246 4013 Wr.)
2277 3964 2361 3975 —
2406 3934 2529 3994 172
2568 3952 2674 3987 ω’-

1592 4037 1716 4073 sere
1776 4037 2053 4075 coruscae
2107 4015 2429 4076 luminibus
2467 4017 2671 4093 flam-

1591 4121 1729 4159 mae
1758 4104 2023 4175 arv-eolis,
2074 4113 2305 4177 ornate,
2350 4101 2514 4160 oculi
2537 4101 2668 4160 Pal-

1588 4186 1733 4246 ladii
1760 4185 2033 4247 exarsere
2065 4189 2185 4264 ira5
2242 4190 2480 4247 Iumina
2509 4208 2670 4246 mre·

1587 4286 1686 4332 cca
1724 4274 2078 4352 exquisitius
2112 4295 2296 4353 quam
2325 4283 2561 4350 erecta;
2604 4282 2671 4332 ut

1585 4378 1817 4439 semper
1845 4369 2023 4439 poeta
2039 4405 2058 4437 ,
2102 4381 2164 4422 v.
2197 4381 2249 4421 c.
2282 4381 2345 4421 v.
2373 4363 2521 4434 206,
2553 4361 2670 4417 eri-
