2882 5028
471 403 621 477 608
950 397 1034 471 P.
1087 383 1618 472 VIRG1L11
1670 355 2236 469 MARONIS
2320 431 2326 436 -

468 589 625 663 Aut
656 581 962 680 gremio
1005 582 1454 674 Ascanium,
1499 579 1875 677 genitoris
1904 580 2246 677 imagine
2278 590 2522 679 capta,

468 688 822 783 Detinet,
874 681 1290 761 infandum
1323 686 1386 760 si
1418 684 1694 761 fallere
1725 683 1974 784 possit
2005 707 2386 761 amorem.
2611 686 2704 762 85

468 797 650 868 Non
689 801 1017 889 coeptae
1059 788 1492 885 adsurgunt.
1533 802 1828 880 turres;
1877 810 2045 861 non
2090 811 2305 862 arma
2342 786 2705 862 iuventus

468 898 836 984 Exercet3
889 904 1263 991 portusve
1297 906 1430 967 aut
1457 889 2047 992 propugnacula
2075 887 2291 966 bello

473 1002 678 1073 Tuta
710 1007 1016 1095 parant:
1069 995 1429 1096 pendent
1476 1019 1721 1095 opera
1754 994 2228 1094 interrupta,
2283 993 2707 1093 minaeque

469 1106 888 1177 Murorum
922 1099 1316 1195 ingente5‚
1371 1111 1858 1199 aequataque
1889 1097 2256 1172 machina
2301 1095 2558 1174 coe10.

576 1206 835 1298 Quam
877 1200 1110 1277 simul
1142 1227 1229 1277 ac
1261 1201 1394 1277 tali
1423 1201 1815 1304 persensit
1845 1215 2071 1301 peste
2102 1200 2361 1276 teneri
2615 1206 2710 1278 90

609 1358 679 1413 85
729 1358 782 1408 si
861 1357 1028 1409 ellere
1078 1356 1242 1409 Goth.
1290 1374 1394 1408 aec.
1480 1358 1532 1409 ei
1578 1356 1785 1408 vellere
1847 1365 1974 1407 tert.
2033 1355 2198 1407 Goth.
2275 1368 2473 1426 posset
2531 1356 2710 1406 Franc-

472 1440 743 1480 amamem
808 1376 858 1477 li,
887 1436 979 1477 uot
1023 1426 1161 1480 Pier.
1207 1444 1319 1478 cum
1367 1427 1551 1495 fragm.
1598 1424 1769 1477 vatic.
1856 1427 1908 1477 εἰ
1973 1462 1987 1476 .
2030 1443 2089 1495 p.
2138 1427 2319 1495 image
2367 1427 2637 1476 Romanus
2685 1441 2713 1474 ο

474 1498 651 1566 glosau
686 1496 824 1546 inter
850 1444 949 1547 lin.
1091 1497 1160 1550 86
1193 1497 1443 1568 inceptae
1477 1495 1670 1558 Witt„
1704 1493 1799 1546 aed
1845 1494 1902 1545 in
1966 1495 2120 1546 itura.
2206 1508 2519 1565 exsurgunt
2569 1492 2712 1545 Leid.

473 1584 561 1617 un.
597 1582 694 1636 pro
732 1582 838 1616 var.
876 1564 996 1616 lect.
1069 1584 1225 1617 arces
1267 1567 1448 1634 Puget.
1520 1579 1663 1617 arva
1710 1563 1914 1617 Zulich.
1964 1579 2064 1632 pro
2111 1579 2221 1614 var.
2264 1564 2387 1615 lect.
2529 1565 2618 1618 87.
2652 1565 2713 1618 88

474 1640 743 1688 Exercent
777 1633 867 1684 alii
901 1652 964 1685 ex
997 1652 1118 1686 mox
1143 1647 1331 1706 parat.
1401 1635 1592 1686 Medic.
1632 1636 1681 1702 (a
1720 1651 1787 1685 m.
1824 1650 1923 1702 pr„
1957 1652 1988 1684 e
2021 1633 2307 1684 transsoaaa
2343 1642 2399 1683 et
2445 1651 2484 1683 a
2528 1650 2713 1701 super-

474 1705 685 1774 scripta.
745 1702 887 1770 Wr.)
943 1715 1163 1775 parent.
1232 1716 1541 1775 portusque
1568 1733 1634 1742 —-
1661 1703 2007 1774 pendentque
2049 1702 2206 1752 etiam
2255 1701 2512 1753 nonnulli.
2585 1704 2715 1753 Ιιαω

465 1794 628 1848 prop.
675 1772 839 1825 Goth.
892 1791 972 1842 pr.
1035 1785 1236 1845 portas
1269 1772 1403 1824 coni.
1452 1777 1526 1825 Io.
1573 1772 1849 1825 Schrader.
1986 1773 2054 1826 89
2107 1771 2370 1840 'rt-appius
2421 1781 2478 1822 et
2524 1771 2715 1823 Conin-

475 1845 689 1927 gbamun
724 1842 988 1894 malebant
1021 1842 1337 1911 aequanda3
1373 1844 1470 1894 aed
1504 1842 1579 1894 nil
1614 1859 1846 1894 necesse.
1916 1840 2031 1893 Etsi
2052 1840 2345 1910 imperfecti
2370 1840 2521 1903 muri,
2549 1852 2717 1892 nmen
2744 1858 2789 1902 γ

474 1912 592 1964 iam*
612 1913 905 1980 aequabant
938 1911 1156 1963 coelum.
1295 1913 1368 1967 90
1401 1932 1438 1964 a
1472 1911 1577 1963 tali
1606 1913 1684 1962 Re
1723 1945 1737 1962 .
1776 1921 1831 1961 et
1864 1921 1985 1963 tert.
2030 1909 2243 1962 Mentel.
2310 1912 2374 1962 in
2420 1909 2532 1961 tali
2583 1910 2715 1962 Gud.

514 1984 740 2033 ersentit
774 1980 974 2049 aliquot
1020 1998 1106 2048 ap.
1151 1979 1285 2032 Pier.
1339 1991 1395 2033 et
1440 1980 1517 2032 sic
1563 1998 1647 2050 ap.
1686 1929 1934 2031 lliomed.
1981 1981 2044 2031 ΙΙ.
2125 1982 2436 2051 praesensit
2479 1981 2619 2032 Ven.
2668 1988 2716 2029 et

467 2002 636 2106 {vitu
673 2068 721 2103 v.
755 2050 850 2103 inf.
884 2052 989 2106 297
1026 2061 1082 2102 et
1115 2046 1235 2106 448.
1307 2050 1499 2120 (simul
1529 2069 1595 2103 ae
1627 2068 1742 2102 cum
1776 2050 2014 2101 Mediceo
2051 2059 2107 2100 et
2153 2049 2338 2117 fragm.
2385 2051 2509 2101 Vnt.
2560 2047 2718 2102 ceteri

474 2189 777 2252 natissime
813 2200 1210 2271 persequutus
1247 2199 1336 2252 est
1366 2190 1558 2271 Apol·
1639 2190 1796 2250 muri
1829 2190 1934 2249 alti
1954 2234 1972 2268 ,
2031 2189 2202 2268 quasi
2247 2189 2577 2250 altitudine
2620 2207 2720 2249 sua

476 2277 598 2337 lon.
659 2277 756 2352 111,
820 2276 943 2343 453
990 2296 1076 2356 sq.
1186 2275 1428 2359 (Donat.
1475 2274 1556 2335 ad
1638 2275 1953 2352 minantes,
1994 2274 2113 2334 hoc
2136 2275 2639 2356 simplicissimum
2667 2282 2721 2332 et

476 2363 717 2423 Terent.
745 2361 974 2438 Ad.1v,
1010 2362 1070 2436 5,
1103 2363 1226 2426 34.:
1252 2383 1430 2442 „pra
1447 2381 1556 2420 ea-
1636 2381 1753 2421 usu
1779 2370 1988 2442 poetae
2012 2362 2482 2440 frequentatum.
2511 2381 2648 2442 sup.
2676 2359 2719 2435 Ι,

478 2467 610 2507 ena
675 2449 1071 2529 praesenti
1143 2449 1371 2529 eripi:
1438 2446 1554 2506 ad-
1642 2452 1766 2511 162
1796 2450 1968 2512 Hine
2002 2461 2180 2529 atque
2203 2447 2348 2506 hinc
2372 2459 2721 2506 vastaem-

476 2534 691 2594 iuvant
748 2533 1236 2614 significationem
1292 2534 1439 2595 haec
1477 2553 1555 2592 ex

479 2619 810 2703 abundanti
838 2620 1061 2695 addita,
1093 2631 1165 2679 ut
1190 2623 1378 2681 Illum
1407 2618 1554 2677 abs-

477 2728 581 2765 ene
610 2705 906 2766 absentem
951 2707 1241 2787 auditque
1283 2708 1559 2783 vkietque

479 2801 541 2852 et
585 2794 856 2851 Ruit-em
910 2814 983 2850 ne
1034 2793 1229 2852 desere
1260 2793 1485 2873 fluter.
1504 2796 1550 2828 “

479 2879 558 2954 X,
589 2881 730 2941 600.
781 2876 959 2960 Wr.)

494 3034 497 3037 ,
565 2961 666 3028 84.
748 2968 978 3040 gremio
1001 2985 1027 3036 ,·
1137 2964 1556 3024 accubantium

478 3067 714 3107 mensae
752 3046 1023 3107 habitum
1070 3053 1266 3109 animo
1321 3058 1556 3129 reputa.

481 3135 556 3194 cf.
588 3134 793 3192 Burm.
833 3141 894 3191 et
932 3153 993 3195 v.
1042 3134 1121 3193 ad
1180 3137 1224 3212 1,
1266 3140 1411 3211 717,
1453 3134 1558 3194 ubi

475 3222 707 3297 gremio
736 3218 946 3297 fimet
1042 3220 1165 3278 Etsi
1209 3221 1453 3281 omnino
1490 3222 1556 3279 in

478 3303 574 3363 his
610 3323 738 3362 mos
782 3323 816 3360 a
860 3313 1068 3363 nostro
1120 3304 1392 3367 diversus
1433 3325 1558 3365 esse

478 3389 697 3469 potuit.
797 3389 976 3467 Apud
1017 3388 1342 3451 Homerum
1389 3392 1558 3451 Iliad.

481 3498 549 3555 φ,
579 3478 704 3540 506
746 3473 925 3532 Diana
952 3473 1316 3558 δακρυόεσσα
1344 3475 1409 3540 δὲ
1448 3501 1561 3540 πα-

479 3555 620 3640 τρδς
646 3557 879 3637 ἐφέζετο
907 3556 1164 3641 γούνασι
1188 3557 1384 3644 κούρη
1415 3564 1559 3623 satis

481 3645 690 3704 adulta
715 3644 834 3707 illa.
896 3646 1127 3722 (--85.
1148 3649 1367 3726 fallere
1382 3671 1557 3707 amo-

479 3752 638 3804 rem,
686 3729 745 3790 h.
772 3750 821 3790 e.
852 3733 1146 3812 expellere
1173 3735 1238 3793 in
1279 3752 1558 3813 praesens

482 3817 678 3875 animo
731 3836 902 3875 curas
956 3821 1204 3896 amoris;
1274 3827 1348 3879 ut
1394 3818 1558 3899 apud

482 3901 690 3961 Horat.
736 3905 859 3961 Sat.
914 3902 985 3978 Il,
1032 3909 1091 3977 7,
1146 3903 1287 3970 1¹4.
1326 3906 1558 3983 fallere

481 4009 688 4046 curam
718 3987 956 4048 dicitur.
1001 3988 1214 4069 chlz.)

569 4077 651 4136 86
673 4107 744 4117 -
767 4076 868 4136 89.
898 4095 1071 4133 arma
1097 4088 1320 4134 exercet
1343 4076 1559 4153 exqui-

360 4182 372 4193 ·
481 4159 651 4219 eitius
680 4178 891 4236 quam,
916 4179 976 4217 se
1000 4160 1062 4218 in
1093 4161 1274 4219 armis
1284 4184 1302 4237 3
1332 4170 1392 4219 et
1417 4182 1563 4221 mox

469 4245 735 4324 pendent
772 4264 881 4324 pro
932 4254 1105 4320 sunt,
1162 4243 1185 4323 (
1192 4247 1449 4323 pendere
1486 4246 1562 4305 de

482 4330 688 4405 rebus,
761 4351 912 4409 quae
969 4352 1092 4391 non
1148 4331 1559 4411 perficiuntur.

487 4414 714 4500 Wch.)
798 4427 862 4478 et
939 4421 1140 4477 mistae
1231 4438 1554 4492 mur-onan,

1633 2554 1744 2612 pes
1769 2536 2115 2614 geminique
2142 2534 2456 2594 nunantur
2482 2535 2565 2592 ln
2592 2553 2722 2592 coe·

1636 2619 1766 2677 lum
1790 2620 2046 2697 scopuli.
2109 2620 2195 2677 De
2218 2619 2559 2679 eminentiis
2590 2635 2721 2678 mn-

1636 2724 1849 2765 rorum
1877 2726 1947 2764 ac
1978 2705 2194 2785 pinnis,
2238 2699 2579 2783 ἐπάλξεσιν,
2623 2724 2722 2762 ao-

1641 2800 1925 2870 ceperant
1957 2791 2076 2850 iam
2120 2799 2368 2851 veteres.
2427 2812 2489 2851 v.
2536 2793 2721 2864 Serv,

1641 2876 1746 2935 sed
1773 2875 1893 2937 hoc
1920 2896 2094 2937 sensu
2118 2880 2318 2936 minae
2356 2876 2721 2948 technicum,

1642 2962 1910 3042 adeoque
1929 2964 2036 3021 vix
2064 2963 2397 3042 poeticum,
2442 2973 2508 3022 et
2538 2962 2725 3021 serio-

1640 3068 1780 3107 rum
1809 3048 2048 3126 quidem
2072 3049 2433 3128 scriptorum
2455 3049 2724 3108 vocabu·

1640 3134 1771 3194 lum
1816 3136 1995 3193 fuisse
2046 3133 2305 3194 videtur.
2391 3134 2720 3193 Burmann.

1644 3220 1719 3279 de
1757 3220 1942 3279 initiis
1978 3219 2205 3299 operis,
2264 3238 2418 3297 quae
2464 3220 2723 3299 egregios

1641 3325 1844 3364 muros
1866 3304 2294 3385 promittebant
2316 3315 2376 3364 et
2404 3307 2725 3365 minaban-

1643 3401 1782 3466 ταῖς
1825 3393 1929 3451 vix
1968 3392 2137 3454 bene.
2201 3392 2495 3450 maehina
2537 3389 2724 3471 simpl.

1643 3478 1872 3552 moles,
1930 3477 2304 3536 aedificium:
2370 3476 2458 3535 εἰς
2518 3456 2773 3554 meum&

1642 3572 1794 3643 puto
1815 3607 1831 3637 ,
1864 3578 2041 3639 quam
2074 3562 2147 3621 de
2173 3562 2351 3641 tignis
2379 3564 2628 3622 statutis
2668 3569 2723 3619 et

1643 3649 1954 3727 colligatis,
2090 3648 2220 3707 'bue
2259 3648 2585 3725 insistunt,
2629 3646 2723 3726 qui

1643 3753 1848 3793 muros
1865 3754 1932 3792 co
2076 3743 2192 3792 unt
2210 3730 2410 3814 (nobis
2430 3730 2722 3812 Ger-iim).

1645 3820 2063 3895 (Instrumenta
2103 3818 2401 3897 intelligo,
2463 3821 2724 3897 qualium

1643 3917 1735 3963 est
1757 3907 1821 3964 in
1849 3905 2004 3964 bello
2031 3925 2192 3964 usus.
2276 3907 2461 3963 Haec
2489 3914 2554 3963 et
2576 3905 2725 3961 rami

1643 4000 1785 4049 sunt
1812 4012 2013 4068 opera,
2040 4010 2190 4068 quae
2216 3989 2504 4070 pendent.
2529 3987 2716 4050 chls.

1643 4076 1792 4136 Mihi
1834 4096 1979 4135 vero
2021 4095 2130 4155 per
2174 4074 2482 4135 machinas
2529 4084 2723 4134 turm

1642 4182 1751 4242 per
1794 4181 1995 4221 muros
2039 4160 2354 4241 dispositae
2410 4156 2722 4240 significari

1643 4246 1944 4307 videntur.
1988 4244 2166 4329 Wr.)

1728 4336 1811 4396 90
1840 4353 1966 4410 sqq.
2024 4332 2175 4391 Iuno
2230 4340 2468 4391 tantum
2525 4331 2722 4388 abone

1642 4417 1840 4493 videt,
1884 4426 1957 4476 ut
1986 4416 2065 4478 nd
2108 4417 2396 4478 Troianoz
2438 4414 2512 4474 ab
2556 4414 2721 4475 ltalia
