2882 5028
325 452 330 458 ,
434 361 582 436 104

917 355 1001 431 Ρ.
1054 352 1591 429 VIRGILH
1644 351 2245 452 MARONISf

427 545 633 622 Hinc
672 554 1001 643 portum
1047 540 1287 642 petit,
1345 554 1424 616 et
1465 539 1726 616 socios
1769 540 2108 640 partitur
2153 541 2231 614 in
2284 540 2581 618 omnis,

429 650 631 728 Vina
663 646 930 721 bonus
964 669 1169 745 quae
1211 643 1504 720 deinde
1535 643 1745 719 cadis
1782 658 2151 719 onerarat
2180 649 2498 720 Acestes
2544 649 2719 724 195

430 754 700 829 Litore
749 750 1156 825 Trinacrio
1219 748 1715 850 dederatque
1758 747 2233 822 abeuntibus
2275 747 2548 843 herOS,

430 853 762 948 Dividit,
818 866 902 929 et
949 852 1175 928 dictis
1217 853 1655 927 maerentia
1699 864 2025 951 pectora
2065 851 2400 929 mulcet:

546 959 621 1035 Ο
683 958 913 1055 socii,
984 964 1286 1056 (neque
1346 956 1567 1032 enim
1625 955 1872 1052 ignari
1926 980 2201 1030 sumus
2267 968 2448 1030 ante
2517 981 2713 1030 ma-

1601 1057 1905 1156 lorum)

435 1165 510 1241 O
558 1125 761 1265 passi
803 1161 1197 1261 graviora,
1250 1107 1477 1238 dabit
1515 1161 1714 1237 deus
1761 1161 1884 1236 his
1928 1185 2255 1262 quoque
2306 1159 2594 1239 finem.

541 1311 711 1384 199.
765 1321 1212 1395 emvrom3

432 1494 546 1546 lere
579 1493 856 1552 humo;“

923 1496 1057 1544 Aen.
1084 1492 1174 1555 111,
1208 1491 1293 1545 3.:
1327 1491 1532 1554 „omnis
1572 1490 1760 1542 humo
1795 1491 1961 1541 fumat
1986 1489 2256 1558 Neptunia
2277 1488 2498 1542 Troia.“
2538 1488 2709 1552 Quod

432 1574 605 1615 autem
629 1566 758 1614 Aen.
790 1563 863 1626 X,
895 1562 1017 1617 558.
1049 1561 1248 1612 editur:
1283 1578 1421 1627 „non
1454 1571 1509 1611 te
1542 1561 1742 1629 optima
1771 1571 1943 1611 mater
1976 1560 2236 1611 Condet
2271 1558 2535 1622 humi,“
2572 1561 2710 1609 Me-

432 1631 571 1685 dicei
611 1630 955 1696 auctoritate,
1007 1630 1064 1682 in
1097 1648 1200 1700 quo
1244 1649 1274 1683 0
1317 1649 1375 1682 su
1417 1629 1577 1681 erscri

434 1702 703 1754 mandare
729 1702 922 1766 humo,
959 1713 1145 1772 tegere
1170 1701 1334 1753 Immo
1359 1650 1426 1750 cfe
1454 1717 1583 1767 sepu

1616 1639 1701 1695 ta,
1752 1629 1808 1680 in
1849 1631 2012 1682 humo
2047 1630 2345 1680 mutandum
2368 1628 2586 1691 censui3
2626 1627 2710 1680 sic

1609 1709 1724 1750 tura
1753 1700 1849 1760 1x,
1884 1699 2009 1753 214.
2043 1701 2116 1761 X,
2151 1700 2306 1761 904.;
2345 1716 2517 1767 neque
2543 1700 2710 1750 humi

430 1771 573 1823 valet
598 1773 752 1822 intra
781 1786 1016 1835 terram,
1053 1780 1113 1821 ut
1139 1787 1207 1820 ne
1233 1767 1411 1837 χαμαί
1434 1769 1674 1837 quidem,
1713 1768 1851 1820 unde
1876 1770 2030 1821 humi
2054 1769 2276 1831 iactum3
2314 1787 2442 1832 nec,
2481 1769 2531 1819 si
2554 1767 2706 1837 apud

431 1838 734 1893 Sallustium
762 1840 915 1891 humi
939 1839 1014 1891 ita
1041 1838 1266 1908 legitur,
1305 1839 1465 1889 etiam
1497 1837 1778 1908 Virgilium
1817 1837 1892 1889 ita
1941 1838 2212 1908 scripsisse
2258 1837 2498 1889 efficitur.
2543 1840 2634 1891 W
2630 1838 2705 1904 r.)

431 1929 532 1980 pro
562 1927 846 1961 numerum
880 1910 1073 1961 Mox-et.
1103 1927 1185 1978 pr.
1221 1912 1491 1959 meritum.

1634 1910 1734 1963 195
1774 1908 1973 1959 delude
2012 1906 2188 1960 bonus·
2226 1926 2366 1977 quae
2407 1910 2548 1958 vina
2574 1908 2705 1957 Hu-

433 1997 553 2048 gen.
593 1978 644 2029 ei
670 1978 746 2030 sic
768 1977 874 2028 iam
913 1978 1067 2030 codd.
1092 1979 1229 2046 apud
1251 1977 1494 2029 Pieriam.
1539 1976 1645 2045 (Sic
1671 1978 1799 2030 alias
1830 1996 1859 2027 a
1903 1988 2062 2058 poeta
2106 1994 2211 2027 non
2255 1995 2349 2027 suo
2373 1976 2495 2028 loco
2524 1978 2706 2027 infer-

433 2060 521 2100 tur
544 2048 771 2100 deinde:
818 2049 884 2110 V,
925 2047 1041 2101 14.:
1080 2047 1205 2111 „Sic
1242 2046 1494 2099 deinde
1542 2046 1748 2099 locutus
1791 2046 2053 2113 Colligere
2094 2064 2233 2097 arma
2271 2047 2469 2098 iubet.“
2543 2045 2705 2098 Adde

432 2120 501 2183 V,
549 2118 671 2171 400.
719 2117 836 2178 vn,
884 2117 1020 2170 135.
1072 2116 1320 2168 Similiter
1360 2119 1458 2168 Ge.
1497 2117 1589 2179 lv,
1636 2117 1790 2171 284.=
1840 2133 2084 2185 „quoque
2131 2117 2291 2168 modo
2345 2115 2515 2167 caesis
2564 2116 2705 2176 iam

435 2206 505 2239 sa
525 2204 650 2255 epe
685 2183 914 2236 iuvencis
946 2184 1240 2252 Insincerus
1274 2204 1405 2256 apes
1428 2184 1613 2237 tulerit
1635 2185 1879 2238 cruor.“'
1928 2187 2008 2237 De
2041 2185 2158 2236 aliis
2193 2195 2368 2237 tamen
2407 2185 2542 2236 locis
2589 2202 2705 2236 non

436 2257 624 2309 eodem
660 2254 820 2306 modo
861 2255 1214 2320 statuendum,
1261 2265 1324 2307 ut
1363 2255 1433 2306 de
1471 2256 1558 2318 111,
1593 2257 1716 2311 609.
1758 2254 1905 2321 Wr.)

2061 2257 2163 2309 196
2211 2257 2447 2306 Tenatio
2488 2253 2703 2307 Zulich.

435 2326 533 2378 sed
557 2345 588 2378 c
610 2341 869 2393 superscr.
939 2322 1266 2376 abeuntibus
1297 2325 1430 2376 illis.
1466 2324 1641 2393 Bigot.
1713 2323 2039 2376 abeuntibus
2061 2326 2260 2396 hospes
2290 2325 2483 2375 Medic.
2511 2323 2701 2376 Pierii.

434 2412 544 2446 non
582 2394 722 2446 malo
736 2464 747 2475 ι
766 2393 938 2474 lapsu.

435 2482 612 2534 neque
654 2482 798 2516 erum
851 2481 1185 2517 zmmemores
1245 2482 1433 2516 sumu-5
1477 2463 1673 2517 Medic.
1726 2463 1903 2516 Pierii.

435 2534 583 2586 tend.
620 2551 704 2604 pr.

437 2683 690 2735 ornatus
713 2676 1000 2756 poeticus.
1042 2675 1189 2736 Mox
1219 2680 1341 2741 194
1366 2697 1519 2755 por.-

436 2773 566 2820 tum
591 2783 714 2821 non
744 2761 987 2843 proprie
1017 2762 1204 2837 dixit,
1259 2761 1364 2820 sed
1408 2782 1523 2839 pro

437 2847 695 2907 statione
718 2849 966 2907 navium
986 2873 1004 2908 ι
1044 2869 1105 2913 v.
1123 2868 1253 2927 sup.
1283 2847 1360 2905 ad
1383 2849 1525 2912 159.

530 2934 884 2998 195—197.
907 2935 1144 2992 Deinde
1175 2936 1344 3007 vina,
1369 2936 1526 3011 quae

439 3026 553 3075 etc.
612 3015 763 3099 (vid.
802 3018 875 3078 V.
903 3014 971 3078 L.
1015 3015 1192 3098 Wr.)
1252 3017 1325 3076 In
1366 3020 1525 3078 Dre-

435 3102 576 3183 pani
619 3112 900 3183 portum,
973 3103 1077 3180 qui
1125 3103 1357 3161 Siciliae
1411 3112 1521 3178 est,

439 3187 637 3247 classis
654 3189 916 3247 Troiana
936 3187 1129 3251 delata
1160 3189 1355 3248 fuerat
1373 3187 1522 3247 Aen.

436 3273 538 3349 ΠΙ,
586 3278 732 3348 707,
776 3276 900 3333 non
931 3273 1101 3353 longe
1140 3275 1348 3333 aberat
1392 3274 1524 3333 Ae·-

433 3371 614 3438 gesta
649 3358 750 3418 vel
782 3361 1051 3437 Segesta,
1100 3380 1280 3436 quam
1309 3359 1525 3418 Graeci
1550 3420 1553 3425 ,

437 3453 501 3502 et
560 3446 856 3523 Egestam
906 3446 1178 3504 scribunt
1196 3491 1212 3521 ,
1277 3445 1523 3504 condita

437 3530 516 3588 ab
543 3531 802 3608 Aege-sto
831 3531 1007 3606 Troe,
1042 3550 1218 3610 quem
1246 3528 1523 3608 Virgilius

438 3616 711 3676 Acestam
747 3612 1029 3695 appellat:
1086 3618 1159 3675 cs.
1187 3616 1258 3693 V,
1304 3621 1405 3681 31.
1437 3622 1513 3682 61

438 3709 500 3759 et
528 3702 673 3760 Exc.
716 3701 743 3759 Ι
785 3700 863 3759 ad
889 3721 939 3761 e.
966 3702 1004 3761 l.
1093 3702 1349 3782 Benigne
1386 3705 1522 3761 sue-

437 3795 582 3846 rant
624 3787 697 3846 ab
735 3787 866 3866 ipso
907 3790 1169 3867 excepti,
1228 3798 1301 3849 ut
1341 3788 1523 3847 etiam

436 3871 546 3932 inf·
581 3871 627 3947 I,
693 3873 838 3937 558.
892 3875 1036 3939 570.
1109 3874 1253 3934 hinc
1306 3874 1516 3933 bonus.

437 3957 602 4017 Idem
653 3958 875 4017 iterum
941 3957 1206 4038 hospitio
1260 3958 1525 4019 Aeneam

439 4042 659 4122 excipit
670 4044 816 4102 Aen.
832 4044 905 4119 V,
922 4048 1003 4109 36
1022 4066 1146 4122 sqq.
1176 4046 1360 4120 Quod
1380 4047 1520 4105 vina

440 4128 849 4203 commendat,
904 4140 975 4189 ut
1017 4129 1263 4190 Acestae
1303 4152 1523 4192 munus

438 4209 701 4294 ξενῆιον.
745 4214 811 4273 id
838 4224 910 4273 ut
939 4226 1137 4296 poeta,
1185 4227 1244 4277 et
1276 4218 1522 4280 Homeri

439 4300 802 4375 imitatione,
846 4302 1018 4361 facit:
1062 4304 1274 4382 Odyss.
1306 4327 1345 4380 ι,
1399 4308 1520 4371 197

439 4406 565 4465 sqq.
631 4389 796 4447 Vina
847 4406 1088 4447 ‹met-are
1129 4392 1301 4450 caetae
1350 4391 1518 4469 quasi

1075 2396 1175 2448 198
1222 2396 1364 2446 enim
1404 2394 1555 2445 abest
1592 2412 1624 2445 a
1664 2396 1859 2445 Moret.
1902 2412 2007 2446 sec.
2077 2412 2267 2445 sumus
2302 2395 2494 2465 ignari
2535 2396 2704 2445 Voss.

2074 2466 2173 2520 199
2221 2468 2297 2516 Ec
2335 2464 2498 2535 possi
2554 2466 2705 2516 Rot-

1608 2696 1720 2755 pro
1749 2694 1928 2734 onere
1960 2675 2202 2748 inferre,
2244 2674 2562 2733 infundere
2592 2696 2703 2732 ca-

1611 2761 1735 2835 dis,
1787 2782 1900 2841 pro
1940 2761 2174 2836 vulgari
2215 2761 2399 2818 cados
2454 2783 2704 2819 onerare

1609 2849 1789 2904 vinis.
1896 2844 2143 2927 (Eadem
2186 2855 2489 2905 structura
2534 2847 2700 2906 iufra

1611 2931 1711 3006 111,
1740 2930 1931 2997 465.;4
1954 2933 2382 3011 „stipatque
2412 2933 2703 2991 carinis

1611 3018 1815 3096 ingens
1870 3021 2253 3097 argentum.“
2329 3019 2479 3093 vm,
2521 3021 2701 3082 18o.:

1607 3113 2108 3182 „onerantque
2157 3104 2527 3163 canistris
2561 3104 2695 3163 Do-

1607 3210 1687 3247 na
1727 3189 2033 3249 laboratae
2073 3190 2360 3250 Cereris.“
2411 3192 2517 3251 W
2506 3188 2591 3270 r.)

1699 3280 1836 3339 198·
1883 3280 2022 3340 199.
2079 3276 2379 3357 Inprosa:
2436 3276 2489 3334 Ο
2520 3276 2699 3333 socii!

1607 3362 1750 3419 satis
1801 3362 2176 3437 meministis,
2251 3383 2362 3421 vos
2412 3362 2695 3439 graviora

1605 3444 1731 3521 his,
1777 3467 1927 3524 quae
1970 3447 2152 3507 modo
2190 3448 2425 3528 experti
2468 3468 2696 3523 smnus,

1604 3553 1805 3611 passos
1831 3552 1981 3593 esse:
2024 3554 2189 3614 spem
2226 3534 2427 3612 itaque
2467 3533 2700 3592 retine-

1606 3627 1705 3692 te,
1763 3618 2050 3678 habitura
2111 3640 2233 3677 esse
2276 3620 2455 3678 finem
2512 3621 2698 3678 etiam

1606 3702 1757 3761 haec
1828 3706 1982 3763 mala
2036 3706 2379 3784 praeteritis
2447 3706 2700 3765 leviora.

1609 3802 1748 3847 ante
1778 3792 1980 3865 mala,
2025 3787 2100 3852 ἰα’
2132 3791 2279 3873 πρὶν
2317 3785 2494 3853 κακά.
2542 3789 2698 3872 (vid.

1610 3877 1879 3954 exempla
1909 3877 2075 3956 apud
2090 3878 2332 3937 Becker.
2349 3878 2503 3955 Eleg.
2521 3878 2698 3936 Rom.

1610 3982 1742 4040 pag.
1770 3960 1914 4026 204.
1970 3962 2146 4046 Wr.)
2192 3964 2402 4022 Horat.
2438 3964 2464 4020 Ι
2498 3965 2698 4023 Carnu.

1611 4052 1682 4120 7,
1741 4053 1823 4113 30
1864 4048 1919 4106 O
1938 4048 2138 4125 sortes
2156 4054 2486 4128 peioraque
2515 4053 2701 4128 passi

1610 4136 1860 4191 Mecum
1891 4155 2071 4213 saepe
2119 4139 2251 4194 viri.
2344 4138 2539 4194 Locus
2584 4158 2698 4195 au·

1606 4228 1729 4278 tem
1756 4239 2070 4299 expressus
2099 4242 2172 4280 ex
2206 4221 2422 4300 Odyss.
2450 4248 2511 4302 μ,
2548 4226 2695 4287 208.

1597 4296 1675 4365 Ὦ.
1712 4306 1913 4382 φίλοι,
1973 4301 2049 4369 οὕ
2100 4302 2213 4388 γάρ
2249 4302 2347 4369 πώ
2377 4332 2434 4368 τι
2487 4313 2697 4370 κακῶν

1606 4384 1957 4472 ἆδαήμονες
2025 4392 2213 4473 εἰμέν.
2295 4386 2390 4456 Οιῗ
2438 4392 2553 4474 μὲν
2608 4390 2686 4473 δή

2828 583 2836 948 ι-Αᾈ-ημ
