2882 5028
557 302 694 376 DE
752 301 1232 377 CARMINE
1287 300 1601 377 EPICO
1666 301 2041 380 VIRGIL.
2351 310 2452 382 33

215 512 396 576 esse,
443 514 610 564 non
661 504 944 566 tamen
993 511 1281 564 omnes
1330 489 1589 588 epicas
1619 513 2001 590 personas
2050 487 2448 565 Achillem
2539 526 2551 538 ·

213 590 483 667 referre
530 618 771 693 posse
816 592 1341 668 manifestum
1387 603 1525 671 est.
1631 597 1892 668 Meras
1942 616 2247 692 pugnas
2277 594 2447 666 Ho-

213 698 497 771 mericis
539 696 836 771 similes
878 710 960 773 et
995 694 1436 772 belluinam
1488 694 2047 772 fortitudinem
2087 696 2211 770 vix
2252 720 2445 795 pro-

209 799 445 875 basset
499 802 885 898 Augustei
927 798 1217 876 saeculi
1276 798 1711 896 elegantius
1759 813 1840 875 et
1877 798 2196 874 mollius
2240 799 2443 876 iudi-

209 905 417 981 cium.
535 907 746 981 Cum
803 906 1072 1004 itaque
1128 903 1465 978 omnino
1514 902 1889 978 Aeneidis
1941 901 2134 977 alius
2191 927 2276 977 ac
2325 903 2445 979 di·-

207 1032 456 1081 versus
480 1031 814 1108 prorsus
840 1009 939 1082 sit
966 1007 1368 1082 character
1389 1032 1628 1107 quam
1644 1005 1930 1102 Iliadis,
1952 1008 2127 1106 quis
2147 1029 2313 1081 non
2330 1004 2445 1081 vi—

206 1109 329 1184 det
358 1111 919 1210 importunum
940 1135 1136 1203 esse,
1169 1111 1249 1184 in
1266 1109 1623 1186 Aeneide
1640 1110 2052 1210 requirere
2084 1135 2201 1202 ea,
2239 1134 2445 1212 quae

202 1213 407 1289 Iliadi
453 1216 613 1289 sint
663 1215 1043 1315 propria3·
1115 1214 1438 1289 easdem
1491 1214 1946 1289 animorum
2000 1210 2443 1289 inflamma-

203 1318 480 1413 ιίοιιεε,
549 1331 848 1414 aestuS,
913 1326 1477 1416 tempestates?
1557 1317 1828 1391 insunt
1881 1316 2217 1393 Aeneidi
2275 1316 2442 1411 alia,

204 1446 391 1521 quae
438 1421 782 1522 probes;
837 1420 1122 1522 quidni
1172 1421 1252 1495 in
1300 1420 1424 1495 his
1466 1421 1964 1520 acquiescas?
2050 1421 2212 1495 Sed
2260 1417 2442 1495 infi-

203 1527 442 1599 nitum
492 1537 699 1599 esset
752 1525 1026 1598 omnia
1066 1523 1474 1626 persequi,
1533 1548 1735 1624 quae
1768 1522 1866 1599 ab
1904 1523 2029 1621 iis,
2086 1524 2221 1625 qui
2254 1522 2443 1598 sub-

205 1627 361 1702 tiles
398 1641 831 1728 poetarum
886 1627 1187 1704 iudices
1242 1627 1498 1703 videri
1543 1627 1860 1721 volunt,
1930 1626 2126 1702 dum
2169 1651 2444 1703 rerum

202 1745 689 1829 argumenta,
743 1729 1146 1832 exempla,
1219 1754 1522 1806 caussas
1573 1743 1653 1805 et
1693 1731 2044 1806 rationes
2084 1731 2442 1826 miscent,

201 1849 492 1925 temere
558 1833 990 1910 laudantur
1061 1859 1149 1909 ac
1220 1833 1981 1936 reprehenduntur,
2083 1834 2442 1934 inprimis

202 1941 497 2037 quoties
531 1938 952 2036 Virgilium
987 1951 1068 2012 et
1100 1940 1553 2013 Homerum
1582 1939 1790 2014 inter
1825 1961 1911 2013 se
1957 1951 2440 2039 comparant.

201 2042 346 2116 Sed
389 2041 630 2116 nobis
664 2040 1223 2117 retundendus
1265 2055 1383 2117 est
1422 2042 1718 2137 omnis,
1775 2065 1940 2141 quo
1972 2040 2222 2142 abripi
2252 2066 2442 2142 pos-

199 2169 485 2237 semus,
539 2147 912 2246 impetus.
1018 2148 1294 2246 Itaque
1346 2168 1500 2218 nec
1539 2143 2078 2220 Warburtoni
2118 2159 2443 2220 senten-

195 2249 379 2323 tiam
410 2250 893 2347 attingemus
910 2256 1023 2344 *),
1081 2252 1216 2349 qui
1246 2246 1702 2349 perfectum
1734 2250 1928 2349 reip.
1967 2248 2440 2325 condendae

198 2364 271 2426 et
307 2352 578 2450 legum
628 2350 1152 2427 ferendarum
1205 2352 1546 2429 auctoris
1604 2351 2062 2451 exemplar
2042 2377 2123 2426 m
2169 2356 2446 2431 Aenea

198 2455 624 2533 exhibitum
680 2480 850 2531 esse
901 2481 946 2531 3
990 2468 1230 2556 poeta
1281 2455 1570 2547 voluit3
1641 2455 2004 2555 inprimis
2060 2480 2243 2532 cum
2285 2455 2437 2532 alio

194 2558 361 2635 loco
426 2561 580 2657 (ad
642 2559 813 2635 Lib.
880 2562 1028 2656 VI,
1086 2564 1265 2638 Exc.
1323 2565 1428 2658 Χ)
1490 2582 1669 2635 eam
1731 2560 2202 2659 opinionem
2267 2562 2442 2636 atti-

192 2666 549 2761 gerimus,
2497 2757 2502 2762 ¹

386 2766 770 2844 Aeneidis
813 2779 1375 2864 argumentum
1420 2771 1495 2841 in
1538 2772 1921 2865 septimum
1950 2794 2222 2841 annum
2248 2791 2441 2867 pro-

204 2868 403 2964 duci,
474 2873 606 2946 alii
666 2895 854 2947 cum
910 2870 1543 2969 reprehensione
1605 2893 2025 2945 monuere.
2141 2873 2441 2970 Perpe-

206 2997 358 3048 ram
416 2977 720 3075 utique.
841 2978 1161 3049 Aeneae
1200 2997 1551 3068 'errores
1612 2985 1927 3073 septem
1994 2996 2248 3047 annos
2311 2998 2441 3049 ex-

200 3075 405 3176 plere
428 3079 943 3154 verissimum
983 3090 1101 3153 est
1135 3084 1237 3175 (v,
1268 3081 1581 3176 Excurs,
1614 3080 1693 3153 11
1736 3075 1840 3151 ad>
1865 3075 1995 3155 lib.
2022 3078 2190 3174 ΠΙ).
2277 3077 2442 3153 Sed

200 3180 353 3279 ipsa
408 3183 781 3258 carminis
845 3181 1189 3257 narratio
1258 3203 1427 3255 non
1487 3182 1637 3256 nisi
1693 3210 1862 3257 cum
1926 3187 2215 3280 septimi
2266 3188 2444 3256 anni

202 3301 471 3362 aestate
516 3292 911 3362 exordium
946 3290 1168 3362 habet
1211 3292 1312 3380 (V.
1359 3284 1584 3384 ibid.)
1628 3292 2023 3383 eodemque
2059 3313 2253 3360 anno
2305 3290 2443 3360 ab-

201 3396 511 3468 solvitur.
614 3390 798 3466 Pari
849 3413 1122 3465 errore
1171 3386 1574 3485 Odysseae
1622 3400 2183 3486 argumentum
2232 3400 2440 3486 octo,

204 3514 481 3569 novem
540 3492 669 3568 vel
724 3493 1052 3589 decem,
1127 3492 1350 3566 annis
1410 3490 1995 3591 comprehendi
2048 3489 2443 3567 creditum

211 3608 345 3690 est,
394 3621 576 3672 cum
612 3609 888 3673 tamen
932 3594 1132 3674 illud
1176 3596 1378 3670 intra
1419 3597 1736 3694 triginta
1780 3619 1917 3671 sex
1956 3592 2084 3692 vel
2126 3608 2442 3696 septem
2547 3685 2551 3690 ,

212 3696 362 3774 dies
388 3701 488 3776 ad
517 3701 816 3777 exitum
849 3699 1187 3800 perduci
1226 3697 1743 3776 manifestum
1784 3700 1884 3774 sit
1933 3698 2043 3797 ei,
2099 3699 2238 3800 qui
2273 3700 2442 3774 ani-

214 3823 414 3879 mum
459 3804 909 3883 adverterit.

390 3929 621 4005 XVII.
673 3925 940 4003 Multo
987 3922 1393 3998 minorem
1448 3944 1621 3997 esse
1662 3928 2227 4016 characterum,
2279 3918 2442 3996 hoc

223 4038 349 4125 εει,
394 4032 778 4107 virorum
790 4027 1017 4104 factis
1061 4052 1150 4103 ac
1178 4024 1653 4102 virtutibus
1631 4025 2098 4125 msignium‚
2150 4047 2440 4100 nume-

218 4151 369 4208 rum
404 4160 485 4213 ac
526 4122 1005 4214 varietatem
1034 4131 1117 4207 in
1145 4129 1506 4207 Aeneide
1553 4153 1798 4288 quam
1837 4128 1922 4204 in
1957 4125 2204 4204 made
2245 4150 2440 4202 con-

345 4347 394 4425 ’)
434 4352 670 4411 Divino
698 4344 1026 4422 Legation
1062 4340 1377 4420 quoees
1415 4342 1492 4402 T.
1523 4343 1586 4416 J,
1641 4341 1728 4399 B.
1761 4339 1864 4415 II,
1912 4338 2069 4398 Sect-
2109 4337 2235 4398 IV.

282 4450 573 4530 Vmea.
631 4449 869 4523 Tou.
907 4442 1000 4519 Π.
1976 4439 2027 4508 3
