2882 5028
407 395 560 473 358
894 394 976 466 Ρ.
1030 390 1564 469 VIRGILII
1613 391 2184 467 MARONIS

413 579 631 655 Talia
664 577 1063 678 perstabat
1086 602 1587 673 memoranS‚
1639 576 2001 680 fixusque
2030 577 2428 655 manebat.
2512 580 2687 657 650

407 689 575 762 Nos
612 694 887 757 contra
922 678 1161 758 effusi
1189 681 1564 779 lacrimis,
1623 682 2133 783 coniunxque
2161 684 2483 778 Creusa,

410 785 980 887 Ascaniusque,
1036 786 1461 888 omnisque
1501 785 1826 879 domus,
1878 810 1985 862 ne
2033 799 2347 861 vertere
2389 806 2688 859 secum

413 894 715 967 Cuncta
755 902 1014 989 pater,
1085 887 1416 991 fatoque
1458 889 1828 988 urguenti
1879 888 2347 964 incumbere
2400 886 2686 966 vellet.

410 992 801 1090 Abnegat,
859 992 1346 1096 inceptoque
1386 1007 1468 1070 et
1500 993 1825 1070 sedibus
1855 993 2132 1069 haeret
2163 993 2244 1068 in
2282 991 2562 1069 isdem.

409 1101 712 1175 Rursus
795 1095 874 1170 in
945 1122 1163 1173 arma
1239 1095 1506 1196 feror,
1579 1110 2095 1198 mortemque
2175 1095 2684 1171 miserrimus

407 1309 615 1382 Nam
680 1299 902 1404 quod
971 1304 1392 1381 consilium
1463 1212 1868 1481 autzpqiiae
1937 1291 2117 1378 iam‘
2144 1298 2473 1378 fortuna
2512 1203 2684 1377 {6²3

1639 1415 1866 1483 atur?

518 1512 688 1587 651.
746 1484 1101 1604 coni-us,

547 1683 647 1738 651
685 1683 807 1735 Nos
832 1684 1033 1735 circum
1054 1683 1317 1736 Montalb.

410 1751 624 1820 vulgare
661 1763 816 1805 esset.
885 1751 1051 1822 effusi
1089 1754 1346 1806 lacrimas
1384 1753 1638 1805 Rottend.
1678 1769 1780 1805 see.
1828 1760 1884 1803 et
1932 1753 2057 1804 Exc.

1386 1681 1580 1753 effusis
1604 1683 1847 1735 lacrimis
1877 1680 2106 1751 quinque
2145 1696 2229 1748 sp.
2261 1681 2435 1731 Burm-
2456 1717 2475 1744 ,
2526 1681 2686 1762 qnod

2105 1752 2278 1806 Burm.
2296 1787 2313 1814 ,
2378 1766 2683 1831 graeci-sno

409 1822 589 1889 paullo
640 1822 869 1874 duriore.
948 1823 1090 1890 (Nos
1134 1836 1335 1876 contra
1383 1842 1414 1874 e
1459 1824 1552 1874 usi
1602 1823 1843 1875 lacrimis
1869 1850 1937 1861 —
1968 1837 2045 1872 se.
2091 1837 2282 1871 sumus
2306 1848 2373 1858 -
2398 1838 2499 1871 ne:
2548 1837 2588 1871 ι.
2633 1838 2686 1872 e.

409 1890 587 1943 multis
617 1909 733 1944 cum
761 1890 991 1943 lacrimis
1025 1893 1316 1958 oravimus,
1361 1909 1393 1943 o
1435 1892 1620 1944 testati
1661 1910 1866 1954 sumus,
1897 1908 1965 1942 ne
1988 1907 2081 1950 ——3
2114 1888 2237 1940 hinc
2261 1905 2459 1940 comma
2479 1927 2495 1953 ‚
2525 1889 2687 1957 quod

411 1970 527 2013 erat
579 1970 706 2030 post
762 1973 991 2024 contra,
1052 1962 1257 2015 sustuli.
1335 1962 1497 2013 Certe
1557 1961 1722 2030 magis
1760 1960 1973 2044 poetica
2021 1967 2104 2010 est
2139 1959 2273 2014 haee
2312 1958 2467 2009 ratio.
2525 1962 2618 2011 W
2609 1958 2683 2025 ν.)

410 2031 517 2085 652
550 2042 804 2083 evertere
822 2031 1032 2100 Menag.
1058 2049 1141 2100 pr.
1165 2042 1220 2083 et
1248 2049 1335 2100 qn.
1368 2033 1583 2095 Mor-et„
1619 2041 1680 2082 ut
1708 2030 1855 2082 ahbi.
1896 2048 1946 2081 v.
1986 2030 2161 2080 Burm.
2298 2029 2404 2083 653
2450 2026 2683 2082 obcum—

412 2098 537 2150 bere
564 2099 769 2153 Zulich.

412 2169 627 2238 scripta.
671 2168 816 2236 Wr.)

905 2101 1011 2155 654
1044 2120 1148 2171 que
1177 2102 1329 2153 abest
1356 2101 1524 2154 wall.
1563 2099 1755 2169 (isdem
1779 2099 1988 2163 Medic„
2022 2097 2190 2150 altera
2217 2098 2241 2149 ἰ
2274 2097 2437 2148 minio
2480 2116 2685 2167 super-

954 2170 1059 2226 656
1103 2183 1158 2222 es
1191 2189 1334 2240 quae
1367 2172 1564 2222 Moret.
1601 2188 1684 2240 pr.
1766 2172 1875 2222 iam
1915 2169 2068 2220 deest
2111 2167 2328 2219 Mentel.
2361 2185 2444 2237 pr.
2483 2168 2684 2220 Hamb.

412 2256 494 2306 pr.
524 2257 556 2291 a
592 2257 658 2290 m.
681 2257 761 2308 pr.
787 2249 842 2290 et
865 2239 1035 2305 Leid„
1065 2250 1120 2291 et
1179 2239 1388 2291 lacebat
1417 2240 1590 2292 hiatus
1622 2238 1875 2300 Heinsi03
1909 2237 2007 2290 sed
2028 2237 2166 2287 bene
2196 2238 2518 2289 Burmannus
2550 2254 2686 2289 mo-

409 2306 557 2373 nuit,
588 2308 700 2361 iam
725 2309 1023 2361 necessario
1055 2308 1112 2363 h.
1164 2348 1179 2362 .
1202 2307 1417 2379 requiri.
1492 2320 1594 2363 aas
1620 2310 1753 2362 mihi
1777 2306 1988 2380 quaes.
2014 2305 2218 2376 aliquot
2245 2305 2490 2358 Pieriani.

412 2469 490 2508 ex
556 2469 767 2510 eorum
822 2450 1102 2532 opinione
1130 2449 1499 2533 ¹explicanda

412 2538 566 2611 sint,
626 2537 731 2616 qui
780 2547 1034 2599 ventum
1087 2557 1211 2597 esse
1257 2558 1498 2598 causam

410 2623 674 2682 fulminis
702 2632 764 2683 et
788 2625 1125 2684 tonitruum
1166 2623 1499 2700 affirmant3

410 2708 536 2769 vid.
561 2707 773 2770 Barth.
802 2710 882 2769 ad
911 2710 1123 2771 Claud.
1159 2711 1377 2791 Paneg.
1422 2710 1500 2769 de

411 2794 587 2856 Cous.
626 2795 789 2856 Mau.
833 2795 1061 2857 Theod.
1113 2801 1254 2864 108.
1295 2805 1358 2856 et
1394 2795 1498 2855 ln·

411 2890 608 2961 terpp.
645 2882 724 2941 ad
753 2883 976 2943 Lucan.
1011 2883 1059 2959 1,
1093 2884 1236 2950 161.
1273 2883 1353 2942 ad
1394 2882 1499 2942 Sil.

413 2966 485 3028 It.
528 2968 573 3041 1,
618 2967 764 3032 254.
851 2970 1132 3028 Ceterum
1198 2969 1496 3048 adfictum,

412 3053 653 3128 adflare
682 3097 701 3128 ‚
795 3053 870 3113 de
920 3054 1294 3115 ambustione
1362 3053 1496 3114 Liv.

412 3138 688 3213 XXVIII,
713 3142 847 3203 23.:
891 3140 1194 3216 „ambusti
1234 3140 1502 3200 adfla-

410 3232 499 3282 tu
522 3225 823 3303 vaporis.“
865 3234 929 3284 et
955 3226 1156 3299 XXX,
1190 3230 1279 3290 6.:
1321 3245 1504 3303 „sau-

413 3309 491 3368 eii
538 3309 735 3368 adssa
751 3310 941 3390 tique
981 3310 1322 3372 incendio.“
1386 3312 1501 3369 So-

413 3393 613 3474 phocl.
643 3394 869 3476 Antig(
896 3400 1035 3465 135.
1082 3417 1209 3475 sqq.
1262 3419 1504 3477 „7th-

413 3474 664 3562 φόρος
703 3477 771 3555 ὃς
818 3475 954 3545 τότε
1009 3481 1349 3563 μαινομένα
1392 3478 1506 3558 ξῦν

413 3564 585 3652 ὁρμᾷ
621 3562 939 3648 βακχεύων
999 3567 1244 3632 ἐπέπνει
1298 3545 1508 3649 (ξεσταῖς

415 3651 817 3732 ἐχθίστων
860 3647 1256 3735 ἆνέμων.“
1333 3649 1505 3734 Wr.)

416 3741 560 3803 650.
621 3738 820 3812 fixus.
893 3740 1110 3801 affixus
1152 3741 1323 3818 loco,
1377 3758 1506 3799 non

416 3821 727 3886 discedens
749 3825 947 3886 domo.
979 3827 1058 3889 cf.
1086 3830 1235 3892 699.

501 3995 622 4059 651
647 3994 887 4060 —654.
931 3996 1228 4076 Lugubris
1271 4014 1414 4056 sane
1446 4003 1507 4054 et

415 4078 756 4139 miseranda
785 4100 991 4141 rerum
1026 4083 1202 4142 iacies
1227 4127 1243 4157 ,
1287 4082 1337 4142 si
1377 4083 1506 4142 sin-

415 4166 552 4248 gula
600 4167 850 4246 cogite85
920 4167 1031 4237 sed
1087 4189 1167 4230 an
1209 4168 1508 4228 Wartono

417 4252 786 4329 assentiaris,
829 4253 932 4330 qui
960 4254 1330 4315 Lebrunium
1379 4273 1511 4314 me-

415 4339 535 4399 lius
603 4338 725 4400 hoc
804 4349 1155 4419 argumento
1213 4333 1513 4422 'picturae

416 4424 845 4507 proponendae
875 4446 1131 4488 usurum
1170 4427 1349 4488 fuisse
1392 4446 1514 4507 pu·-

1577 2459 1703 2527 tat,
1752 2468 1935 2528 quam
1966 2447 2131 2507 Darii
2164 2448 2470 2526 tentorio,
2520 2448 2688 2509 sorte

1582 2535 1839 2597 dubites.
1938 2535 2134 2595 Maior
2199 2536 2412 2613 utique
2467 2555 2686 2596 rerum

1581 2624 1977 2699 fortunaeque
2002 2622 2313 2681 conversio
2337 2621 2405 2680 in
2428 2619 2549 2680 hoc
2574 2642 2687 2680 re-

1584 2728 1654 2789 ge
1707 2707 1978 2769 cernitur
2008 2752 2025 2781 ,
2095 2728 2276 2786 quam
2328 2707 2394 2767 in
2444 2707 2684 2767 familia

1584 2792 1806 2876 privati
1843 2791 2136 2870 hominis,
2198 2793 2452 2853 Aeneae.
2537 2795 2687 2853 Nos

1582 2893 1792 2940 contra
1834 2899 2007 2939 orare
2042 2900 2164 2939 non
2200 2880 2540 2939 desistimus
2579 2879 2684 2958 eff-

1565 2967 1715 3047 fissi
1756 2967 2027 3024 lacrimis
2049 3010 2065 3040 ,
2115 2965 2409 3043 exquisite
2452 2986 2569 3044 pro
2617 2969 2687 3023 in

1585 3054 1893 3112 lacrimas,
1946 3047 2094 3132 (vid.
2124 3051 2197 3114 V.
2240 3052 2305 3110 L.
2357 3049 2530 3132 u'r.)
2606 3073 2685 3110 ne

1584 3150 1803 3197 venere
1838 3159 1890 3196 s.
1926 3135 1990 3197 h.
2018 3135 2060 3199 1.
2101 3147 2406 3212 evertere,
2451 3136 2682 3216 perde-

1585 3243 1654 3284 re
1668 3267 1693 3298 ,
1738 3222 2006 3304 satoque
2039 3226 2278 3301 urgenti
2315 3222 2677 3296 incumbet-e,

1587 3309 1797 3369 vellet:
1839 3307 1902 3368 h.
1943 3328 1994 3368 e.
2035 3309 2323 3381 exitium,
2383 3308 2542 3388 quod
2573 3307 2680 3366 vel

1588 3395 1675 3454 sic
1700 3395 2086 3472 imminebat„
2122 3395 2466 3455 accelerare.
2547 3394 2681 3451 Ur*-

1584 3493 1772 3561 gent,
1825 3500 1979 3559 quae
2019 3480 2282 3559 instant3
2353 3491 2455 3555 ut,
2520 3498 2682 3557 quae

1590 3587 1797 3626 casum
1818 3567 2159 3641 minantur,
2202 3567 2298 3627 his
2342 3567 2392 3626 si
2437 3570 2682 3625 itit-um-

1590 3652 1786 3712 bimm
1806 3697 1824 3729 ,
1873 3673 1943 3712 ea
1970 3653 2359 3732 impellimus,
2422 3661 2494 3712 ut
2530 3671 2686 3730 pro-

1588 3746 1791 3799 ruant.
1887 3740 2050 3799 Bene
2089 3740 2359 3800 Servius:
2423 3738 2684 3814 „Simile

1590 3834 1699 3901 est,
1727 3833 1829 3884 ut:
1857 3837 2180 3885 currentem
2194 3828 2469 3899 incitare,
2487 3845 2684 3902 prae-

1588 3913 1940 3989 cipitantem
1966 3913 2288 3990 impellere.
2301 3914 2338 3946 “
2399 3906 2520 3991 (—-
2534 3911 2684 3976 654.

1589 4000 1944 4078 inceptoque
2003 4011 2059 4056 et
2094 3997 2332 4057 sedibus
2376 3997 2585 4056 haeret
2617 4000 2686 4056 in

1588 4083 1781 4141 isdem
1804 4108 1820 4141 .-
1926 4084 2148 4143 Eadem
2237 4082 2686 4163 compositionis

1593 4168 1857 4229 suavitas
1924 4180 2016 4229 est
2075 4169 2238 4250 apud
2295 4169 2568 4229 Ciceron.
2621 4171 2686 4229 in

1594 4255 1723 4314 Cat.
1757 4255 1831 4331 11,
1867 4256 1957 4321 5.:
2003 4258 2074 4315 Sc·
2098 4270 2154 4315 et
2181 4260 2262 4315 in
2307 4254 2490 4319 urbe
2519 4269 2576 4313 et
2607 4260 2686 4314 in

1597 4340 1867 4401 eadem
1964 4354 2205 4401 mente
2299 4355 2676 4421 permanent.

1608 4426 1825 4509 Wch.)
1915 4428 2059 4493 656.
2089 4449 2230 4488 nam
2255 4447 2414 4506 quae
2441 4426 2562 4487 iam
2583 4449 2686 4488 sa—
