2882 5028
462 361 1184 483 Excutiens
1254 409 1291 483 1
1356 411 1516 483 AD
1588 411 1816 487 Lm.
1888 412 2000 488 111
2209 418 2360 494 55⁷

143 599 205 673 V,
250 599 306 664 5.
376 598 570 679 Intpp.
613 597 817 681 steph.
864 600 1113 680 Byzant.
1160 600 1239 660 ad
1283 597 1346 659 h.
1394 620 1453 659 v.
1521 600 1730 661 Cellar.
1774 602 1983 682 Geogr.
2033 612 2153 663 ant.
2239 603 2369 665 Etsi

143 704 251 744 non
292 683 545 761 defuere,
589 685 694 762 qui
740 694 799 744 et
839 685 906 744 in
946 684 1066 745 hoc
1101 684 1537 765 discreparent,
1597 687 1691 746 uti
1732 686 1936 768 Dictys
1979 687 2050 764 V,
2099 692 2197 764 16,
2257 689 2365 750 sed

145 770 210 828 de
254 770 547 829 communi
589 767 739 847 fide,
783 790 965 849 quam
1007 782 1215 851 poetae
1257 770 1492 850 sequuti
1531 780 1699 848 sunt,
1745 793 1905 833 nunc
1947 773 2266 852 quaeritur.

292 854 518 914 Habuit
572 865 773 916 autem
840 856 1121 934 Virgilius
1174 858 1239 917 in
1294 855 1413 916 boc
1467 856 1900 917 consentientes
1964 860 2279 940 plerosque
2331 878 2367 918 e

148 941 403 1000 Romanis
454 940 874 1021 scriptoribus.
948 942 1101 1001 Mela
1155 942 1226 1019 ll,
1268 947 1310 1007 2
1354 943 1604 1001 Εαείπιία
1660 956 1747 1002 est
1784 944 1983 1004 Aenos
2039 944 2116 1004 ab
2157 948 2366 1004 Aenea

146 1025 381 1104 profugo
423 1028 685 1087 condita.
769 1027 921 1087 Plin.
966 1028 1064 1104 IV,
1111 1032 1184 1092 11
1244 1028 1327 1085 Os
1368 1026 1563 1086 Hebri
1584 1060 1672 1074 —-
1699 1030 1993 1107 oppidum
2037 1030 2237 1089 Aenos
2280 1030 2365 1089 li-

148 1110 326 1169 berum
382 1133 521 1171 cum
579 1113 874 1190 Polydori
913 1115 1144 1172 tumulo
1165 1157 1183 1189 ,
1252 1113 1539 1172 Ciconum
1593 1115 1897 1193 quondam
1943 1117 2108 1193 regio
2118 1138 2146 1188 ,-
2207 1113 2366 1174 adde

151 1196 307 1255 Solin.
347 1217 397 1257 c.
450 1200 552 1270 10,
596 1206 658 1255 et
697 1198 782 1257 ibi
822 1198 1067 1258 Salmas.
1110 1198 1451 1257 miscentem
1494 1217 1592 1273 ea,
1640 1218 1793 1276 quae
1834 1199 2098 1279 apponit.
2167 1199 2366 1259 Etiam

152 1280 413 1341 Ammian.
456 1283 655 1358 xxss,
702 1286 761 1359 8,
805 1283 911 1342 ubi
953 1304 1013 1344 v.
1057 1284 1270 1344 Valeo.
1308 1286 1381 1343 cs.
1426 1285 1594 1343 Serv.
1638 1284 1717 1343 ad
1760 1284 1859 1360 111,
1906 1291 1942 1349 1
1987 1294 2046 1343 et
2094 1289 2187 1349 17.
2243 1277 2373 1344 Νοό

154 1375 319 1426 tamen
377 1376 556 1448 poeta
610 1367 794 1427 huius
854 1369 1147 1449 opinionis
1189 1378 1401 1429 auctor
1455 1378 1544 1427 est
1584 1369 1924 1448 putandus,
1986 1370 2097 1430 sed
2151 1368 2366 1430 habuit

153 1463 352 1512 veteres
393 1462 670 1514 auctores
685 1498 703 1530 ,
746 1474 897 1532 quos
937 1464 1318 1533 sequeretur,
1363 1454 1540 1513 etiam
1585 1454 1744 1514 inter
1777 1456 2077 1514 Romanos
2124 1455 2201 1529 Q.
2243 1456 2365 1514 Lu-

153 1537 371 1614 tatium,
414 1559 554 1598 nam
598 1541 651 1598 is
693 1539 757 1597 in
800 1542 1096 1598 Historia&
1132 1540 1340 1599 similia
1386 1539 1752 1600 tradiderat:
1792 1542 2063 1599 Aeneam
2097 1544 2366 1619 primum

159 1623 456 1683 Thraciam
503 1625 836 1703 appulsum
851 1669 873 1698 ‚
940 1628 1179 1685 Aenum
1221 1647 1295 1684 ex
1345 1647 1454 1684 sao
1509 1629 1744 1684 nomine
1796 1626 2128 1684 condidisse
2146 1670 2164 1701 ,
2228 1626 2364 1685 dein

152 1713 363 1787 cognita
427 1712 890 1789 Polymnestoris
953 1711 1219 1789 perfidia
1287 1732 1362 1769 ex
1420 1711 1705 1790 Pohdon'
1772 1732 1911 1771 nece
1928 1755 1947 1787 ‚
2047 1711 2185 1770 inde
2261 1712 2363 1770 di-

149 1813 407 1870 gre-sewu.
2352 1843 2357 1849 .

296 1882 414 1940 Cur
475 1890 684 1940 tamen
723 1891 898 1961 poeta
958 1902 1081 1941 non
1134 1881 1366 1942 Aenum
1410 1882 1516 1942 sed
1564 1880 1887 1940 Aeneadas
1926 1880 2096 1940 urbia
2145 1898 2365 1939 nomen

155 1965 438 2042 prodidit?
480 1967 724 2026 Scilicet
763 1967 1070 2027 Aeneadas
1111 1976 1272 2026 recte
1311 1966 1534 2027 dixeris
1573 1965 1817 2039 incolas,
1863 1984 2188 2044 eorumque
2214 1963 2366 2023 adeo

156 2051 358 2110 nomine
397 2053 611 2112 urbem
655 2054 853 2132 potuit
893 2053 1200 2132 insignire,
1256 2061 1327 2112 ut
1367 2063 1463 2112 tot
1516 2053 1664 2111 aliae
1703 2051 1912 2126 urbes,
1968 2071 2027 2111 v.
2077 2072 2130 2113 c.
2174 2050 2365 2124 Gabii,

155 2133 458 2215 Tarquinii,
529 2139 866 2198 incolarum
935 2140 1175 2198 nomine
1234 2138 1714 2218 designabantur.
1814 2136 1933 2195 Sed
1988 2136 2053 2196 id
2109 2157 2233 2195 non
2288 2135 2365 2194 ab

157 2224 330 2297 Amo,
375 2241 594 2283 verum
640 2223 715 2281 ab
757 2225 1000 2299 Aenea,
1049 2224 1318 2300 Ai'vstoe,
1348 2223 1489 2285 duci
1528 2231 1743 2303 potest.
1801 2220 1894 2281 An
1934 2222 2115 2301 igitur
2153 2221 2253 2281 illa
2288 2220 2367 2281 ad

156 2303 391 2367 Hebrum
431 2310 581 2369 urba
627 2309 808 2369 etiam
850 2311 1065 2372 Αἴνεια
1114 2310 1403 2389 appellata
1447 2309 1609 2369 suit?
1680 2308 1872 2386 Atque
1926 2307 1997 2367 fit
2038 2307 2366 2387 probabile,

156 2387 252 2451 hoc
283 2395 365 2453 ita
404 2414 466 2453 se
506 2394 754 2455 habere.
983 2393 998 2404 ⁹
1637 2427 1641 2431 ·

296 2480 526 2542 Scilicet
576 2482 723 2559 alia,
767 2497 953 2558 eaque
995 2478 1398 2557 constantior,
1439 2478 1603 2540 inter
1646 2478 1901 2538 Graecos
1943 2476 2232 2555 maxime,
2272 2478 2369 2537 sa-

160 2581 237 2621 ma
273 2566 557 2645 obtinuit,
604 2568 684 2626 ad
733 2567 1158 2625 Chersonesum
1199 2567 1493 2625 Pallenen
1543 2565 1798 2624 Aeneam
1859 2564 2186 2643 appulisse,
2248 2563 2368 2623 ibi-

160 2666 254 2724 que
300 2654 536 2711 Aeniam
602 2649 929 2732 (Αἴνειαν)
993 2651 1205 2710 urbem
1275 2651 1626 2710 condidisse.
1726 2648 2142 2709 inhabitabant
2207 2649 2369 2708 illam

163 2740 268 2793 tum
306 2736 560 2797 Thraces
613 2739 862 2797 Gru-saei
911 2736 1007 2801 ,vel
1079 2737 1379 2810 Caevasaei,
1443 2735 1707 2795 fidissimi
1764 2735 2161 2794 Troianorum
2208 2734 2367 2793 socii.

160 2814 296 2879 Haec
330 2823 648 2903 Dionysius
688 2843 765 2881 ex
795 2821 1102 2881 Hellanico
1147 2820 1324 2881 docet
1345 2821 1448 2880 lib.
1494 2821 1537 2896 1,
1580 2821 1663 2885 47
1707 2829 1767 2878 et
1807 2822 1908 2884 49.
1960 2820 2113 2880 cons.
2146 2818 2369 2879 Herod.

162 2901 264 2980 vu,
307 2912 420 2973 123
464 2918 523 2967 et
562 2908 651 2967 ibi
693 2909 832 2967 Not.
905 2905 1214 2989 (Chry-ceos
1277 2907 1544 2965 Thracas·
1602 2906 1886 2985 scriptum
1944 2905 2149 2965 videas
2207 2903 2372 2984 apud

162 2986 413 3070 Pompon.
457 2995 595 3055 Sab.
641 2993 720 3053 ad
761 2992 907 3052 Aen.
955 2993 1027 3051 ΙΙΙ
1072 3013 1183 3072 pr.‚
1239 2991 1343 3050 sed
1402 2992 1527 3050 eius
1575 3000 1707 3050 tota
1764 2998 1907 3053 nota
1966 3009 2043 3049 ex
2087 2990 2372 3069 Dionysio
2480 3028 2483 3033 -

164 3082 234 3132 at
271 3077 570 3160 descripta,
617 3099 695 3138 ex
736 3097 924 3157 eoque
966 3077 1370 3153 emendanda3
1412 3077 1505 3136 uti
1545 3076 1733 3136 altera
1774 3074 1854 3134 ad
1895 3095 1956 3135 v.
2002 3079 2083 3140 17
2101 3095 2202 3135 ex
2243 3075 2372 3135 He-

165 3159 351 3222 rodoto
392 3164 430 3223 l.
475 3166 553 3246 c.)
643 3165 705 3223 Si
746 3163 978 3224 mireris
1021 3165 1213 3238 forto,
1271 3183 1380 3222 cur
1421 3162 1583 3221 inter
1624 3161 2021 3222 Troianorum
2062 3162 2251 3221 socios
2297 3161 2374 3220 ab

168 3242 394 3308 Homero
433 3252 518 3310 illi
566 3251 806 3310 Crusaei
857 3268 979 3308 non
1023 3248 1333 3308 memorati
1375 3248 1529 3322 sint,
1570 3247 1919 3321 tenendum,
1964 3266 2065 3305 eos
2094 3249 2157 3306 in
2186 3248 2375 3306 Paeo-

171 3347 288 3390 num
329 3337 558 3396 nomine
600 3336 785 3395 latere
832 3334 1025 3394 videri
1067 3335 1140 3392 ab
1187 3335 1341 3392 Axio
1371 3333 1445 3392 ss.
1488 3344 1765 3394 evocatos
1811 3331 1974 3393 lliad.
2021 3334 2079 3412 β,
2124 3332 2251 3397 848
2287 3353 2375 3410 sq.

172 3412 226 3472 lu
260 3418 479 3480 Pallene
521 3422 756 3481 Aeneae
798 3421 1110 3501 appulsum
1167 3420 1346 3479 etiam
1403 3420 1657 3478 collocat
1708 3417 2061 3498 Lycophron
2111 3423 2376 3483 1236-

177 3503 329 3566 1238.
409 3507 586 3580 Nam,
634 3527 812 3585 quam
855 3506 954 3564 ille
995 3504 1291 3564 habitasse
1335 3505 1589 3579 dicitur,
1648 3505 1980 3563 Rhaecelos
2023 3503 2101 3561 ad
2145 3505 2376 3563 Cis-sum

175 3598 402 3649 montem
442 3592 599 3653 circa
642 3593 889 3653 Aeniam
934 3590 1045 3649 sita
1095 3610 1217 3649 esse
1265 3590 1493 3649 debuit.
1550 3610 1608 3648 v.
1639 3588 1837 3648 Schol.
1885 3589 1964 3647 ad
1998 3608 2047 3648 e.
2076 3589 2117 3649 l.
2149 3600 2210 3648 et
2236 3590 2375 3648 Not.

175 3668 240 3726 ⁸<l
257 3672 446 3754 Steph.
472 3676 534 3738 h.
561 3700 622 3738 v.
664 3687 723 3737 et
758 3698 907 3746 ¹mox
937 3678 1294 3753 Almopiam
1321 3696 1431 3755 pro
1467 3674 1811 3734 Macedonia
1836 3684 2147 3739 memorat.
2205 3676 2378 3735 Hanc

178 3751 386 3820 Aeniam
426 3764 746 3823 Aeneadas
790 3781 1027 3840 quoque
1070 3762 1391 3842 appellatas
1437 3756 1815 3839 (Αἰνειᾶδας)
1860 3779 1935 3818 ex
1964 3759 2225 3835 Tbeoue,
2269 3781 2378 3823 ve-

178 3846 282 3899 tere
327 3847 727 3928 Lycophronis
782 3848 1144 3922 Scholiasta,
1225 3848 1464 3907 notavit
1523 3844 1729 3926 Steph.
1794 3845 1934 3924 Byz.
2010 3847 2072 3905 in
2142 3847 2377 3909 Αἴνεια.

179 3920 374 3989 Habuit
425 3933 569 3993 haec
621 3934 806 3994 Aenia
862 3934 1127 3992 Pallenes
1183 3944 1498 3992 commuue
1552 3930 1670 3990 hoc
1737 3951 1874 3991 cum
1934 3932 2152 4007 altera,
2226 3950 2379 4010 quae

185 4006 344 4074 Aenos
375 4016 550 4094 dicta,
592 4019 754 4098 quod
786 4029 848 4079 et
888 4019 1121 4078 Pallene
1162 4018 1370 4098 priscis
1410 4017 1778 4096 temporibus
1820 4037 1873 4074 a⁴
1896 4016 2225 4077 Thracibus
2263 4016 2384 4077 suit

181 4089 432 4160 habitata.
516 4106 709 4165 Facile
764 4106 969 4183 itaque
1025 4105 1339 4181 utriusque
1393 4103 1564 4163 urbis
1620 4104 1784 4181 origo
1842 4103 1918 4161 ad
1963 4102 2222 4162 Aeneam
2264 4124 2381 4163 no-
2420 4175 2424 4178 Α

182 4188 348 4245 ‘trum
383 4190 587 4250 referri
609 4192 825 4272 ³potuit
839 4212 857 4267 ;
933 4190 1045 4250 etsi
1088 4191 1270 4250 altera
1322 4189 1427 4249 illa
1486 4188 1775 4248 Thraciae
1815 4187 2015 4247 Aenus
2068 4189 2189 4248 iam
2243 4196 2383 4247 ante

185 4261 407 4331 Aeneam
447 4274 680 4354 floruit3
723 4276 1013 4355 siquidem
1052 4295 1128 4335 ex
1170 4295 1240 4335 ea
1282 4268 1606 4357 (Αἰνόθεν)
1650 4276 1817 4334 Piros
1859 4275 1939 4333 ad
1981 4275 2220 4333 Troiam
2263 4273 2382 4331 iam

184 4360 301 4410 tute
325 4357 477 4417 urbis
515 4381 710 4423 casum
750 4363 1007 4421 adfuisse
1046 4370 1414 4421 memoratur
1440 4361 1508 4420 ΙΙ.
1547 4361 1602 4435 δ,
1629 4364 1786 4435 520,
1828 4368 1888 4416 et
1927 4366 2249 4417 accesserat
2303 4355 2383 4416 ad

185 4450 295 4495 eam
323 4440 589 4505 Hercules
625 4470 661 4507 a
703 4449 884 4508 Troia
921 4446 1121 4508 redux
1147 4467 1181 4504 a
1204 4446 1413 4526 Poltye
1446 4444 1705 4526 hospitio
1749 4440 2062 4522 exceptus:
2106 4441 2382 4522 Apollod.
