2882 5028
519 347 1164 454 ,AENEIDos
1210 350 1426 427 Lm.
1475 350 1609 448 lv,
1662 356 2097 432 339—350
2300 359 2452 435 649

191 540 301 617 Et
327 534 672 612 recidiva
699 560 946 611 manu
972 536 1417 637 posuissem
1451 540 1835 636 Pergama
1872 538 2109 617 victis.

151 639 156 642 ⁷
203 639 374 717 Sed
407 663 625 715 nunc
653 639 960 716 Italiam
983 661 1352 737 magnam
1380 645 1742 738 Gryneus
1776 640 2091 741 Apoll0‚
2299 649 2452 724 345

200 744 517 821 Italiam
544 743 824 840 Lyciae
853 743 1148 819 iussere
1177 767 1586 845 capessere
1616 756 1889 822 sortes,

202 849 356 923 Hic
387 868 657 941 amor,
709 844 908 922 haec
935 847 1182 947 patria
1215 861 1349 926 est.
1458 849 1539 923 Si
1583 862 1665 924 te
1698 846 2182 945 Carthaginis
2221 872 2460 947 arceS,

202 950 766 1046 Phoenissam,
815 949 1313 1051 Libycaeque
1346 949 1761 1052 adspectus
1794 950 2100 1025 detinet
2126 951 2379 1031 urbis:

183 1058 434 1152 ⁸Quae
465 1051 835 1148 tandem,
887 1056 1235 1129 Ausonia
1269 1059 1626 1150 Teucros
1659 1052 2074 1129 considere
2112 1066 2339 1150 terra,

205 1156 513 1235 Invidia
545 1165 711 1234 est?
759 1160 863 1233 Et
891 1180 1042 1231 nos
1071 1154 1189 1232 sas
1217 1169 1478 1234 extera
1509 1180 1895 1260 quaerere
1922 1179 2185 1255 regna.
2309 1164 2464 1240 350

313 1317 489 1391 347.
539 1330 786 1386 ancus
815 1313 954 1389 Pu.

351 1517 459 1574 344
489 1519 547 1572 Si
573 1522 692 1573 Aac
719 1540 765 1572 r.
799 1518 978 1589 legas,
1015 1516 1301 1571 sententias
1323 1517 1480 1571 aliter
1504 1517 1722 1588 iungere
1752 1517 1906 1571 licet:
1943 1519 2152 1572 Priami
2185 1529 2228 1571 e.
2261 1537 2316 1571 a.
2344 1538 2466 1572 ma-

206 1601 443 1653 nerem,
473 1593 591 1641 Aue
618 1608 666 1642 r.
689 1589 759 1640 ad
781 1590 886 1641 mei
913 1588 1071 1640 animi
1100 1599 1310 1654 votum,
1347 1598 1437 1640 sut
1464 1599 1766 1658 superesset
1797 1587 1997 1654 Troia,
2047 1598 2139 1639 aut
2176 1606 2208 1639 a
2250 1606 2334 1640 me
2373 1607 2468 1642 re-

208 1657 537 1711 stitueretur.
626 1659 874 1711 rediviva
917 1658 1117 1739 aliquot
1163 1659 1297 1709 Pier.
1314 1697 1329 1722 ,
1380 1657 1609 1709 solleuni
1646 1658 1920 1710 varietate.
2055 1657 2163 1713 34⁵
2210 1659 2467 1724 Grineus,

212 1731 478 1791 Crineus,
523 1733 833 1797 (hyrtacus,
883 1746 1076 1798 passim
1102 1727 1349 1779 scribitur
1389 1726 1595 1780 vitiose.
1664 1728 1759 1778 Est
1801 1725 1937 1778 enim
1982 1722 2274 1794 Γρύνειος.
2346 1731 2469 1780 eir-

212 1798 425 1850 thaeus
449 1814 530 1865 pr.
561 1797 748 1848 Hsmb.
778 1815 877 1867 pro
903 1815 1010 1850 var.
1035 1797 1162 1848 lect.
1180 1835 1197 1861 ,
1247 1794 1389 1866 quod
1426 1814 1524 1865 per
1551 1813 1610 1848 se
1647 1813 1753 1847 non
1781 1796 1970 1847 malum
1999 1806 2170 1860 esset,
2214 1814 2246 1847 a
2285 1795 2470 1849 Cirrha

211 1883 389 1938 prope
412 1865 652 1936 Delphos
678 1866 905 1918 ductum.
973 1869 1207 1918 crinitus
1233 1883 1318 1918 un.
1358 1864 1683 1936 Guelpherb.
1729 1865 1785 1916 in
1821 1868 1942 1918 Exc.
1979 1869 2096 1917 Sax-
2240 1865 2346 1920 346
2381 1868 2472 1919 υἰ-

212 1954 339 2056 ga'n
352 1953 588 2057 'popm
608 1935 774 2058 (goth.
808 1954 912 2057 seg.
931 1935 1188 2056 ,dinscitia
1221 1933 1441 2055 liblrartii.
1548 1936 1685 2059 ἕξ
1704 1935 1808 2056 21⁰2
1826 1936 2021 2053 pavli?
2042 1945 2263 2054 τίθησθα
2290 1937 2470 1988 Heius.

327 2017 469 2056 ε.α
664 2016 829 2056 eu.et
907 2024 994 2056 u.
1062 2021 1371 2058 rorat-,ec
1752 2024 1771 2055 1
1847 2023 1914 2055 ae
2002 2021 2063 2055 or
2158 2039 2174 2055 .
2242 2018 2474 2057 neceas

213 2074 409 2127 Humb.
433 2074 527 2126 alt.
595 2074 834 2126 demeret
864 2023 1072 2127 Sex-vini:
1098 2076 1157 2125 in
1182 2076 1344 2126 novis
1373 2071 1568 2141 (bonis)
1607 2084 1664 2125 et
1699 2025 2005 2126 eme'izdaeis
2042 2071 2198 2125 libris
2234 2004 2342 2143 legi
2387 2086 2474 2127 te-

212 2153 418 2266 ἒιοιὲιιίιίις
445 2143 659 2263 gugidtl-
680 2144 767 2196 Fr.
798 2142 1066 2265 Gtrouovio
1095 2144 1248 2263 miili·
1287 2144 1379 2207 1V,
1409 2144 1475 2262 t9.
1513 2159 1637 2210 pag.
1671 2143 1781 2262 l130
1831 2153 1885 2194 et
1899 2141 2169 2264 tH‘ii'ndob
2189 2143 2474 2266 arridepalt.

412 2231 444 2263 ιι
564 2231 592 2264 c
619 2230 702 2264 um
736 2232 825 2265 rec
852 2232 881 2265 e
944 2231 1002 2264 er
1037 2228 1123 2276 se,
1231 2230 1382 2263 enum
1433 2228 1583 2263 amen
1614 2229 1645 2263 a
1694 2228 1778 2264 oei
1805 2228 1895 2263 seu
1923 2229 1989 2263 en
2017 2229 2100 2277 xa,
2172 2229 2269 2264 eue
2308 2231 2366 2265 re
2390 2233 2420 2266 e
2443 2243 2476 2257 -

212 2282 283 2335 lit
342 2283 516 2333 Burm-
533 2320 551 2348 ,
607 2293 661 2334 et
697 2233 941 2335 desinetp
957 2292 1136 2334 tuetur
1183 2293 1445 2350 tamquam
1502 2281 1644 2351 quod
1696 2281 1967 2349 proprium
2016 2280 2119 2333 hac
2166 2281 2222 2332 iu
2271 2300 2332 2335 re
2387 2283 2475 2338 sit.

212 2350 326 2407 349
344 2352 809 2477 dTeVulct-gqllugen.
888 2354 1067 2405 Troas
1094 2352 1231 2405 Ven.
1296 2352 1597 2404 consistere
1616 2349 1721 2403 duo
1754 2351 1926 2403 num.
1944 2388 1960 2416 ,
1996 2360 2254 2422 perpetua
2288 2352 2476 2410 variet.

213 2440 266 2474 v.
308 2439 343 2473 a
500 2458 517 2487 ,
625 2456 641 2473 .

216 2578 627 2661 pronuntiant
642 2579 991 2661 scriptores3
1013 2581 1309 2640 essexem-
1389 2578 1511 2639 boc
1542 2578 1622 2638 ad
1661 2579 1905 2653 Patara,
1949 2587 2213 2659 accepto.
2299 2580 2481 2642 Plura

217 2666 398 2747 plum
444 2666 674 2724 clarum
721 2665 887 2745 apud
929 2665 1137 2726 Iuven.
1181 2666 1307 2741 v11,
1393 2673 1594 2726 autem
1656 2663 1996 2724 huiusmodi
2058 2664 2338 2724 vaticinia
2410 2686 2481 2725 ac

219 2754 305 2817 53
329 2784 408 2797 -
430 2752 575 2817 55·“
626 2752 731 2811 W
720 2773 771 2811 r.
826 2785 898 2796 —
949 2751 1093 2815 344.
1121 2773 1311 2810 manu
1392 2760 1585 2810 sortes
1607 2749 1839 2809 Aeneae
1868 2750 1931 2808 in
1977 2749 2208 2809 Italiam
2247 2749 2482 2811 adven-

208 2857 461 2917 ponere.
551 2834 792 2897 Videbis
817 2856 990 2916 saepe
1024 2858 1213 2896 manu
1239 2838 1309 2896 iis
1389 2846 1526 2898 tum
1555 2834 1949 2915 praedixisse,
1998 2854 2182 2915 supra
2223 2836 2483 2897 vidimus
2557 2854 2569 2867 ·

218 2921 407 2998 addi,
451 2941 604 3000 quae
645 2930 789 2981 sunt
829 2922 978 2981 artis
1018 2932 1080 2983 et
1120 2922 1310 2983 indu-
1398 2923 1463 2982 in
1492 2920 1743 3000 Disquis.
1767 2920 1844 2980 de
1867 2921 2118 2981 Aeneid.
2150 2922 2383 2985 Invenl.
2416 2920 2481 3003 §-

220 3008 413 3068 striae
426 3029 445 3084 3
489 3010 594 3067 Ge.
637 3007 711 3083 11,
763 3012 938 3075 156..
1012 3011 1125 3067 Tot
1169 3030 1317 3082 eon-
1401 3008 1483 3068 vl
1520 3026 1607 3085 sq.
1690 3007 1785 3066 Ex
1808 3006 2018 3066 iisdem
2044 3007 2254 3087 priscis
2287 3006 2484 3068 bisto-

215 3105 405 3173 gesca
445 3114 636 3152 manu
682 3095 1029 3173 praeruptis
1086 3099 1319 3173 oppida
1400 3093 1507 3154 riis
1534 3093 1715 3151 ducta
1745 3091 1973 3151 somnia
2001 3112 2062 3158 v.
2093 3093 2220 3158 350
2251 3113 2368 3171 sq.;
2410 3102 2486 3153 ut

220 3182 422 3239 saxis.
490 3181 594 3239 W
586 3177 684 3237 ch.
807 3179 1031 3239 Verum
1072 3179 1136 3239 id
1183 3179 1321 3258 qui-
1402 3178 1630 3238 ibidem
1685 3177 2047 3240 notavimus.
2157 3174 2486 3259 (capessere

226 3265 403 3340 dem,
446 3263 556 3323 sed
586 3265 663 3323 cf.
692 3264 872 3323 etiam
908 3263 980 3326 V.
1006 3265 1071 3325 L.
1102 3264 1182 3324 ad
1216 3265 1321 3324 Ge.
1405 3266 1661 3326 Italiam
1680 3307 1697 3338 ‚
1730 3264 1820 3323 ire
1844 3263 1907 3322 in
1934 3263 2186 3324 Italiam.
2229 3264 2348 3324 Cic.
2377 3266 2486 3346 Ep.

222 3350 301 3428 ΙΙ,
330 3349 483 3414 247.
533 3353 638 3412 W
627 3348 713 3432 r.)
1406 3351 1488 3425 X,
1515 3353 1607 3414 9.:
1651 3351 1941 3408 Mels'dam
1984 3352 2175 3428 igilur
2196 3371 2488 3428 capessa-

317 3434 467 3500 845.
512 3435 657 3499 346.
721 3434 985 3494 Omnino
1029 3432 1320 3515 Apollinis
1404 3456 1563 3499 mus.
1656 3433 1753 3494 Ad
1782 3433 2030 3494 eandem
2074 3434 2489 3515 metaphoram

230 3520 550 3582 emendum
578 3521 707 3580 Deli
740 3517 896 3602 (sup.
925 3520 1024 3596 ΠΙ,
1054 3519 1137 3585 94
1165 3518 1318 3602 sqq.)
1403 3520 1670 3601 pertinet
1696 3520 2053 3598 prehendere
2099 3542 2236 3581 oms
2261 3523 2488 3582 Italiae

229 3616 550 3687 acceptum
625 3605 945 3686 significari
979 3648 998 3682 ,
1078 3606 1321 3665 Servius
1401 3606 1558 3666 infra
1587 3606 1686 3680 vl,
1717 3610 1817 3669 61.
1866 3602 2091 3687 Wch.)

228 3693 517 3766 volebat,
579 3700 640 3750 et
690 3712 828 3752 eum
884 3711 954 3752 eo
997 3690 1127 3767 alii,
1168 3710 1322 3769 quos
1496 3691 1641 3756 347.
1682 3693 1813 3750 Hic
1848 3711 2054 3766 amor,
2113 3710 2250 3751 cum
2291 3690 2354 3752 vi
2395 3690 2492 3751 di-

230 3778 386 3839 vidi.
471 3777 566 3837 lta
597 3786 802 3837 tamen
840 3778 947 3849 vix'
977 3777 1177 3837 locum
1210 3775 1328 3836 ba·-
1412 3787 1579 3837 ctum
1635 3776 1710 3836 de
1761 3776 1956 3856 patria
1983 3820 2001 3852 ,
2080 3796 2258 3856 quam
2314 3785 2493 3853 amat,

231 3866 442 3937 beret,
484 3863 731 3942 frigeret
763 3862 1004 3941 utique,
1047 3862 1328 3941 repetitio
1411 3862 1557 3923 colit
1577 3905 1593 3936 ,
1649 3861 1820 3921 cuius
1878 3871 2051 3923 tanta
2115 3862 2331 3923 caritas
2385 3870 2494 3938 est,

233 3950 375 4010 illu:
423 3950 698 4029 Gryneus
733 3950 957 4026 Apollo
998 3944 1060 4029 (a
1098 3948 1328 4028 Grynio
1371 3968 1597 4029 *supra
1646 3947 1762 4023 Ill,
1821 3945 1961 4013 134.
2012 3950 2243 4007 Hortor
2290 3967 2497 4007 amam

235 4034 536 4110 Aeolidis,
583 4034 746 4095 conf.
780 4033 860 4093 ad
901 4034 1024 4095 Ecl.
1069 4034 1166 4105 Vl,
1213 4031 1324 4115 72)
1394 4035 1602 4114 socos.
1695 4033 1839 4099 850.
1891 4034 2062 4111 Quae
2089 4033 2326 4094 &vidia
2362 4032 2499 4091 est?

237 4123 554 4199 ethys-iae
578 4132 760 4179 serm
785 4120 940 4199 (sup.
974 4116 1153 4200 143):
1193 4138 1329 4178 ma-
1411 4118 1562 4199 quid
1605 4127 1812 4195 vetat,
1867 4119 2190 4198 quominus
2235 4117 2301 4177 id
2348 4117 2499 4178 fiat?

236 4208 346 4268 lim
377 4206 583 4285 itaque
609 4204 691 4264 ad
721 4223 1004 4285 responsa
1036 4203 1329 4285 Apollinis
1412 4215 1488 4265 ut
1528 4204 1744 4284 passim
1784 4211 2051 4283 φθονεῖν
2100 4213 2163 4263 et
2210 4202 2498 4262 invidere.

235 4295 466 4354 reterre
524 4291 590 4351 in
644 4298 905 4368 utroque
957 4291 1215 4369 templo,
1267 4299 1330 4348 et
1413 4310 1476 4351 v.
1519 4291 1846 4350 Burmann.
1949 4286 2295 4370 (Aecuratez
2367 4286 2501 4366 quis

239 4379 347 4440 illo
383 4377 552 4460 apud
590 4375 889 4455 Myrinum
927 4374 1189 4435 Aeolidis
1202 4419 1223 4455 ,
1269 4384 1334 4435 et
1412 4374 1827 4457 improbabit?
1867 4375 1959 4450 τίς
1987 4368 2257 4454 φθόνος,
2283 4374 2388 4436 W
2378 4371 2500 4456 ch.)
