2882 5028
525 384 1137 463 AENEmos
1196 387 1408 463 ms.
1461 386 1594 483 IV,
1654 392 2088 468 641—651
2270 400 2425 474 703

185 571 565 651 Inter-lusa
591 592 831 671 genas
853 630 874 669 ,
932 584 1012 647 et
1039 571 1328 672 pallida
1357 585 1622 650 morte
1665 570 1956 670 sutura,

186 678 560 755 Interiora
593 676 884 752 domus
922 676 1306 776 inrumpit
1333 675 1643 772 limina,
1701 690 1781 752 et
1812 676 2013 753 altos

2273 687 2426 763 645

189 780 666 859 Conscendit
694 778 1126 856 furibunda
1156 802 1430 878 rogoS,
1488 804 1927 882 ensemque
1969 781 2310 862 recludit

183 885 694 980 Dardanium,
749 907 918 958 non
948 882 1101 959 hos
1131 885 1578 984 quaesitum
1614 908 1910 960 munus
1946 885 2028 959 in
2070 910 2279 968 usus

184 991 353 1083 Hic,
405 1000 835 1090 postquam
876 987 1145 1063 Iliacas
1182 989 1416 1063 vestis
1454 1000 1903 1088 notumque
1943 989 2205 1066 cubile

191 1092 642 1192 Conspexit,
681 1090 1045 1193 paullum
1077 1088 1414 1165 lacrimis
1445 1104 1524 1166 et
1552 1104 1829 1166 mente
1860 1104 2192 1191 morata,

185 1195 701 1296 Incubuitque
735 1208 952 1290 tor0,
1012 1193 1362 1294 dixitque
1394 1194 1819 1270 novissima
1852 1194 2135 1275 verba:

2272 1204 2426 1279 650

273 1300 565 1377 Dulces
596 1301 947 1396 exuviae,
1007 1297 1204 1374 dum
1235 1295 1390 1374 fata
1418 1298 1778 1401 deusque
1809 1298 2139 1397 sinebat,

276 1443 443 1517 651.
501 1459 881 1512 smananr

244 1663 341 1719 645
374 1663 613 1735 irrupit,
658 1662 996 1732 perrumpit,

188 1732 438 1784 Burmann.
544 1732 652 1786 646
687 1729 1010 1783 moribunda

1083 1662 1380 1732 νονωηρίι,
1435 1656 1741 1730 abrumpit,
1790 1660 2036 1712 aberrant
2089 1658 2242 1711 codd.
2282 1658 2424 1727 apud

1091 1749 1173 1782 en.
1244 1732 1437 1783 thoros
1460 1730 1702 1781 Parrhas.
1773 1729 2000 1782 reclusit
2030 1729 2167 1781 Gud.
2194 1746 2225 1780 a
2249 1747 2318 1779 m.
2341 1746 2423 1799 pr.

187 1801 384 1854 Dos-vill.
415 1814 466 1853 et
493 1803 731 1852 Donatus
770 1800 836 1850 ad
862 1802 1079 1851 Terent.
1108 1799 1334 1866 Adelph.
1350 1801 1413 1861 11,
1431 1802 1478 1854 l.
1515 1801 1715 1850 res-trin
1757 1801 1802 1850 ic
1823 1817 1907 1850 un.
1928 1799 2105 1850 Heius.
2176 1797 2280 1853 647
2309 1816 2422 1851 non

185 1871 330 1923 hosce
365 1873 614 1927 relictam
648 1887 713 1920 ex
755 1887 805 1920 ν.
840 1870 944 1924 507
976 1870 1176 1921 emend.
1217 1872 1350 1921 Tan.
1378 1869 1566 1920 Faber.
1637 1872 1705 1920 Se

1068 1940 1267 2063 651649
1306 2021 1402 2058 aea
1427 2006 1563 2060 alter
1590 2008 1776 2058 Hamb.
1848 2005 2063 2059 sinebat
2088 2006 2277 2062 Medic.
2308 2023 2424 2058 cum

188 1942 404 2007 (—648.
440 1952 629 1993 vestes
651 1939 840 1989 Medic.
884 1939 1025 2007 lVr.)

185 2025 256 2077 pr.
319 2023 494 2062 mente
517 2021 730 2061 remota
756 2012 931 2091 sprot.

1785 1868 1891 1919 vid.
1924 1871 2197 1919 Burmann.
2225 1877 2280 1919 et
2309 1877 2422 1919 not.
2452 1864 2465 1875 “

1335 1957 1491 1989 arum
1516 1938 1621 1989 duo
1647 1954 1675 1987 e
1707 1936 1898 2005 glossa.
1971 1938 2228 1989 lacrimae
2257 1936 2421 1988 Goth.

185 2079 321 2131 codd.
346 2090 527 2149 parte,
567 2078 725 2129 etiam
748 2079 1104 2129 Pienanorum
1122 2117 1137 2140 ,
1171 2077 1404 2128 doctius:
1446 2088 1503 2128 ut
1529 2074 1690 2128 mirer
1714 2076 1771 2127 id
1813 2093 1843 2128 a
1874 2075 2001 2128 viris
2031 2075 2206 2129 doctis
2233 2075 2424 2128 dimis-

184 2164 283 2199 sum
315 2150 550 2201 manibus
589 2165 721 2198 esse.
790 2152 860 2199 At
900 2145 1153 2198 sinebant
1192 2155 1372 2217 tuetur
1414 2145 1554 2221 inter
1595 2144 1728 2197 alios
1765 2146 1950 2212 fragm.
1993 2139 2169 2199 Vafic.
2242 2146 2423 2215 (etiam

183 2216 332 2269 Palat.
395 2217 635 2287 Reposui
665 2215 879 2268 sinebat
904 2254 919 2281 ,
955 2217 1099 2297 quod
1124 2216 1279 2267 etiam
1306 2234 1371 2266 ex
1395 2219 1479 2270 10.
1512 2227 1567 2267 et
1595 2233 1659 2266 ex
1699 2232 1804 2266 uno
1837 2215 2011 2268 Guelf.
2053 2235 2084 2268 a
2128 2216 2311 2268 Cottio
2353 2217 2422 2269 ad

183 2284 358 2339 Lucan.
382 2290 448 2352 V,
487 2288 609 2342 156.
634 2295 902 2337 enotatum
937 2285 1121 2347 nde63
1173 2288 1268 2337 cfr.
1310 2288 1374 2350 Q.
1418 2287 1483 2338 V.
1519 2286 1657 2348 vm,
1707 2285 1759 2343 3,
1796 2301 1845 2338 a.
1913 2286 1983 2338 Et
2015 2283 2156 2357 sata
2179 2287 2423 2356 deusque

184 2353 231 2406 in
252 2373 395 2408 unam
421 2354 910 2410 coennt'notiouem
943 2354 1169 2407 divini
1203 2354 1469 2407 cuiusdam
1505 2354 1658 2406 fati.
1703 2353 1848 2422 Wr.)

186 2527 376 2591 datum
392 2555 410 2609 3
451 2553 587 2613 sup.
625 2531 751 2597 507
789 2528 1026 2591 dixerat
1052 2553 1252 2591 ensem

184 2616 434 2677 relictum
497 2639 581 2678 sc.
644 2616 805 2676 dono
857 2638 927 2677 ac
982 2637 1248 2677 munere.

184 2700 359 2761 Arma
394 2707 547 2779 m'n',
612 2702 886 2762 thalamo
933 2724 1090 2783 quae
1100 2703 1250 2779 fixa

184 2788 402 2866 reliquit
423 2810 554 2870 sup.
592 2789 734 2853 495.

259 2875 376 2938 648
391 2910 469 2920 —
488 2874 637 2939 650.
681 2874 914 2932 Iliacas
931 2886 1116 2932 vestes
1138 2895 1239 2932 no-

187 2966 407 3038 tumque
451 2959 649 3020 cubile
686 2980 831 3039 rogo
870 2959 1251 3039 imposuerat.

188 3042 250 3101 cs.
273 3064 394 3123 sup.
423 3049 570 3110 507.
595 3045 742 3109 508.
831 3046 1021 3104 Erant
1050 3054 1252 3104 autem

188 3139 363 3188 vestes
417 3131 577 3189 inter
628 3150 876 3189 munera
924 3151 956 3189 e
998 3131 1253 3190 navibus

189 3211 366 3275 allata.
410 3218 480 3275 cs.
520 3215 625 3275 lib.
656 3215 700 3291 1,
747 3215 872 3281 647
904 3237 1031 3295 sqq.
1116 3216 1255 3275 Ma-

189 3316 352 3374 gnum
389 3322 457 3361 ac
501 3321 734 3361 novum
763 3295 972 3376 πάθος
1011 3302 1072 3360 in
1098 3323 1251 3362 con-

192 3395 379 3461 opectu
460 3407 668 3447 earum
742 3406 945 3447 rerum
964 3432 980 3462 ,
1096 3406 1249 3464 quae

192 3485 525 3551 mafflopere
590 3473 855 3534 animum
927 3473 1248 3553 percellere

195 3551 457 3636 debuere;
487 3578 774 3638 magnum
798 3577 1036 3637 quoque
1054 3557 1248 3618 artifi-

195 3638 331 3700 cium
359 3644 422 3703 in
449 3644 675 3705 dilectu
700 3665 904 3704 rerum
936 3666 1006 3704 ac
1028 3645 1253 3705 verbo-

193 3742 329 3787 rum.
413 3729 697 3811 Expende
726 3731 970 3811 singula.
1029 3743 1246 3803 mente,

196 3806 371 3872 defixa
398 3815 459 3875 in
493 3816 729 3897 pristini
756 3817 972 3876 amoris
1003 3836 1073 3875 ac
1102 3837 1253 3875 con-

195 3900 503 3961 suetudinis
537 3903 912 3982 cogitatione.
971 3901 1253 3961 Incubuit

196 3989 323 4041 toro.
435 3989 801 4067 comparant
865 3989 1057 4067 intpp.
1119 3987 1251 4047 loca

198 4064 482 4146 Sophoclis
512 4072 818 4154 (Trachin.
845 4095 903 4134 v.
943 4077 1014 4138 9¹
1031 4077 1070 4137 6
1094 4070 1249 4152 ὅςφ)

199 4152 548 4237 etEuripidis
565 4156 808 4241 (Alcest.
839 4163 958 4224 178
975 4190 1060 4204 --
1080 4156 1249 4240 186),
1265 4191 1282 4208 ·

199 4233 290 4295 ubi
334 4240 575 4303 Alcestis
622 4244 985 4306 moribunda
1026 4244 1093 4304 in
1145 4254 1250 4304 to-

198 4338 317 4382 rum
354 4328 713 4410 coniugalem
754 4350 816 4389 se
855 4330 1159 4417 proiicit5⁴
1190 4338 1251 4389 at

196 4406 251 4468 in
276 4408 452 4475 altero
469 4414 742 4478 Deianira
764 4434 829 4477 se
852 4417 1043 4500 ipsam
1070 4435 1251 4497 super

1333 2529 1612 2589 Herculis
1657 2537 1795 2588 toro
1829 2528 2142 2607 interficit3
2184 2531 2287 2609 qui
2324 2531 2422 2591 lo-

1336 2637 1443 2675 cus
1472 2616 1765 2675 maiorem·
1803 2636 1939 2676 cum
1971 2626 2181 2676 nostro
2205 2618 2421 2677 simili-

1332 2701 1607 2784 tudinem
1661 2700 1862 2761 habet.
1962 2704 2184 2762 Saltem
2219 2704 2421 2783 praei-

1333 2797 1558 2847 verunt
1585 2787 1669 2845 ini
1701 2797 1809 2846 aut
1843 2788 1939 2847 alii
1964 2788 2172 2868 tragici
2207 2798 2420 2867 poetae

1332 2872 1397 2932 in
1438 2871 1558 2931 hoc
1599 2872 1678 2931 ad
1722 2873 2091 2933 movendum
2142 2873 2422 2936 affectum

1336 2959 1561 3037 egregie
1642 2969 1989 3038 comparato
2057 2960 2418 3039 spectaculo.

1336 3043 1483 3103 vth
1510 3052 1713 3103 autem
1733 3044 1885 3104 Dido
1913 3045 2154 3123 expiare
2181 3046 2420 3126 culpam

1336 3138 1533 3188 morte
1574 3129 1640 3187 in
1683 3149 1754 3189 eo
1795 3130 1924 3210 ipso
1962 3140 2132 3206 toro,
2190 3131 2257 3190 in
2297 3152 2420 3210 quo

1338 3234 1467 3273 eam
1508 3215 1902 3274 commiserat.
1989 3214 2073 3276 At
2126 3216 2418 3295 oratione,

1335 3322 1488 3380 quae
1528 3300 1707 3360 modo
1735 3302 2041 3379 sequitur,
2085 3300 2236 3361 nihil
2264 3313 2419 3383 puto

1334 3387 1452 3446 dici
1495 3405 1668 3466 posse
1703 3396 1812 3447 aut
1837 3406 2129 3468 personae
2158 3409 2230 3448 ao
2258 3399 2417 3450 tem-

1332 3473 1468 3553 pori
1497 3473 2003 3534 accommodatius
2036 3482 2141 3533 aut
2171 3475 2249 3533 ad
2282 3477 2421 3535 ani-

1331 3578 1501 3618 mum
1540 3559 1908 3618 movendum
1936 3560 2277 3640 potentius3
2316 3561 2421 3621 illa

1336 3663 1484 3703 vero
1521 3663 1581 3703 v.
1616 3646 1739 3710 653
1760 3647 1982 3711 —656
2019 3665 2201 3723 quam
2226 3647 2420 3707 subli-

1334 3729 1452 3788 mia
1493 3729 1827 3789 sententiis!
1902 3732 1977 3790 Et
2008 3740 2210 3791 tamen
2242 3733 2422 3793 Silius

1335 3833 1397 3873 se
1436 3815 1680 3895 putavit
1724 3836 1860 3877 cum
1892 3826 2072 3897 poeta
2114 3817 2179 3877 in
2218 3828 2419 3878 certa-

1332 3920 1473 4049 m4en
1514 3899 1869 3984 descendere
1896 3922 2088 3984 posse,
2135 3903 2239 3965 lib.
2263 3905 2417 3984 Vm,

1337 3992 1370 4051 1
1426 3991 1452 4049 1
1495 4006 1623 4066 sqq.

1423 4072 1543 4136 651
1592 4093 1678 4151 sq.
1736 4074 2019 4132 Eruvz'ae
2044 4073 2418 4151 —Ac-cssoite

1333 4157 1497 4217 hanc
1538 4161 1811 4217 animam
1842 4192 1918 4204 —
1949 4158 2090 4238 quia
2123 4158 2196 4216 iis
2236 4159 2417 4217 incu-

1332 4242 1485 4303 bans
1549 4243 1807 4303 animam
1864 4253 1955 4303 est
2020 4243 2416 4323 exspiratura.

1335 4327 1481 4394 653.
1524 4329 1679 4389 Male
1706 4337 2061 4409 argutantur
2086 4327 2420 4406 infortuna

1334 4423 1398 4476 et
1452 4424 1593 4477 ante
1627 4417 1695 4476 in
1735 4415 1894 4494 fata
1958 4415 2255 4493 deusque,
2294 4412 2417 4473 iam

2425 3023 2461 3056 l
