2882 5028
415 344 460 453 s
893 394 901 411 .
995 334 1922 443 D,1.SQUISITIO
2027 337 2066 410 1

410 523 559 613 tim
610 538 883 598 rerum
931 521 1255 598 obiectu
1317 545 1410 598 ea
1471 520 1870 624 percipiat.
1981 526 2387 616 Quorsum
2439 522 2703 598 enim

414 649 756 727 operose
793 622 1045 700 multa
1086 623 1592 701 conscribere
1647 637 1780 700 aut
1830 649 2513 722 commemorare,
2596 640 2707 702 ut

408 727 746 825 factum,
801 726 1025 828 quod
1061 742 1622 827 argumentum
1662 728 1981 828 epicum
2020 730 2456 826 contineat,
2522 729 2705 806 do,-

413 856 588 908 ceas
618 857 788 909 esse
816 830 1117 908 debere
1151 857 1443 924 unum,
1499 843 1580 908 et
1627 830 2116 927 absolutum,
2173 846 2253 909 et
2305 834 2517 909 intra
2566 835 2703 909 iu..

409 949 623 1012 stum
666 936 1053 1036 temporis
1094 935 1436 1036 spatium
1480 934 2209 1033 comprehensum?
2273 960 2701 1036 quorsum

326 1116 330 1120 .
414 1038 964 1137 denectendo
1001 1051 1082 1113 et
1129 1036 1640 1114 dissolvendo
1686 1034 2022 1114 nodoh.
2060 1063 2125 1114 e.
2174 1037 2276 1117 de
2321 1037 2697 1116 difficul-

413 1142 698 1218 tatibus
739 1134 874 1217 aut
893 1141 1167 1238 motiS,
1222 1154 1357 1217 aut
1388 1140 1767 1219 obiectis?
1820 1140 1925 1217 de
1962 1141 2516 1242 episodiorum
2569 1141 2699 1218 af-

415 1243 721 1321 finitate
771 1258 852 1321 et
890 1270 1100 1323 nexu
1157 1270 1338 1320 cum
1375 1245 1596 1345 epica
1635 1246 2140 1323 narratione?
2188 1250 2402 1321 Haec
2434 1245 2696 1323 intel-

413 1350 657 1448 ligere
690 1362 769 1426 et
805 1348 1114 1450 assequi
1149 1347 1366 1424 haud
1402 1346 1608 1424 adeo
1650 1346 1976 1423 difficile
2007 1362 2124 1423 est
2138 1358 2254 1448 *)*;
2310 1347 2697 1425 difficul-

413 1466 609 1529 tates
674 1451 942 1553 paullo
1003 1452 1349 1526 maiores
1412 1464 1604 1527 tunc
1651 1465 2116 1542 nascuntur,
2212 1454 2275 1527 si
2341 1454 2424 1528 in
2482 1478 2693 1529 rem

412 1568 918 1657 praesentem
979 1554 1504 1631 deducendae
1563 1567 1750 1628 sunt
1814 1555 2005 1630 istae
2069 1550 2716 1656 disputationes,

415 1673 503 1757 ut
532 1671 935 1759 appareat,
980 1684 1135 1758 qua
1164 1661 1474 1734 ratione
1507 1670 1587 1733 et
1618 1671 1781 1733 arte
1812 1659 1894 1733 in
1919 1658 2232 1756 'magno
2267 1657 2689 1736 factorum

415 1787 756 1838 numero
820 1776 1381 1859 argumentum
1424 1761 1788 1839 carminis
1832 1762 1934 1836 ita
1989 1761 2239 1860 digeri
2296 1776 2385 1839 et,
2425 1764 2689 1839 ador-

415 1866 584 1941 nari
615 1866 895 1966 possit,
947 1879 1038 1941 ut
1071 1865 1171 1940 ad
1197 1865 1589 1941 unitatem
1617 1863 2056 1940 deducatur
2083 1890 2232 1944 res,
2335 1870 2511 1942 Hoc
2557 1870 2685 1943 in-

412 1970 651 2066 genio
685 1982 979 2069 poetae,
1003 1968 1537 2069 ,relinquitur3
1605 1967 1776 2068 qui,
1823 1967 1886 2042 si
1909 1967 2020 2069 xad
2051 1969 2207 2044 hoc
2239 1970 2420 2053 satis
2451 1972 2687 2070 inge,

416 2073 552 2147 nio
604 2070 848 2164 valet,
900 2071 1449 2167 multomagis
1498 2085 2117 2171 praeceptorum
2158 2073 2496 2149 istorum
2539 2099 2684 2150 eo-

415 2177 634 2275 piosa
672 2175 1162 2275 expositione
1191 2173 1506 2251 carebit.
2251 2248 2257 2254 .
2570 2217 2579 2227 ·
2655 2189 2661 2194 ’

370 2367 374 2369 Δ
622 2282 724 2354 Ut
772 2296 965 2355 vero
1010 2277 1425 2357 admiratio
1453 2277 1585 2352 ,rei
1610 2298 1946 2373 magnae
1991 2278 2347 2354 animum
2383 2293 2706 2376 tenere,

418 2394 498 2457 et
526 2379 1052 2457 delectatione
1080 2378 1585 2482 perfundere
1629 2380 1920 2480 possit,
1987 2383 2163 2482 quis
2200 2407 2446 2482 porro
2491 2408 2676 2471 non

415 2483 668 2572 videt,
725 2508 814 2566 ea
863 2485 1133 2564 omnia
1174 2510 1217 2567 a
1259 2496 1501 2587 poeta
1550 2483 1802 2559 curari
1849 2496 1928 2559 et
1977 2487 2354 2584 sagaciter
2391 2488 2678 2589 provi-

418 2587 590 2664 deri
624 2587 963 2680 debere,
1018 2618 1207 2694 quae
1253 2597 1361 2664 ad
1407 2594 1599 2663 illud
1645 2593 2024 2663 consilium
2067 2598 2467 2689 prodesse,
2537 2617 2678 2667 ea-

416 2691 579 2767 veri
625 2690 924 2771 debere
966 2716 1095 2789 ea,
1152 2722 1341 2793 quae
1381 2697 1631 2768 obesse
1661 2694 2010 2790 possint?
2078 2693 2447 2795 adeoque
2479 2708 2678 2771 ante

418 2795 691 2871 omnia
751 2793 1070 2871 lectoris
1134 2797 1494 2876 animum
1556 2802 1982 2893 argumenti
2041 2795 2332 2876 notione
2406 2805 2675 2897 aliqua

419 2922 589 2974 esse
621 2897 1188 2994 imbuendum,
1242 2914 1332 2976 ut
1366 2923 1519 2975 nec
1559 2911 1831 2972 tamen
1884 2900 2335 2992 exsatietur;
2392 2908 2467 2977 in
2513 2926 2710 2978 me-·

417 3008 625 3077 diam
660 3030 819 3076 rem
846 3031 1006 3078 esse
1035 3011 1510 3104 rapiendum,
1562 3015 1653 3076 ut
1693 3026 1844 3077 nec
1881 3014 2151 3078 tamen
2196 3029 2471 3080 rerum
2512 3030 2676 3081 no-

415 3105 608 3180 vitas
636 3101 1113 3181 obscuritate
1153 3106 1499 3196 laboret;
1554 3128 1903 3204 cumque
1940 3108 2208 3183 omnia
2248 3107 2346 3182 ad
2389 3133 2674 3185 sensus

418 3221 499 3284 et
534 3207 1089 3311 phfmtasmata>
1120 3209 1202 3284 in
1231 3209 1581 3286 carmine
1613 3208 1989 3302 redeant,
2049 3237 2307 3287 ’rerum
2333 3217 2670 3300 ,obiecta-

417 3340 583 3386 rum
614 3317 1062 3414 praestigiis
1092 3318 1205 3388 ita
1251 3318 1745 3389 deliniendum
1775 3328 1846 3388 et
1857 3318 2327 3413 fallendum,
2381 3332 2461 3392 ut
2506 3317 2673 3390 iam

416 3412 675 3490 in.alia
718 3438 992 3489 rerum
1021 3428 1298 3490 natura
1329 3428 1410 3490 et
1449 3415 1773 3511 ordine,
1828 3416 1973 3492 alia
2022 3418 2437 3516 cogitandi,
2491 3444 2672 3495 sen-

350 3549 353 3554 ·
416 3517 705 3606 tiendi,
772 3529 852 3591 et
890 3518 1176 3616 agendi
1236 3520 1357 3595 via
1407 3531 1488 3594 et
1526 3518 1870 3615 ratione,
1926 3519 2092 3596 aliis
2144 3522 2669 3623 temporibuS,

416 3623 624 3697 inter
655 3619 846 3695 alios
876 3621 1271 3717 homineS,
1326 3635 1407 3697 et
1437 3634 1646 3696 extra
1675 3647 1761 3697 se
1794 3623 2283 3726 solitumque
2313 3627 2517 3702 vitae
2545 3639 2668 3703 te-

417 3748 707 3799 norem
751 3726 1257 3821 constitutuS,
1330 3732 1403 3802 in
1434 3731 1615 3801 nihil
1661 3732 1988 3816 incidat,
2063 3753 2226 3829 quo
2286 3753 2666 3830 experge-

418 3825 666 3904 factus
713 3830 933 3928 quasi
980 3854 1071 3905 ex
1117 3852 1360 3923 aureo
1406 3829 1727 3906 somnio
1773 3837 1912 3907 sibi
1945 3839 2178 3908 lusum
2201 3838 2396 3936 fieri
2424 3843 2665 3911 anim-

590 4109 646 4190 ‘)
693 4109 974 4188 Exposita
1003 4128 1069 4167 ea
1111 4118 1255 4169 sunt
1285 4130 1318 4169 a
1362 4112 1598 4185 multis,
1652 4115 1980 4190 praese-ram
2027 4126 2225 4174 tamen
2273 4116 2428 4174 dicta
2459 4136 2490 4171 a
2522 4115 2664 4174 Su}-

416 4217 554 4256 zero
580 4197 643 4255 iu
667 4197 1079 4271 Aligememer
1125 4196 1369 4254 'I'lteorie
1418 4199 1524 4255 cler
1567 4198 1820 4257 sehiinen
1861 4202 2097 4260 Kiinste
2137 4201 2196 4260 in
2227 4222 2358 4260 voe.
2390 4201 2663 4260 Helden-
2701 4239 2724 4286 4

412 4283 696 4362 getth-hm
743 4280 851 4340 etsi
896 4282 1183 4341 nonnulla
1221 4291 1392 4356 sunt,
1463 4285 1521 4342 in
1563 4304 1821 4361 quorum
1857 4289 2075 4345 caussis
2118 4286 2445 4348 reddendis
2493 4288 2665 4347 aliter

416 4369 683 4429 sentiam.
771 4366 965 4450 Multo
999 4367 1196 4450 minus
1232 4369 1285 4427 ei
1312 4366 1728 4450 adstipulabor
1769 4372 1832 4431 in
1856 4373 2044 4433 altero
2077 4374 2244 4434 loco:
2291 4374 2532 4431 Aeneis.
