2882 5028
537 344 1154 421 AENElnos
1207 347 1420 430 LIB.
1476 348 1605 443 vl,
1662 353 2098 429 sss—902
2239 359 2429 429 1001

187 531 332 606 His
366 528 506 606 ubi
534 543 708 605 tum
737 544 1014 606 natum
1036 531 1419 607 Anchises
1443 556 1766 632 unaque
1802 533 2179 630 Sibyllam

187 635 712 733 Prosequitur
740 634 998 732 dietis,
1049 648 1443 735 portaque
1473 637 1761 711 emittit
1797 637 2131 716 eburna:

187 736 338 812 Ille
366 737 575 812 viam
604 750 815 824 secat
842 736 943 813 ad
973 739 1222 834 naviS‚
1281 740 1700 839 sociosque
1733 741 2033 833 revisit3

191 844 406 914 Tum
434 863 519 915 se
552 839 652 914 ad
682 842 992 918 Caietae
1019 855 1242 917 recto
1274 839 1434 917 fert
1464 841 1698 918 litore
1732 858 2078 943 portum.

188 947 505 1020 Ancora
536 942 638 1019 de
664 969 905 1045 prora
936 946 1249 1040 iacitur3
1300 958 1506 1021 stant
1540 944 1773 1021 litore
1803 969 2134 1051 puppes,

179 1165 198 1173 ,
294 1089 469 1162 901.
521 1103 722 1157 rna-r
779 1105 1054 1158 mmm

2286 754 2438 825 900

329 1255 434 1310 898
468 1252 546 1306 ibi
575 1253 653 1306 irr
747 1253 853 1306 isse
887 1254 1092 1307 videtur
1134 1255 1190 1308 iu
1221 1258 1393 1308 Burm.
1439 1254 1570 1307 edit.
1638 1255 1774 1307 Nam
1820 1254 2002 1308 Heius.
2050 1257 2300 1327 praetulit
2350 1257 2444 1311 ubi

190 1340 308 1374 cum
341 1324 535 1376 Medic.
572 1332 629 1374 et
716 1360 729 1375 .
769 1324 844 1391 (in
881 1326 1067 1393 quibus
1103 1326 1155 1380 5.
1188 1328 1274 1389 7.;
1306 1323 1382 1378 ibi
1414 1333 1605 1376 tenent
1632 1325 1785 1376 Rom.
1823 1335 1878 1376 et
1910 1326 2096 1393 fragm.
2131 1328 2252 1389 vat.
2295 1327 2439 1394 We.)

189 1394 293 1448 901
332 1406 481 1446 recto
516 1393 685 1444 limite
718 1395 852 1446 Ven.
904 1395 1159 1447 Montalb.
1209 1412 1307 1464 pro
1358 1396 1484 1446 Var.
1531 1395 1680 1445 Lect.
1726 1394 1900 1462 Bigot.
1953 1404 2009 1445 et
2055 1395 2215 1449 Witt.
2234 1434 2250 1461 ,
2286 1396 2342 1448 h.
2392 1415 2439 1450 e.

187 1471 333 1513 recta
367 1460 478 1527 via,
513 1462 655 1532 quod
692 1480 782 1514 cur
817 1464 1000 1516 Heius.
1035 1474 1089 1516 et
1126 1467 1296 1516 Burm.
1329 1480 1434 1516 nou
1469 1462 1767 1529 receperint
1800 1463 1994 1528 miror,
2028 1482 2140 1516 cum
2174 1465 2303 1517 alibi
2336 1466 2439 1516 mi-

190 1548 287 1584 nus
323 1532 469 1598 gravi
502 1531 817 1583 auctoritate
851 1533 1113 1602 vulgatam
1143 1533 1474 1586 mutaverint.
1542 1534 1743 1601 Lapsus
1777 1532 1982 1585 librarii
2015 1533 2070 1584 in
2103 1545 2313 1603 promtu
2340 1545 2440 1601 est,

189 1600 246 1650 iu
266 1600 521 1669 -vulgata',
556 1602 736 1653 litore.
806 1603 1147 1673 (Quamquam
1178 1604 1342 1656 litore
1374 1620 1406 1653 c
1437 1602 1678 1670 proximo
1711 1620 1787 1655 vs.
1822 1602 1924 1653 huc
1968 1602 2204 1672 irrepere
2245 1603 2441 1673 potuit,

187 1681 399 1732 tamen,
448 1687 605 1738 quum
649 1672 1128 1752 praestantissimus
1177 1673 1428 1741 quisque,
1475 1672 1530 1723 iu
1583 1671 1768 1740 quibus
1819 1672 2012 1724 Medic.
2058 1675 2209 1725 Rom.
2253 1675 2440 1741 fragm.

191 1741 338 1799 Vat..
372 1739 508 1792 hanc
540 1740 825 1791 lectionem
852 1752 1085 1809 tueatur,
1121 1742 1314 1805 limite,
1362 1741 1505 1810 quod
1539 1750 1621 1792 est
1654 1739 1709 1791 in
1743 1741 2065 1810 paucissimis
2100 1760 2196 1794 nec
2229 1742 2441 1812 optimis

189 1808 382 1872 codd..
430 1827 526 1878 pro
563 1808 1029 1891 interpretamento
1077 1822 1158 1862 est
1188 1811 1501 1863 habendum.
1569 1811 1639 1861 Et
1686 1823 1834 1862 recto
1879 1812 2068 1874 litore,
2114 1810 2152 1862 i.
2202 1830 2250 1864 e.
2296 1822 2442 1864 recta

186 1879 474 1931 secundum
509 1878 634 1929 litus
667 1896 780 1942 ναις
818 1882 954 1944 v111,
988 1881 1099 1934 57.:
1136 1883 1289 1950 „lpse
1326 1896 1425 1948 ego
1460 1890 1519 1930 te
1565 1879 1747 1949 ripis
1797 1890 1854 1930 et
1893 1889 2090 1931 recto
2144 1881 2442 1932 flumine

186 1948 431 1999 ducam.“
464 1949 578 2000 Liv.
614 1949 769 2011 XXI,
804 1949 919 2005 51.:
960 1951 1215 2013 „Postero
1251 1950 1339 2000 die
1373 1950 1642 2019 profectus
1678 1949 1966 2000 adversa
2001 1949 2156 2019 ripa
2194 1949 2444 2002 Rhodani

185 2017 573 2069 mediterranea
607 2017 811 2069 Galliae
843 2018 1029 2087 petit.“
1102 2019 1259 2082 Quod
1305 2018 1355 2069 si
1404 2018 1487 2070 cui
1522 2018 1730 2085 ingrata
1764 2017 1968 2069 videtur
2007 2017 2139 2070 baec
2173 2019 2441 2085 repetitio,

186 2097 250 2138 ut
280 2086 385 2138 fuit
427 2085 677 2152 Heinsio,
723 2088 848 2155 quid
894 2088 1141 2140 faciemus
1190 2087 1445 2140 eiusmodi
1490 2103 1673 2153 versu,
1719 2087 1886 2155 qualis
1934 2086 2128 2154 legitur
2174 2089 2291 2152 VH,
2338 2091 2444 2145 653

187 2173 304 2224 sq.:
341 2155 596 2225 „dignus,
631 2157 816 2224 patriis
851 2157 941 2224 qui
976 2158 1167 2209 laetior
1204 2169 1345 2209 esset
1377 2157 1646 2226 Imperiis,
1693 2165 1749 2207 et
1800 2157 1882 2208 cui
1932 2165 2087 2225 pater
2133 2157 2274 2208 haud
2318 2160 2445 2209 Me-

187 2225 395 2276 zentius
430 2230 650 2278 essec:“
683 2225 821 2277 adde
860 2228 972 2291 VII,
1008 2229 1109 2283 179
1143 2244 1222 2295 sq.
1257 2227 1398 2289 vm,
1432 2223 1537 2281 242
1572 2243 1670 2294 sq„
1703 2227 1808 2281 396
1842 2244 1921 2293 sq.
1969 2225 2147 2294 ibique
2195 2227 2342 2281 Iabn.
2389 2237 2445 2278 et

187 2294 300 2345 vid.
337 2297 405 2346 V.
441 2296 503 2347 L.
539 2295 607 2347 ad
641 2297 709 2357 V,
757 2297 874 2350 181.
943 2298 1125 2365 Itaque
1171 2295 1415 2347 revocavi
1462 2295 1641 2347 litore.
1689 2323 1757 2334 —
1818 2297 1939 2349 902.
1991 2295 2281 2361 Ans-hora,
2328 2314 2445 2348 cum

185 2362 583 2432 adspiratione.
636 2363 882 2415 scribitur
925 2364 1251 2429 inmedic„
1303 2374 1360 2415 et
1406 2364 1742 2432 superaddita
1790 2374 1873 2415 est
1905 2365 1944 2416 Ιι
1977 2364 2030 2416 in
2066 2366 2252 2435 fragm.
2289 2369 2443 2428 ναις

186 2433 437 2485 anchora
470 2432 526 2484 in
560 2433 746 2485 eodem
779 2433 972 2487 Medic.
1006 2452 1167 2501 supra
1211 2434 1402 2501 legitur
1450 2434 1542 2497 111,
1586 2436 1708 2487 277.
1730 2471 1744 2496 ,
1791 2434 1887 2485 sed
1936 2436 1977 2500 1,
2029 2437 2147 2490 169.
2221 2454 2445 2501 ancora,

188 2520 501 2571 quamquam
537 2502 776 2585 ati-hunc
808 2502 982 2571 ipsum
1028 2503 1200 2556 locum
1245 2503 1376 2555 haec
1422 2501 1608 2553 scribit
1658 2502 1897 2554 Servius:
1949 2506 2261 2567 „Anchem-
2330 2507 2445 2559 Hoc

184 2589 381 2623 nomeu
421 2590 573 2641 quum
608 2588 663 2622 m
698 2574 936 2634 Graeco,
964 2573 1103 2624 unde
1123 2573 1393 2642 ,originem
1426 2571 1604 2636 ducit,
1647 2571 2057 2640 adspirationem
2092 2591 2198 2626 non
2234 2574 2445 2641 habeat,

186 2641 246 2692 in
283 2641 476 2693 Latino
507 2641 858 2711 adspiratur.“
896 2643 1042 2711 Wr.)

185 2782 384 2842 Statio
413 2783 816 2844 memorabam
845 2783 1086 2863 falsum
1122 2782 1278 2841 diem

188 2869 269 2928 de
304 2869 533 2947 Elysio:
588 2872 667 2929 In
719 2891 836 2950 quo
882 2869 1069 2947 falsa
1111 2871 1237 2927 dies
1251 2890 1278 2928 .·

184 2974 319 3015 nou
352 2966 534 3014 verus
550 3000 568 3031 ,
614 2954 719 3014 sed
765 2955 968 3014 similis
996 2951 1140 3013 huic
1160 2974 1276 3012 no·
1307 2974 1310 2977 ·

186 3048 322 3099 stro
355 3040 499 3116 diei,
545 3051 755 3101 nostro
787 3041 949 3100 caelo
969 3084 986 3115 ‚
1023 3040 1277 3098 assimu-

186 3126 386 3203 latus5
414 3146 538 3185 non
560 3135 758 3186 autem
767 3126 953 3206 salsa
978 3128 1279 3184 insomnia

189 3219 337 3273 sant
365 3212 646 3289 fallentia,
674 3213 923 3287 somnia,
958 3231 1110 3289 quae
1134 3210 1280 3269 salsa

186 3316 401 3358 rerum
461 3299 654 3378 specie
707 3297 994 3357 illudunt.
1079 3297 1282 3355 Inter-

187 3391 473 3464 pretatur
503 3385 704 3443 locum
735 3384 960 3441 Statius
997 3383 1038 3441 1.
1071 3402 1121 3440 e.
1153 3384 1279 3447 288

189 3468 461 3548 Epicedii
515 3471 578 3529 in
638 3477 867 3549 patrem
897 3491 912 3526 ε
979 3475 1279 3547 precatur,

190 3564 267 3615 ut
305 3574 366 3612 se
392 3556 579 3633 patris
619 3556 833 3615 umbra
862 3570 970 3633 per
1003 3572 1280 3612 somnum

187 3640 445 3700 invisat:
489 3642 638 3699 Inde
670 3654 870 3700 tamen
907 3636 1010 3718 (ex
1051 3636 1276 3718 Elysio)

189 3730 408 3786 venias
426 3771 444 3799 ‚
492 3728 702 3785 melior
722 3747 845 3806 qua
882 3735 1061 3802 porta
1087 3725 1278 3781 mali-

186 3832 390 3889 gnum
438 3812 663 3870 Comen
707 3814 893 3870 vincit
939 3804 1082 3867 ebur
1118 3805 1280 3888 (vult

191 3917 337 3976 ergo
363 3906 598 3976 patrem
637 3898 866 3977 ipsum,
908 3913 1115 3955 veram
1155 3893 1280 3951 eius

192 3982 479 4044 umbram
501 4002 562 4042 se
584 4002 692 4063 per
709 4001 983 4041 somnum
1000 3977 1279 4060 invisere)

197 4072 512 4148 somnique
564 4072 629 4128 in
661 4070 953 4147 'imagine
991 4077 1276 4140 mensim,

1371 2782 1545 2858 Quae
1577 2781 1788 2840 solitus
1823 2778 1927 2863 (sc.
1975 2801 2105 2842 eras
2138 2792 2443 2843 monstra-

1360 2886 1428 2926 re
1459 2914 1477 2943 ,
1537 2865 1682 2926 dum
1747 2865 2038 2949 vivebas.)
2123 2868 2248 2926 Nec
2297 2888 2444 2929 vero

1361 2951 1437 3010 ad
1489 2962 1700 3031 poetae
1746 2953 2057 3013 consilium
2092 2954 2217 3013 ullo
2261 2956 2444 3014 modo

1359 3037 1672 3097 referenda
1707 3047 1849 3097 sunt
1868 3083 1886 3115 ,
1930 3057 2082 3117 quae
2133 3038 2260 3114 hic,
2304 3059 2446 3120 my-

1361 3122 1510 3181 thici
1538 3132 1774 3193 tantum
1807 3134 2055 3183 ornatus
2086 3144 2323 3200 caussa,
2370 3125 2446 3184 de

1363 3209 1609 3267 somniis
1644 3230 1689 3267 s.
1729 3209 1957 3269 umbris
1983 3210 2140 3269 veris
2168 3230 2240 3269 ac
2265 3211 2446 3289 falsis,

1364 3294 1613 3354 adiecit:
1658 3315 1730 3352 ac
1758 3296 1802 3354 si
1847 3296 2007 3354 falsis
2050 3316 2118 3355 ac
2154 3296 2307 3357 fictis
2344 3317 2447 3355 ac·

1365 3381 1593 3440 censeri
1623 3381 1771 3440 velit
1811 3381 1934 3460 ipse
1974 3400 2073 3457 ea,
2132 3402 2284 3461 quae
2335 3384 2448 3443 ad-

1363 3465 1488 3525 huc
1553 3476 1923 3527 narraverat.
2025 3471 2194 3526 viam
2259 3482 2442 3543 secat,

1363 3550 1603 3630 τέμνειν
1657 3550 1844 3626 ὁδὸν,
1912 3562 2059 3612 nota
2100 3573 2225 3631 res;
2278 3553 2450 3633 quasi

1364 3637 1532 3697 sulco
1553 3636 1776 3717 pedum
1804 3637 1985 3698 ducto
1999 3682 2016 3713 ,
2056 3653 2209 3698 recto
2231 3641 2443 3714 limile,

1365 3720 1673 3802 (revocavi
1699 3725 1887 3782 litore.
1937 3726 2043 3785 W
2032 3724 2114 3802 r.)
2172 3734 2242 3784 ut
2282 3733 2450 3783 recta

1362 3807 1483 3867 via.
1542 3808 1665 3868 vid.
1731 3809 1871 3870 Var.
1935 3811 2094 3869 Lect.
2179 3809 2447 3869 Tandem

1364 3893 1726 3974 Pomponius
1760 3896 1896 3956 sab.
1954 3897 2100 3971 „Sic
2126 3896 2278 3970 finit
2304 3897 2449 3954 Ho-

1364 4000 1558 4037 merus
1588 3981 1694 4038 lib.
1737 3983 1845 4041 X!
1881 3979 2122 4063 (Odyss.
2151 3979 2211 4064 λ)
2255 3993 2311 4039 οι
2345 3981 2449 4040 Si·-

1363 4064 1484 4123 lius
1512 4066 1742 4129 XlV.“
2249 4106 2257 4113 ·
