2882 5028
479 432 1089 511 AENEIDOS
1149 434 1360 510 LIB.
1416 436 1512 530 V,
1568 441 2009 516 720—737

147 617 608 696 Debellanda
640 620 785 696 tibi
818 622 1043 697 Latio
1080 635 1216 696 est.

2218 442 2366 516 817

1320 620 1520 696 Ditis
1555 633 1822 698 tamen
1856 636 2039 698 ante

146 718 474 798 Infernas
506 722 806 800 adcede
838 722 1168 819 domm,
1227 737 1308 799 et
1332 729 1646 800 Averna
1675 749 1826 825 per
1860 725 2016 801 alta

149 826 605 924 congressus
672 840 860 928 pete
896 890 916 921 ,
1005 842 1186 905 nate
1219 889 1240 925 ‚

1321 850 1569 905 meos,
1689 832 1872 905 Noti
1956 853 2090 907 me
2158 832 2370 932 inpia

1276 954 1627 1031 namque

150 1033 437 1108 Tanai-a
496 1033 798 1111 habent
831 1095 852 1131 ‚
932 1035 1290 1111 tristesve
1355 1033 1745 1129 umbrae3
1815 1035 1959 1112 sed
2033 1060 2369 1115 amoena

146 1237 464 1316 Concilia
496 1239 1009 1341 Elysiumque
1038 1239 1240 1319 colo,
1341 1243 1519 1316 Huc
1554 1254 1757 1317 easta
1789 1240 2077 1339 Sibylla

1277 1137 1600 1238 piorum

2214 1248 2366 1324 735

140 1340 530 1438 Nigrarum
562 1343 820 1418 multo
849 1343 1261 1444 pecudum
1288 1354 1369 1420 te
1399 1346 1780 1443 sanguine
1811 1343 2069 1423 ducet.

142 1445 326 1520 Tum
357 1468 612 1544 genus
648 1471 895 1523 omne
944 1459 1214 1543 tuum,
1271 1459 1387 1543 et,
1444 1473 1648 1549 quae
1695 1448 1988 1526 dentur
2024 1448 2365 1541 moenia,

218 1658 382 1733 734.
439 1675 764 1730 mswts
782 1611 1122 1729 ‘omnm

1277 1549 1549 1629 disces,

248 1860 343 1914 731
382 1874 469 1913 est
504 1863 660 1916 abest
710 1881 741 1913 a
787 1863 920 1914 Ven.
959 1872 1015 1915 et
1064 1861 1225 1916 Goth.
1270 1880 1375 1914 sec.
1423 1860 1550 1928 (vid.
1606 1863 1671 1927 Q.
1725 1862 1791 1914 V.
1846 1862 1971 1924 XV,
2020 1862 2072 1925 7,
2119 1878 2166 1912 a.
2219 1860 2365 1927 Wr.)

131 1927 280 1979 Dictis
310 1930 537 1983 Dorvin.
611 1944 791 1984 tamen
826 1945 996 1984 antea
1032 1934 1178 1984 Ditis
1211 1932 1347 1984 alter
1396 1931 1582 1983 Hamb.

495 2002 607 2057 733
641 2000 942 2070 Amplexus
984 2000 1223 2071 plerique
1269 2000 1407 2053 Pier.
1450 2011 1505 2052 et
1537 2000 1642 2051 duo
1679 1998 1859 2050 Heius.
1931 1999 2247 2070 Complexus
2280 2017 2366 2052 nn.

129 2010 155 2043 8
184 2013 244 2047 m.
274 2016 357 2067 pl*-

1735 1930 1841 1986 732
1891 1930 2126 1983 accende
2171 1930 2362 1982 Medic.

125 2063 270 2119 Goth.
298 2087 391 2120 sex
426 2071 617 2122 Heius.
653 2089 779 2122 nnus
815 2072 988 2124 Burin.
1025 2072 1161 2138 (cum
1196 2072 1247 2125 2.
1281 2072 1334 2125 7.
1372 2072 1420 2123 8.
1463 2072 1547 2124 10.
1589 2072 1674 2121 W
1667 2070 1735 2150 r.)
1793 2070 1919 2151 'Duo
1956 2068 2047 2120 alii
2085 2069 2365 2140 Comples-

127 2150 224 2185 SUS-

352 2140 460 2195 734
498 2142 698 2193 tristes
731 2138 951 2192 umbrae
984 2141 1120 2191 bene
1154 2140 1336 2192 Heius.
1370 2156 1485 2191 curn
1535 2137 1906 2207 antiquissimis
1959 2137 2093 2189 Pier.
2143 2149 2196 2189 et
2239 2138 2365 2190 suis.

124 2202 173 2252 In
200 2206 386 2260 Medic.
422 2228 456 2261 a
493 2228 565 2261 m.
601 2228 705 2261 sec.
742 2228 809 2261 ve
840 2208 1124 2270 insertum3
1175 2219 1229 2260 et
1263 2209 1339 2260 sic

121 2274 192 2334 8.;
224 2287 377 2345 atque
413 2279 523 2331 hoc
561 2277 769 2349 recepi3
818 2277 924 2330 vid.
973 2282 1039 2342 Q.
1090 2281 1159 2333 V.
1209 2279 1381 2329 XXX
1435 2280 1474 2339 1,
1526 2277 1609 2330 11.
1669 2276 1810 2344 Wr.)

1421 2208 1591 2259 lares:
1643 2210 1914 2259 triscesve.
1961 2206 2058 2275 (ita
2107 2206 2263 2258 etiam
2313 2208 2365 2262 3.

1895 2278 1974 2328 Ita
2031 2274 2250 2329 umbrae
2297 2276 2365 2329 do

120 2339 335 2398 locorum
383 2347 683 2400 inferorum
730 2349 898 2401 ultera
939 2357 1093 2417 parte
1140 2365 1254 2399 cum
1312 2346 1535 2416 Speucio
1593 2345 1898 2416 accipienda
1947 2354 2105 2399 esset.
2174 2345 2362 2415 Vulgg.

118 2412 409 2485 tristesque.
448 2418 549 2487 (ita
585 2418 780 2478 Palam
817 2427 872 2468 et
908 2417 1011 2469 boo
1043 2426 1357 2470 revocarunt
1400 2414 1621 2468 Bothius
1669 2426 1724 2466 et
1768 2414 1995 2466 Iahnius.
2049 2414 2196 2481 Wr.)
2268 2417 2368 2467 sed

117 2498 208 2534 am.
241 2487 485 2544 colorum
519 2504 607 2559 pr.
644 2488 829 2541 Hamb.
867 2505 897 2540 a
930 2505 997 2538 m.
1033 2504 1168 2553 sec„
1214 2504 1281 2539 an
1316 2486 1558 2539 locorum
1602 2482 1809 2536 voluit?

118 2561 218 2603 tum
251 2556 333 2609 ed.
371 2558 512 2611 lunt.
578 2559 855 2630 pecudum
890 2576 1008 2609 cum
1043 2559 1177 2609 Veu.

119 2743 264 2804 Gens
305 2749 506 2827 dura,
560 2749 705 2810 vide
754 2749 863 2808 inf.
906 2750 1010 2825 IX,
1070 2753 1195 2815 603

110 2857 183 2875 -·
213 2836 353 2900 613.
426 2838 682 2915 Aspera
741 2837 906 2895 cultu
933 2880 952 2909 ,
1044 2854 1196 2912 quae

112 2914 282 2994 cultu,
325 2919 577 2997 habitu,
622 2922 748 2981 vita
783 2940 1007 2999 aspera,
1045 2922 1193 2996 fera,

111 2999 302 3065 utitur.
396 3008 482 3067 Ut
512 3006 683 3086 apud
713 3006 1032 3067 Horatium
1062 3006 1199 3084 firi

108 3087 285 3147 cultus
328 3091 663 3151 hominum
701 3104 997 3151 recentum
1045 3092 1193 3152 dicti

107 3180 264 3235 sunt:
303 3174 352 3254 I,
387 3182 493 3255 10,
526 3183 593 3242 2.
624 3177 732 3240 ubi
759 3179 834 3237 ci.
866 3176 1195 3238 Mitscherl.

178 3349 576 3415 731—737.
619 3347 816 3407 Huius
858 3346 937 3406 ad
975 3347 1198 3407 inferos

96 3427 285 3492 aditus
305 3436 519 3515 prima
543 3434 771 3493 semina
792 3434 912 3492 iam
951 3432 1054 3493 lib.
1096 3433 1195 3509 111,

96 3512 208 3584 441
232 3539 363 3599 sqq.
396 3522 465 3580 in
512 3520 733 3581 Heleni
776 3518 1063 3580 vaticinio
1103 3518 1196 3577 io-

95 3613 282 3681 cerat3
338 3627 521 3668 nuuc
575 3605 779 3686 paullo
820 3605 1044 3663 maiore
1080 3622 1192 3662 ox·-

92 3690 431 3763 pentatione
459 3692 718 3752 lectoris
757 3690 1023 3750 animum
1072 3690 1196 3750 eri-

87 3771 187 3849 git·
272 3777 459 3838 Dicas
506 3779 702 3839 sorte:
760 3777 908 3855 quid
950 3776 1231 3835 tandem-

90 3876 319 3922 necesso
345 3865 512 3939 suit,
565 3873 640 3923 ut
676 3864 902 3923 Aeneas
938 3861 1017 3920 ad
1064 3862 1198 3921 locs.

89 3938 275 4004 infera
302 3992 323 4024 ‚
398 3960 481 4010 ut
547 3950 903 4008 conveniret
960 3956 1195 4026 patrem

85 4045 451 4111 vocaretur,
506 4055 655 4094 cum
689 4044 864 4113 pater
905 4031 1026 4092 boc
1063 4033 1193 4112 ipso

86 4118 315 4177 somnio
348 4141 426 4179 ac
461 4120 606 4180 viso
634 4139 878 4180 monere
912 4129 973 4179 et
1006 4138 1197 4198 expo-

81 4218 219 4261 nere
274 4204 399 4285 ipsi
464 4205 681 4264 omnia
726 4205 826 4264 iua
878 4204 942 4263 in
998 4204 1195 4285 Elysio

81 4282 355 4348 docenda
414 4291 747 4370 potuisset.
808 4349 819 4356 ,
857 4290 1072 4349 Caussa
1134 4291 1199 4350 in

75 4382 328 4448 promtu
354 4383 484 4435 est:
536 4394 655 4436 nec
682 4377 748 4435 in
774 4375 906 4436 viso
942 4386 1199 4435 noctur-

77 4476 153 4516 no
184 4466 319 4519 tam
356 4460 621 4541 amplus
657 4480 862 4521 rerum
906 4460 1056 4521 ordo
1095 4479 1198 4520 ro—

175 4561 517 4638 VmGu.
582 4560 793 4637 ΤοΜ.
845 4561 940 4638 11.

1961 2485 2068 2541 736
2113 2484 2364 2556 Nigran-

1317 2557 1420 2612 737
1463 2557 1546 2608 Tu
1578 2574 1636 2625 g.
1671 2553 1834 2607 Goth.
1869 2562 1991 2606 tert.

1282 2757 1378 2809 cte
1394 2748 1614 2828 exponi
1641 2745 1963 2827 potuisset,
2007 2755 2069 2806 et
2102 2745 2363 2806 excidis-

1280 2845 1414 2894 sent
1444 2844 1571 2894 tum
1602 2833 1704 2892 illa
1752 2834 1949 2891 omnia
1964 2875 1983 2908 ,
2027 2831 2242 2910 quibus
2284 2832 2363 2891 li-

1277 2921 1385 2980 ber
1426 2921 1506 2980 vl
1545 2919 1620 2978 de
1674 2919 1961 2978 descensu
2017 2917 2096 2975 a'd
2141 2918 2364 2978 inferos
2447 2931 2454 2937 '

1276 3005 1439 3065 iuter
1466 3006 1731 3085 potiores
1760 3012 1822 3062 et
1861 3002 2184 3062 diviniores
2224 3023 2363 3062 car-

1277 3091 1455 3151 minis
1474 3098 1674 3171 partes
1697 3088 1903 3148 haberi
1924 3088 2162 3148 meruit.
2208 3085 2285 3169 (N
2287 3109 2363 3150 u-

1278 3185 1552 3236 meratur
1603 3175 1670 3234 in
1725 3173 1999 3256 partibus
2062 3173 2362 3253 Odysseae

1275 3260 1700 3342 insignioribus
1726 3262 2175 3341 νεκυομαντεία.
2239 3261 2363 3322 [am

1279 3347 1589 3426 Virgilius,
1636 3345 1702 3405 in
1748 3345 1841 3405 sui
1897 3346 2095 3425 operis
2137 3344 2361 3406 descri-

1276 3433 1484 3514 ptione
1548 3432 1877 3513 plurimum
1953 3450 2031 3491 ex
2095 3430 2360 3494 Homero

1274 3519 1575 3599 pendens,
1631 3517 1797 3577 hunc
1834 3516 2069 3594 locum,
2137 3517 2216 3577 ad
2254 3539 2361 3579 or-

1279 3604 1549 3665 nandum
1570 3623 1811 3663 carmen
1834 3603 2105 3683 inprimis
2132 3613 2359 3684 aptum,

1278 3711 1402 3751 non
1432 3691 1674 3772 putavit
1698 3689 1808 3749 sibi
1838 3691 2359 3768 praetereundum.

1278 3775 1444 3836 Haec
1484 3775 1632 3836 mihi
1686 3775 1927 3853 quidem
1977 3795 2125 3836 vera
2177 3778 2361 3837 fuisse

1277 3882 1458 3922 causa
1481 3862 1587 3938 rei,
1608 3881 1789 3939 quam
1812 3862 2050 3942 quaerit
2069 3862 2357 3943 Heynius,

1276 3950 1541 4009 videtur.
1592 3945 1769 4028 Wr.)
1869 3948 2114 4008 Averna
2132 3993 2151 4022 ,
2195 3951 2356 4009 sorte

1282 4043 1525 4114 stagna,
1567 4034 1687 4093 iam
1724 4030 1951 4093 ibidem
1989 4033 2249 4093 vidimus
2293 4053 2354 4094 v.

1281 4119 1409 4184 442
1438 4140 1553 4199 pro
1593 4118 1730 4179 lacu
1764 4119 2008 4179 Averno
2020 4140 2039 4196 3
2081 4129 2154 4179 ut
2197 4122 2354 4177 Tar·-

1280 4218 1449 4265 tarus
1500 4215 1563 4264 et
1631 4208 1913 4266 Tartara.
1975 4205 2131 4263 conf.
2183 4205 2351 4264 Serv.

1278 4292 1424 4357 785.
1468 4311 1527 4352 v.
1553 4290 1659 4351 inf.
1684 4290 1783 4366 vl,
1821 4289 1949 4356 243
1986 4306 2107 4366 seq.
2207 4291 2351 4352 737.

1278 4394 1341 4436 v.
1424 4375 1569 4435 ibid.
1663 4377 1790 4442 756
1866 4393 2002 4452 sqq.
2115 4375 2351 4436 moenia

1274 4459 1418 4520 ibid.
1465 4464 1611 4529 782.

1834 4554 1936 4628 52
