2882 5028
493 374 1337 453 TRACTATARUM
1443 375 2086 455 INVENTIONE
2344 385 2443 460 43

193 561 417 663 psodo
458 563 870 639 insertum
929 571 1150 661 esse)
1221 560 1563 657 samam,
1637 575 1728 637 ut
1786 561 2027 659 solet,
2098 564 2446 665 aliquam

193 665 313 745 illo
360 681 729 768 tempore
794 668 1327 786 superstitem
1389 691 1481 741 ea
1544 665 1647 743 de
1715 691 1804 742 re
1861 681 2244 767 sequutus
2290 683 2445 761 est3

188 772 313 847 nisi
352 768 612 846 forte
592 794 776 871 lpse
824 769 913 845 in
950 770 1373 847 itineribus
1411 770 1569 846 suis
1609 770 1690 847 in
1723 782 2092 892 posteros
2128 777 2448 850 Aeneae

183 873 453 954 incidit.
555 874 856 951 Fuisse
914 898 1265 972 regnum
1332 872 1530 951 illud
1592 875 1672 949 in
1730 899 1820 951 ea
1884 875 2049 974 ipsa
2101 875 2446 972 Troade,

177 978 253 1053 in
300 1003 453 1078 qua
493 978 880 1054 Priamus
927 991 1433 1075 regnaverat,
1490 1002 1581 1055 ea
1633 991 1754 1053 est
1789 976 2226 1053 verborum
2273 1003 2447 1055 sen-

174 1084 444 1178 tentia,
500 1104 720 1182 quae
772 1080 1233 1177 legentibus
1281 1081 1551 1156 locum
1595 1083 1851 1181 prima
1897 1082 2277 1172 occurrit3
2341 1096 2447 1158 at-

171 1210 329 1284 que
383 1186 489 1259 ita
542 1197 877 1260 veteres
933 1184 1208 1261 locum
1273 1197 1458 1259 sunt
1485 1185 1987 1287 interpretati
2047 1194 2149 1282 (v.
2196 1185 2446 1266 Strab.

167 1292 372 1383 xm,
420 1314 504 1407 p.
549 1297 714 1368 608
763 1289 855 1372 C,
911 1296 1064 1368 906
1112 1293 1205 1384 A,
1258 1286 1600 1386 Almel..)
1707 1291 2006 1365 Ornata
2050 1290 2285 1364 etiam
2333 1304 2452 1367 est

168 1393 516 1467 narratio
559 1389 793 1491 apud
840 1391 1107 1471 Schol.
1153 1391 1253 1467 ad
1295 1415 1361 1469 e.
1403 1388 1453 1470 l.
1500 1417 1592 1466 ex
1634 1392 2033 1470 Acusilao:
2097 1392 2238 1468 ubi
2283 1419 2452 1471 me-

167 1509 536 1570 moratur
598 1499 893 1573 Venus
943 1509 1281 1596 propter
1327 1494 1489 1570 hoc
1553 1497 1813 1599 ipsum
1876 1488 2056 1572 cum
2105 1496 2449 1574 Anchise

173 1624 350 1675 esse
423 1620 909 1718 congressa,
979 1597 1203 1699 quod
1269 1598 1660 1695 audierat,
1726 1591 1979 1674 fatale
2042 1623 2249 1695 esse,
2333 1614 2447 1693 ut,

170 1702 598 1780 Priamidis
643 1700 958 1799 excisis,
1008 1724 1352 1800 regnum
1382 1704 1670 1780 Troiae
1708 1702 1810 1778 ad
1860 1702 2246 1780 Anchisae
2284 1705 2452 1778 stir-

170 1832 366 1907 pem
428 1803 880 1907 aliquando
920 1806 1239 1884 rediret.
1342 1812 1548 1885 Nato
1595 1808 1864 1907 itaque
1908 1810 2212 1898 Aenea,
2269 1832 2450 1882 cum

174 1911 246 1985 ei
308 1909 557 1986 vellet
611 1930 965 2005 regnum
1008 1911 1391 1986 maturius
1435 1935 1753 2011 parare,
1817 1909 2079 1985 Paridi
2127 1910 2452 1986 illane-

169 2013 407 2089 lenae
454 2036 840 2088 amorem
887 2012 1289 2089 instillavit
1331 2013 1800 2115 bellumque
1858 2016 2309 2110 concitavit,
2361 2027 2452 2090 ut

170 2119 471 2193 Priami
521 2117 765 2215 stirps
826 2128 1052 2192 tanto
1113 2116 1448 2194 celerius
1491 2116 2005 2197 excideretur.
2068 2122 2452 2212 Fuerunt,

177 2223 356 2320 qui,
431 2245 629 2295 cum
677 2226 1041 2295 Aeneam
1095 2222 1174 2295 in
1223 2221 1389 2297 aliis
1432 2221 1700 2321 potius
1745 2222 2008 2313 terriS,
2078 2248 2321 2322 quam
2368 2222 2452 2297 in

172 2323 299 2399 Ilii
352 2323 538 2399 solo
608 2327 930 2422 aequati
986 2325 1267 2420 ruinis,
1346 2347 1688 2423 regnum
1747 2281 2197 2402 condidisse
2251 2325 2455 2400 mal-

174 2426 383 2523 lent,
445 2425 1083 2527 interpolatione
1144 2427 1345 2504 facta
1402 2461 1801 2510 nai-reamur
1861 2453 2008 2528 pro
2066 2430 2453 2531 Τρωεσσιν,

172 2533 259 2606 in
305 2556 492 2607 suas
518 2544 813 2631 partes
852 2546 1181 2632 poetam
1227 2531 1638 2609 traherent
1655 2541 1752 2629 ²0¹).
1859 2531 2008 2608 Alii
2050 2532 2450 2608 diversum

177 2635 285 2711 ab
339 2634 748 2714 Anchisae
814 2638 1313 2740 Venerisque
1364 2635 1538 2712 filio
1598 2640 1956 2711 Aeneam
1998 2633 2251 2712 fuisse
2298 2650 2457 2751 sta-

176 2739 561 2832 tuebant3
652 2752 881 2814 erant
934 2765 1304 2841 quoque,
1372 2735 1510 2841 qui
1578 2738 1681 2815 de
1734 2750 1957 2839 patre
2018 2740 2224 2814 male
2284 2736 2459 2815 me-

175 2856 603 2918 moratum
656 2841 1056 2938 dicerent,
1109 2844 1330 2944 quod
1380 2844 1481 2918 ad
1525 2843 1945 2919 Ascanium
1987 2856 2192 2918 esset
2226 2867 2444 2919 revo-

194 2945 583 3035 candum3
643 2945 776 3021 alii
816 2945 1167 3049 denique
1200 2954 1559 3022 Aeneam
1605 2945 1845 3022 rebus
1896 2947 1977 3021 in
2015 2946 2230 3023 Italia
2277 2970 2462 3022 con-

186 3049 480 3125 stitutis
522 3050 859 3125 Troiam
909 3075 1079 3127 esse
1134 3067 1545 3128 reversum
1594 3074 1684 3126 ex
1743 3049 2038 3126 eodem
2092 3050 2228 3127 illo
2276 3050 2461 3126 loco

188 3154 338 3229 sibi
398 3168 1003 3254 persuaserant„
1053 3181 1123 3232 v,
1172 3156 1491 3251 Dionys.
1540 3153 1782 3234 Halic.
1831 3158 1928 3245 I,
1968 3162 2091 3236 53.
2200 3159 2463 3249 Quam
2543 3175 2550 3194 ⁴

192 3257 603 3336 celebrata
649 3258 864 3335 inter
911 3272 1223 3338 veteres
1271 3272 1350 3335 et
1392 3256 1686 3334 nobilis
1735 3256 2013 3334 debuit
2061 3282 2230 3334 esse
2281 3283 2463 3333 nar-

195 3363 440 3458 ratio,
509 3386 723 3463 quae
780 3388 967 3440 cum
1013 3376 1227 3439 tanta
1260 3361 1746 3464 'opinionum
1799 3362 2171 3438 varietate
2222 3363 2302 3438 in
2355 3361 2466 3436 di-

201 3490 461 3542 versas
498 3478 770 3566 partes
809 3475 1312 3548 tractaretur!

410 3569 701 3647 Strabo
758 3569 1102 3672 quidem
1152 3570 1450 3670 vulgari
1501 3569 1931 3645 narrationi
1991 3568 2094 3645 de
2146 3575 2466 3646 Aeneae

222 3675 602 3752 erroribus
644 3688 727 3751 et
757 3672 1038 3752 Italiae
1084 3672 1300 3751 aditu
1340 3673 1676 3750 omnino
1715 3694 2162 3772 repugnare
2196 3672 2468 3750 locum

224 3779 717 3857 Homericum
764 3777 1305 3864 existimabat3
1376 3778 1459 3852 in
1519 3776 1674 3852 hoc
1718 3776 1935 3853 enim
1981 3777 2245 3878 innui,
2304 3781 2469 3854 Ἀε-

228 3904 424 3960 neam
451 3884 550 3962 ad
583 3885 939 3962 Troiam
974 3888 1087 3976 (ἐν
1111 3886 1204 3980 τῇ
1242 3885 1510 3980 Τροίᾳ)
1548 3879 1953 3967 mansisse,
2006 3881 2088 3956 in
2127 3904 2469 3977 regnum

219 3993 645 4070 successisse
710 3988 990 4088 idque
1044 3985 1378 4083 posteris
1439 3983 1598 4058 suis
1662 3982 2097 4084 reliquisse.
2202 3984 2474 4063 Potuit
2539 4053 2550 4061 .

319 4266 369 4346 Ἴ
411 4284 513 4346 ap.
564 4253 911 4322 strabou.
955 4244 999 4303 l.
1042 4243 1082 4303 1.
1122 4263 1181 4324 p.
1224 4247 1351 4310 906
1395 4245 1461 4304 Β.
1507 4247 1672 4323 quod
1713 4256 2006 4323 sequutus
2060 4256 2152 4306 est
2192 4246 2476 4326 Virgilius

163 4355 282 4418 Aa,
316 4353 420 4432 ΠΙ,
469 4355 588 4418 97,
662 4343 768 4402 Β
814 4334 1052 4393 domus
1090 4329 1327 4391 Aeneae
1370 4336 1602 4391 cunetae
1634 4331 2044 4392 donzinabimr
2085 4333 2225 4392 ονίε.
2318 4332 2474 4392 Add.
