2882 5028
467 368 622 446 ⁵52

951 367 1032 439 P.
1086 364 1624 440 VIRGILII
1671 363 2229 440 MARONIS

468 550 980 650 Inmanisque
1012 547 1205 625 Gela
1235 547 1451 624 fluvii
1487 550 1967 648 cognomine
2004 548 2227 627 dicta.

606 725 712 780 702
755 722 1107 790 lamani-sque
1152 721 1291 772 Gela
1323 724 1479 805 fluz
1457 742 1495 774 ιι
1547 724 1863 805 cognomine
1913 723 2077 774 dicta.
2151 723 2434 773 Haeremus
2481 718 2537 770 in
2582 736 2702 772 voc.

469 795 734 854 inmanis,
769 806 872 859 quo
909 792 1064 871 modo
1098 787 1222 841 urbs
1257 791 1390 843 Gela
1423 791 1498 844 ita
1533 792 1790 862 appellari
1828 792 2021 860 possit:
2057 810 2106 843 v.
2141 802 2338 843 notam.
2406 791 2569 841 Forte
2602 788 2705 839 fuit

474 864 734 917 lnnantis
764 878 837 911 sc.
871 858 1067 929 campis
1100 858 1152 910 fl.
1192 869 1250 911 ut
1283 862 1470 913 Horat.
1504 862 1592 925 111,
1632 864 1716 925 17,
1749 864 1801 916 7.
1844 864 2124 913 innantem
2170 855 2422 914 Maricae
2463 860 2705 911 Lictori-

471 932 573 984 lms
603 931 843 983 tenuisse
875 930 1050 980 Lirin.
1122 928 1262 980 Gela
1294 929 1406 981 noli
1439 940 1670 992 mutare,
1717 931 1840 981 urbs
1889 930 2105 1000 proprie
2152 948 2187 998 η
2247 925 2429 994 Γέλα,
2480 937 2536 979 et
2581 926 2705 979 ssav.

475 996 507 1055 ὁ
548 995 743 1060 Γέλας.
816 993 985 1065 (Γέλᾱ
1025 999 1257 1062 Graece,
1301 1008 1355 1050 et
1386 999 1464 1050 ita
1497 999 1552 1050 h.
1582 1000 1621 1051 l.
1648 966 1938 1082 ’ῐίιἙίΙὶιιος
1983 999 2162 1051 contra
2210 998 2368 1050 Silius
2419 999 2708 1049 Romanam

470 1067 892 1123 consuetudinem
918 1077 1125 1119 secutus
1153 1068 1465 1132 x1V,218.:
1494 1067 1705 1134 „Venia
1727 1069 1795 1120 ab
1828 1087 1977 1120 amne
2006 1069 2220 1120 trahens
2246 1084 2438 1118 nomen
2465 1068 2706 1118 Gen&

471 1139 710 1190 Ceterum
744 1135 872 1188 mihi
909 1153 1012 1186 non
1048 1145 1196 1188 tanta
1230 1137 1434 1188 videtur
1472 1107 1656 1189 h’orum
1691 1138 1967 1190 verborum
2012 1136 2319 1203 difficultas,

2367 1146 2562 1217 quanta
2614 1153 2707 1186 su-

510 1206 764 1258 erioribus
798 1205 1209 1274 interpretibu83
1244 1206 1349 1259 vid.
1384 1209 1541 1270 Not.;
1577 1225 1674 1260 nec
1708 1206 2000 1259 necessaria
2033 1205 2263 1258 Martinii
2301 1204 2620 1268 emendatio,
2655 1203 2710 1255 iu

469 1228 664 1329 Biariis
698 1273 958 1327 Scholast.
995 1276 1661 1332 Darmstad.n.1826.11.
1708 1278 1848 1331 Part.
1895 1278 1980 1332 43.
2017 1275 2326 1357 proposita-z
2379 1294 2417 1325 a
2451 1273 2710 1344 fluvio

471 1347 793 1468 cognomine
839 1344 1021 1412 decta,
1086 1362 1393 1414 quamquam
1455 1346 1505 1397 ei
1557 1343 1812 1398 calculum
1876 1344 2057 1397 adiicit
2101 1344 2256 1396 Iacob
2305 1343 2360 1395 in
2415 1344 2711 1426 Disquisit.

615 1416 688 1467 11.·
724 1415 781 1465 P.
828 1415 867 1465 1.
956 1415 1071 1466 ..8
1141 1414 1327 1465 Fluvii
1370 1433 1433 1465 co

476 1419 620 1551 {lg-5
691 1484 760 1535 de
796 1486 1011 1536 nomine
1043 1482 1282 1535 Parthas.
1318 1493 1372 1534 et

470 1641 663 1701 Servii
704 1642 886 1700 verba
927 1661 1251 1720 apponam:
1323 1641 1550 1714 „Palus

472 1736 562 1786 est
594 1727 768 1785 iuxta
797 1727 1059 1788 eiusdem
1094 1727 1348 1785 nominis
1374 1727 1552 1807 oppi-

473 1811 646 1872 dum:
692 1812 768 1871 de
801 1833 919 1892 qua
960 1811 1225 1891 quodam
1256 1821 1546 1893 tempore,

471 1918 609 1959 cum
646 1898 865 1958 siccata
903 1899 1293 1977 pestilentiam
1347 1918 1546 1959 creas-

470 1993 590 2056 set,
635 1985 945 2043 consultus
987 1984 1237 2062 Apollo,
1299 2003 1377 2042 an
1414 2003 1546 2052 eam

469 2069 711 2149 penitus
736 2068 1054 2129 exhaurire
1085 2071 1399 2144 deberent,
1443 2088 1545 2127 re-

470 2153 742 2234 spondit:
792 2151 905 2260 Μη
953 2156 1109 2219 κίνει
1154 2147 1548 2236 Καμάριναν·

473 2240 758 2319 ἀκίνητος
782 2236 897 2322 γὰρ
920 2234 1214 2321 ἀμείνων·
1251 2260 1372 2318 quo
1400 2260 1550 2298 con-

472 2332 661 2386 temto
734 2326 1189 2386 exsiccaverunt
1250 2325 1552 2406 paludem,

472 2418 538 2468 et
565 2419 836 2469 carentes
857 2411 1190 2491 pestilentia
1207 2454 1224 2485 ,
1284 2429 1392 2490 per
1419 2429 1550 2469 eam

472 2504 704 2576 partem
744 2496 1017 2575 ingressis
1058 2495 1359 2571 hostibus,
1402 2514 1550 2576 poe-

470 2581 962 2645 nas‘dederuntf‘
1046 2582 1269 2643 Similia
1297 2590 1554 2641 narrant

472 2666 679 2747 Steph.
724 2669 900 2747 Byz„
966 2668 1136 2728 Suid.
1185 2677 1247 2727 et
1304 2666 1549 2728 Anthol.

474 2754 579 2812 Gr.
611 2754 774 2833 apud
797 2755 1035 2815 Cluver.
1119 2754 1238 2813 Sed
1268 2772 1419 2831 quae
1445 2753 1551 2811 illa

472 2838 641 2899 urbis
693 2839 1055 2918 expugnatio
1108 2840 1328 2912 suerit,
1397 2859 1549 2898 nus-

473 2944 653 3002 quam
689 2924 1045 2986 declaratur.
1131 2926 1248 2987 Ter
1284 2924 1553 2984 Camari-

473 3028 611 3069 nam
654 3011 832 3070 fuisse
874 3011 1209 3087 conditam,
1265 3029 1344 3070 ex
1382 3009 1553 3070 Thu-

473 3095 691 3175 cydide
721 3096 964 3174 aliisque
993 3097 1174 3156 docet
1210 3096 1370 3155 idem
1408 3096 1554 3154 Glu-

474 3200 604 3244 ver.
690 3182 971 3241 Ceterum
1006 3193 1246 3260 poetam
1286 3180 1452 3240 haee>
1478 3199 1555 3239 ex

474 3284 583 3325 sua
623 3268 853 3346 potius,
913 3285 1095 3345 quam
1137 3268 1370 3326 Aeneae
1408 3286 1553 3325 nar-

473 3351 692 3427 rantis,
777 3370 1034 3431 persona
1104 3351 1351 3428 dixisse,
1434 3351 1555 3410 iam

476 3436 721 3496 Servius
769 3436 963 3513 vidit3
1020 3437 1185 3515 quod
1223 3447 1426 3496 tamen
1479 3436 1553 3495 de

477 3530 608 3581 toto
643 3520 761 3580 hoc
789 3520 921 3581 loco
947 3543 1070 3582 ιιοιι
1099 3524 1296 3584 minus
1328 3532 1555 3582 -tenen-

477 3607 644 3667 dum.
729 3608 881 3666 Nam
938 3630 1142 3669 omnes
1179 3609 1315 3668 illae
1374 3607 1553 3666 urbes

478 3704 542 3752 et
566 3692 838 3754 locorum
874 3696 1116 3754 nomina
1139 3694 1367 3754 Aeneae
1395 3702 1554 3753 tem-

477 3778 724 3858 poribus
752 3781 1081 3841 recentiora
1108 3789 1268 3841 sunt.

563 3867 708 3929 701.
737 3868 879 3931 702.
907 3867 993 3924 De
1016 3867 1137 3926 situ
1160 3867 1325 3927 urbis
1350 3874 1412 3924 et
1434 3864 1558 3924 flu-

479 3949 562 4008 vii
594 3951 785 4009 Gelae
813 3971 1277 4031 camporumque
1299 3971 1396 4011 res
1441 3970 1556 4030 pa-

478 4055 615 4095 rum
642 4036 971 4116 explorata.
1011 4058 1103 4116 v.,
1147 4045 1384 4117 praeter
1412 4037 1559 4095 Clu-

479 4140 603 4181 ver.
647 4131 707 4179 et
747 4141 897 4199 quos
945 4124 1273 4183 Burmann.
1327 4120 1557 4193 laudat,

479 4206 727 4267 Dorvill.
770 4208 968 4267 Sicula
1012 4231 1060 4267 c.
1108 4212 1166 4271 6.
1223 4207 1559 4285 Aequiescit

478 4292 800 4352 Dorvillius
830 4293 894 4353 in
940 4293 1200 4354 Cluverii
1248 4293 1557 4362 sententis,

480 4399 605 4438 esse
635 4380 874 4458 Gelam,
917 4380 1018 4460 qui
1058 4398 1224 4439 nunc
1256 4381 1469 4438 Fiume
1494 4364 1562 4436 cli

1515 1417 1688 1467 omine
1736 1416 1885 1467 decta
1932 1414 1969 1468 i.
2034 1432 2085 1483 q.
2146 1414 2301 1465 fluvio
2362 1412 2710 1481 cognominis.

1454 1484 1589 1536 a.mb
1622 1502 1701 1555 pr.
1737 1502 1836 1553 pro
1872 1502 1978 1536 var.
2010 1482 2135 1536 lect.

1646 1644 1827 1701 Terra
1872 1644 2137 1716 Νιιονα,
2210 1644 2465 1720 Campos
2510 1649 2710 1699 autem

1632 1727 1878 1804 Geloos,
1921 1729 2180 1808 egregiae
2216 1728 2547 1787 fertilitatis
2582 1726 2712 1805 pla-

1631 1813 1871 1910 nitiem,
1927 1813 2105 1873 latius
2155 1813 2237 1872 cis
2284 1822 2346 1872 et
2392 1813 2557 1871 ultra
2591 1811 2713 1870 ssu-

1627 1898 1796 1958 vium
1827 1898 2084 1978 patuisse
2101 1942 2118 1973 ,
2161 1919 2340 1977 quam
2367 1899 2553 1977 vulgo
2582 1915 2712 1956 cre-

1626 1984 1813 2046 ditur.
1900 1985 2051 2058 Sed,
2093 2004 2382 2062 quorsum
2427 1984 2714 2042 hunonis

1631 2077 1892 2150 spectet,
1950 2069 2212 2129 dubitari
2248 2079 2465 2150 potest.
2555 2070 2711 2127 Loca

1631 2155 1776 2215 hinc
1824 2173 2098 2234 expressa
2151 2154 2357 2214 Claud.
2403 2156 2477 2213 R.
2531 2155 2602 2215 P.
2646 2152 2714 2227 11,

1633 2240 1734 2305 58.
1778 2241 1878 2301 Sil.
1922 2241 2078 2315 XIV,
2123 2244 2250 2305 218
2293 2239 2444 2299 nihil
2486 2240 2713 2300 iuvant.

1635 2347 1932 2402 mag-nam
2010 2326 2528 2405 interpretantur3
2616 2323 2715 2384 sed

1635 2411 2288 2490 urbis‘amplitudinem
2322 2429 2501 2469 nemo
2547 2421 2716 2471 vete-

1633 2518 1773 2557 rum
1798 2507 2106 2557 memorat.
2191 2497 2461 2557 Proelive
2486 2506 2612 2572 est,
2644 2494 2716 2553 ad

1635 2583 1909 2642 dominos
1946 2584 2169 2642 referre
2195 2628 2212 2659 ,
2286 2592 2359 2642 ut
2419 2602 2599 2662 saepe
2657 2582 2714 2640 in

1634 2668 1877 2728 urbium
1917 2668 2197 2748 epithetis
2236 2669 2305 2727 fit
2327 2712 2345 2742 ,
2388 2680 2465 2727 ut
2505 2670 2585 2727 ab
2621 2668 2715 2726 in·

1631 2754 1900 2813 celarum
1924 2754 2023 2812 vel
2045 2753 2422 2813 dominorum
2452 2754 2716 2814 moribus

1635 2849 1698 2899 et
1724 2839 1970 2918 ingeniis
1995 2839 2176 2898 ducta
2199 2841 2334 2898 sint.
2424 2842 2626 2918 Atque
2650 2858 2714 2895 eo

1633 2924 1942 2984 'devenisse
1990 2925 2169 2984 etiam
2210 2924 2575 2984 Dorvillium
2626 2923 2714 2982 vi-

1638 3010 1752 3070 deo
1780 3011 1841 3070 in
1872 3009 2052 3069 Sicul.
2077 3032 2135 3090 p.
2169 3015 2307 3076 129.
2396 3012 2581 3070 Gelae
2623 3019 2712 3068 ta-

1638 3115 1775 3155 men
1803 3105 2093 3175 tyrannos
2115 3115 2322 3154 saevos
2351 3105 2413 3154 et
2434 3097 2714 3155 immanes

1636 3182 1849 3257 fuisse,
1891 3181 2055 3240 unde
2076 3179 2276 3241 doceri
2304 3185 2531 3261 possit,
2576 3178 2713 3240 mihi

1637 3287 1761 3326 non
1809 3268 1947 3325 satis
1987 3276 2241 3326 constat.
2326 3267 2513 3343 Nam,
2572 3282 2714 3345 quae

1638 3351 1800 3433 apud
1833 3352 2124 3418 Herodot.
2167 3353 2289 3428 VH,
2335 3353 2458 3418 153
2485 3387 2574 3398 —
2598 3351 2713 3417 156

1639 3438 1713 3496 de
1739 3438 1811 3495 iis
1841 3447 2284 3511 memorantur,
2322 3438 2401 3497 ad
2441 3436 2714 3498 immani-

1635 3532 1822 3583 tatem
1849 3545 1973 3583 non
1998 3524 2347 3603 adsurgunt.
2431 3524 2621 3603 Igitur
2644 3520 2714 3579 de

1636 3610 1911 3689 tyrannis
1947 3609 2089 3668 Gela
2122 3609 2425 3685 oriundis,
2460 3610 2713 3669 Hierone

1638 3704 1703 3753 et
1744 3694 2152 3774 Thrasybulo,
2212 3695 2459 3753 Gelonis
2513 3691 2711 3756 fratri-

1638 3781 1785 3856 bus,
1816 3783 2246 3860 Syracusarum
2270 3791 2341 3859 t)
2342 3782 2552 3840 rannis
2566 3825 2581 3856 ,
2601 3777 2708 3836 erit

1640 3866 2070 3945 accipiendum.
2127 3867 2526 3965 Proponitur
2547 3863 2707 3923 etism

1641 3973 1676 4009 a
1722 3951 2009 4013 Dorvillio
2047 3951 2231 4012 altera
2280 3950 2706 4031 interpretatio,

1643 4045 1715 4095 ut
1761 4038 1838 4099 ad
1899 4038 2062 4098 urbis
2121 4039 2302 4097 situm
2356 4037 2434 4096 ad
2492 4052 2705 4096 amnem

1643 4123 2002 4183 verticosum
2034 4133 2093 4182 et
2136 4125 2457 4183 immanem
2495 4122 2704 4182 resera·

1644 4217 1765 4267 tur.
1851 4208 1936 4267 Ita
1970 4211 2127 4268 G-ela
2171 4213 2457 4268 ἱπιηιωιυι
2500 4207 2608 4266 erit
2647 4204 2702 4261 in

1644 4294 1777 4352 loco
1813 4293 2100 4368 immani,
2170 4294 2507 4369 horrendo,
2569 4290 2704 4349 ειυ-

1644 4398 1755 4438 nec
1794 4380 1948 4439 male
1992 4380 2125 4441 hoc.
2213 4380 2329 4438 Sed
2379 4396 2560 4457 neque
2594 4372 2702 4434 loti
