2882 5028
469 353 628 426 502

959 344 1043 418 P.
1097 341 1642 417 VIRGILII
1692 338 2256 417 MARONIS

473 531 789 631 Lyctius
821 526 1348 619 Idomeneus3
1402 526 1533 612 hic
1561 527 1690 602 illa
1720 526 1943 603 ducis
1972 526 2351 603 Meliboei

475 643 722 713 Parva
758 631 1245 708 Philoctetae
1270 631 1598 706 subnixa
1630 629 1925 707 Petelia
1955 655 2215 709 muro.

480 738 691 835 Quin
722 793 745 833 ,
836 736 980 810 ubi
1052 735 1554 811 transmissae

616 1045 996 1109 401Liecius,
1054 1046 1272 1111 Licino,
1336 1047 1549 1112 lesbias,

1603 1043 1839 1116 Lycius,
1889 1046 2117 1112 Lyda-53

1637 736 2002 810 steterint
2079 749 2297 811 trans
2378 754 2728 834 aequora

1643 838 1943 934 classe-5,

2177 1062 2339 1115 porro
2388 1045 2727 1111 Idomene-oe,

477 1118 824 1177 Idume-neus,
884 1115 1238 1176 Ydomeneus,
1271 1145 1338 1155 --
1375 1116 1677 1169 Melibroae
1711 1146 1779 1156 -
1815 1117 2137 1177 Philotetae,
2174 1115 2541 1182 Philomelae,
2577 1117 2730 1184 Phy-

481 1189 741 1250 loctetae,
777 1185 1121 1248 Philoctetae,
1156 1183 1488 1237 librariorum
1522 1197 1797 1255 stupores,
1850 1202 1981 1255 quos
2020 1184 2290 1253 ponimus,
2328 1194 2384 1233 ut
2423 1183 2489 1235 iis
2526 1195 2728 1237 mature

478 1264 774 1309 assuescant
811 1254 1034 1306 iuvenes.

1139 1255 1245 1308 402
1280 1256 1490 1308 Petelia
1524 1256 1715 1307 Medic.
1752 1266 1807 1308 et
1841 1258 1916 1308 sic
1942 1255 1992 1305 in
2019 1254 2188 1306 onmis
2223 1264 2279 1304 et
2302 1252 2520 1304 Graecis
2548 1257 2727 1324 script.

481 1324 737 1377 occurrit:
778 1324 892 1376 Πετ
934 1323 1060 1386 λίας
1098 1321 1201 1374 hoc
1236 1323 1413 1393 itaque
1450 1326 1671 1377 restitui.
1741 1325 1917 1392 Vulgo
1954 1325 2184 1384 Petilia,
2222 1324 2362 1391 quod
2385 1323 2605 1390 vulgare
2635 1335 2726 1375 est.

480 1395 606 1463 (hoc
642 1394 804 1445 habet
837 1394 875 1443 P
933 1405 997 1444 ·t.
1034 1401 1089 1442 et
1123 1393 1362 1458 Servius,
1410 1412 1572 1462 eoque
1619 1396 1790 1446 forma
1839 1395 1894 1452 in
1943 1392 2370 1464 inscriptionibus
2420 1393 2729 1460 quibusdan

479 1463 677 1515 visitur.
720 1463 804 1515 W
797 1461 864 1529 r.)

1003 1460 1108 1517 403
1158 1474 1431 1515 steterunt
1479 1464 1612 1514 alter
1668 1464 1850 1514 liamb.
1919 1481 2091 1515 naves
2135 1480 2213 1529 pr.
2266 1462 2453 1513 Hamb.
2515 1482 2730 1535 puppes

481 1532 646 1586 Goth.
681 1547 763 1600 pr.
833 1529 1043 1596 (Mirum
1081 1541 1191 1594 est,
1242 1532 1383 1600 quod
1417 1531 1602 1585 scribit
1636 1533 1868 1585 Servius:
2464 1535 2473 1542 ‘

1942 1530 2204 1594 „Quidam
2240 1542 2602 1583 transnare-sae
2649 1534 2728 1583 le-

553 1612 644 1666 nt,
696 1610 756 1652 ut
806 1601 877 1652 sit
920 1599 1276 1669 praepositio,
1340 1615 1504 1655 trans
1551 1612 1726 1654 autem
1775 1601 2110 1665 adverbium,
2161 1611 2220 1651 ut
2267 1600 2334 1651 sit
2382 1603 2728 1654 ιναηειαὶἱεέ·

481 1619 771 1724 giiii-batum
805 1669 893 1721 hic
924 1669 1184 1720 nonnihil.

1256 1674 1335 1721 An
1368 1685 1529 1724 trans
1563 1675 1758 1724 missae
1793 1670 1998 1722 divisim
2033 1670 2315 1739 scripserat
2351 1669 2608 1721 Servius?
2655 1678 2730 1723 An

481 1740 721 1804 fuerunt,
770 1739 860 1808 qui
893 1739 1165 1807 legerent:
1223 1745 1606 1802 transmissas
1648 1741 1766 1792 tul
1777 1743 1975 1792 erint
2019 1753 2180 1791 trans
2213 1758 2458 1809 aequora
2494 1739 2731 1792 classes?

482 1820 542 1862 ut
577 1811 678 1862 sit:
726 1828 791 1861 ae
828 1826 966 1860 uota
998 1808 1205 1860 classes
1239 1809 1664 1864 transtulerint?
1707 1813 1782 1864 Ao
1826 1809 2054 1861 fortasse
2102 1808 2407 1861 offendebat
2458 1813 2729 1873 steterint,

483 1879 552 1932 de
590 1895 693 1950 quo
730 1877 783 1930 vi
823 1916 836 1929 .
867 1879 995 1930 Not.
1034 1879 1180 1946 Wr.)

481 2063 649 2114 runt.
681 2054 753 2112 cs.
773 2053 963 2111 Varro
994 2052 1094 2110 lib.
1120 2049 1199 2111 111
1227 2026 1562 2112 RenHuni.

1769 2050 1897 2116 403
1926 2084 2011 2099 -—
2038 2048 2183 2115 409.
2269 2050 2729 2136 Expectandum

484 2138 645 2219 apud
674 2138 865 2197 Valer.
888 2137 1061 2197 Prob.
1095 2137 1170 2195 sd
1192 2138 1313 2197 Ecl.
1344 2138 1438 2211 Vl,
1460 2142 1562 2201 81.
1643 2147 1806 2213 erat,
1851 2147 1925 2196 ut
1964 2138 2026 2197 in
2066 2135 2180 2194 hac
2215 2137 2422 2195 ltaliae
2464 2158 2575 2196 ora
2622 2159 2731 2220 ap-

486 2223 675 2305 (unde
699 2224 986 2302 Pompon.
1018 2223 1154 2282 sab.
1179 2222 1349 2282 adh.
1383 2222 1423 2281 l.
1453 2242 1564 2303 pe-

482 2311 617 2385 tiit,-
656 2318 716 2368 et
741 2310 846 2368 ins.
874 2308 952 2368 ad
989 2330 1049 2370 V.
1077 2305 1248 2390 531).
1336 2310 1565 2387 Izyctus

485 2395 808 2474 aliquando
846 2394 1006 2454 inter
1052 2394 1371 2472 insigniora
1416 2395 1565 2453 Cre-

483 2491 580 2541 tae
607 2481 725 2541 suit
751 2480 991 2561 oppida.
1035 2479 1301 2557 Plin.1v,
1340 2484 1418 2545 12
1447 2481 1564 2541 iam

487 2566 714 2626 Cei-dae
749 2567 1047 2625 laudatus.

571 2654 716 2717 401.
759 2655 902 2719 402.
942 2653 1174 2712 Petilia
1201 2650 1297 2708 vel
1325 2651 1566 2709 Petelia

483 2739 549 2798 in
606 2739 851 2797 Bruttiis
905 2757 1085 2817 supra
1135 2736 1457 2795 Crotonem
1531 2757 1567 2794 a

486 2823 841 2900 Philoctete,
859 2823 1131 2883 Herculis
1160 2822 1395 2895 comite,
1419 2840 1567 2880 con-

487 2910 617 2970 dita
662 2907 808 2991 (hoc
834 2910 990 2968 enim
1023 2917 1114 2967 est
1148 2907 1405 2967 subnixa
1429 2928 1569 2965 emb-

485 2997 596 3077 ro),
644 3016 778 3054 cum
809 2996 987 3053 Troia
1013 2994 1230 3066 redux,
1275 2992 1427 3052 urbe
1456 3012 1570 3071 pa-

487 3082 640 3156 tria,
698 3081 1005 3138 Meliboea
1032 3077 1395 3153 Thessaliae,
1462 3096 1571 3157 per

486 3165 839 3226 seditionem
903 3167 1150 3244 sugeret.
1227 3168 1303 3223 es.
1350 3164 1569 3223 Strabo

485 3252 585 3325 vt,
630 3248 840 3329 {2254
871 3251 941 3325 A,
991 3269 1111 3325 quo
1137 3249 1270 3307 loco
1301 3258 1582 3329 apparet„

486 3338 871 3395 Lucanorum
933 3335 1149 3393 deinde
1223 3333 1568 3412 primariam

486 3421 698 3482 urbem
743 3411 869 3479 eam
927 3421 1124 3482 fuisse.
1210 3418 1571 3479 Philoctetes

487 3508 613 3566 dux
640 3506 977 3566 Meliboeus
1004 3526 1148 3587 pro,
1206 3505 1571 3565 Meliboeen-

487 3593 585 3652 sis.
632 3592 972 3673 (Wunderl.
1010 3593 1089 3651 ad
1138 3613 1223 3651 vs,
1257 3596 1398 3657 319.
1424 3593 1570 3650 iun-

486 3678 573 3757 git
617 3679 995 3737 Philoctetae
1056 3679 1317 3737 Petelia.
1424 3680 1571 3736 Ser-

487 3763 656 3823 vius:
701 3764 1021 3841 „Multisita
1048 3763 1401 3841 intelligunt,
1448 3784 1569 3821 non

489 3849 871 3909 Philoctetae
903 3852 1128 3909 Petilia
1144 3895 1160 3926 ,
1212 3849 1317 3907 scd
1352 3848 1573 3907 Philo-

488 3946 677 3993 ctetae
718 3957 929 3995 muro:
998 3955 1136 3994 nam
1179 3936 1260 3993 sit
1301 3934 1480 4009 Cato,
1537 3954 1573 3993 a

491 4017 847 4098 Philoctete,
898 4022 1135 4081 condita
1180 4021 1299 4079 iam
1339 4021 1572 4100 pridem

490 4107 749 4182 civitate,
789 4125 1029 4166 murun.
1060 4117 1298 4165 tantum
1327 4110 1572 4168 sactum.

489 4190 607 4252 Alii
675 4192 997 4251 subnixam
1050 4193 1184 4252 ideo
1249 4193 1570 4271 accipiunt,

489 4278 628 4358 quia
660 4278 935 4359 imposita
966 4288 1056 4338 est
1095 4278 1327 4337 excelso
1372 4300 1569 4354 mum,

489 4374 558 4425 ut
588 4366 822 4426 Coelius
857 4363 1179 4426 historicus
1210 4364 1355 4425 ait.“
1386 4365 1566 4447 Wr.)

1646 2222 1937 2303 pellerent
1989 2222 2266 2296 Troiani,
2338 2231 2400 2282 et
2459 2242 2538 2282 ex
2587 2235 2729 2284 voto

1647 2329 1887 2368 sacrum
1922 2308 2036 2367 diis
2075 2309 2354 2368 facerent.
2446 2308 2581 2367 Hoc
2622 2310 2732 2389 igi-

1648 2406 1754 2454 tur
1815 2403 1980 2454 certo
2031 2394 2190 2469 ritu,
2247 2394 2445 2452 velato
2512 2397 2727 2475 capite,

1649 2481 1756 2559 qui
1794 2482 2203 2539 Romanorum
2252 2498 2379 2553 mos
2430 2490 2599 2556 erat,
2645 2483 2730 2541 fa-

1652 2587 1782 2625 cere
1814 2566 2101 2645 praecipit
2126 2565 2405 2624 Helenus.
2467 2568 2729 2647 Religio-

1651 2652 1746 2711 nis
1793 2653 2170 2710 sanctitatem
2223 2671 2361 2709 cum
2403 2650 2634 2712 iudicio
2674 2661 2731 2712 et

1650 2737 1751 2797 hie
1819 2738 2041 2796 intexit
2101 2737 2349 2795 carmini
2422 2736 2728 2816 Virgilius;

1652 2823 1802 2882 mira
1833 2823 1991 2882 enim
2019 2820 2152 2881 talis
2179 2822 2294 2882 loci
2321 2823 2593 2882 suavitas
2624 2825 2728 2882 de-

1652 2909 1788 2969 buit
1834 2927 1989 2981 esse,
2050 2908 2097 2966 si
2143 2909 2556 2967 Romanorum
2604 2911 2729 2988 quis

1652 2995 1714 3054 in
1754 2995 2006 3072 religiosi
2052 2994 2203 3052 ritus
2249 2994 2536 3071 originem
2581 2997 2730 3054 inci-

1654 3080 1825 3138 deret
1864 3081 1939 3137 ab
1989 3080 2179 3136 Aenea
2214 3088 2464 3138 auctore
2505 3082 2730 3161 repeti—

1655 3175 1797 3225 tam.
1854 3165 2316 3225 illustrationem
2345 3165 2463 3223 loci
2498 3177 2632 3245 pete
2659 3187 2731 3225 ex

1654 3251 1760 3309 ins.
1801 3251 1944 3315 543.
1987 3249 2145 3325 5453
2201 3251 2405 3309 subest
2434 3262 2636 3311 tamen
2675 3262 2733 3311 et

1653 3334 1756 3395 hic
1796 3336 2042 3414 antiqua
2071 3336 2267 3395 sabula
2310 3336 2386 3394 de
2433 3338 2733 3397 Di‘omedis

1655 3422 1753 3481 vel
1778 3422 2001 3502 Ulyssis
2041 3421 2104 3480 in
2149 3420 2241 3479 his
2280 3421 2426 3481 locis
2460 3442 2732 3497 occursu,

1657 3529 1840 3585 quem
1889 3510 2056 3566 Serv.
2098 3507 2177 3566 ad
2218 3506 2278 3566 h.
2318 3507 2356 3567 l.
2399 3510 2645 3589 attingit
2676 3519 2734 3568 et

1657 3594 1798 3652 olim
1848 3593 2030 3653 variis
2067 3593 2259 3652 modis
2305 3602 2598 3655 tracusse
2646 3597 2737 3655 vi·-

1658 3680 1880 3738 dentur
1927 3688 2136 3759 poetae
2170 3687 2229 3737 et
2272 3680 2620 3760 scriptores.
2677 3702 2734 3740 v.

1655 3765 1961 3825 Plutarch.
2020 3765 2139 3839 Qu.
2175 3766 2348 3823 Rom.
2393 3787 2445 3825 e.
2488 3773 2588 3844 11,
2647 3771 2735 3830 12.

1657 3853 1706 3909 Τ
1711 3897 1723 3910 .
1758 3852 1809 3910 11
1834 3851 1988 3931 Opp.
2021 3871 2079 3930 p.
2104 3854 2229 3915 266
2258 3851 2303 3909 C
2329 3862 2391 3910 et
2403 3852 2641 3913 Auctor
2666 3852 2737 3911 de

1658 3937 1818 4016 Orig.
1843 3945 2000 4017 gent.
2034 3939 2206 3995 Rom.
2235 3956 2285 3996 c.
2324 3944 2423 4003 12.
2484 3940 2570 3998 At
2604 3939 2737 3999 vido

1657 4024 1907 4084 Excurs.
1960 4023 1990 4081 1
2050 4021 2127 4081 ad
2167 4021 2228 4082 h.
2270 4022 2370 4082 lib.
2419 4026 2537 4084 sub
2576 4026 2620 4084 f.
2655 4054 2737 4071 -

1660 4101 1945 4191 (steterint
1978 4108 2040 4168 h.
2071 4109 2109 4167 1.
2153 4109 2190 4168 i.
2222 4130 2279 4187 q.
2311 4110 2589 4187 stabmaet3
2631 4128 2737 4169 ne·-

1657 4214 1772 4273 que
1816 4215 1962 4254 vero
1994 4195 2114 4254 hoc
2147 4199 2408 4254 steterint
2449 4198 2670 4256 sactum
2703 4212 2737 4252 e

1654 4282 1842 4340 verbo
1870 4296 2054 4356 stam,
2100 4280 2202 4339 sed
2230 4300 2261 4339 e
2293 4285 2495 4340 saluere
2512 4329 2528 4358 ,
2572 4283 2736 4341 cuius

1654 4368 1988 4427 Perfectum
2028 4372 2163 4427 steti
2208 4380 2542 4448 agnoscunt
2578 4368 2732 4429 eha-
