2882 5028
767 413 954 486 AD
1059 359 1710 488 LlssRUM
1813 416 1934 490 v1
2287 421 2481 495 1043

247 600 563 678 quicquam
595 601 1070 661 animadvertere
1096 603 1287 681 potui,
1342 603 1508 681 quod
1548 602 1625 662 ad
1654 609 1890 683 poetam
1920 601 2345 664 illustrandum
2383 605 2484 667 lu·-

249 687 336 744 cis
372 683 596 763 aliquid
641 687 897 746 afferret.
949 708 1010 746 v.
1057 697 1332 766 congesta
1371 688 1448 746 ad
1489 690 1757 769 Propert.
1806 687 1903 761 1V,
1947 692 2006 762 7,
2046 693 2146 764 87,
2201 690 2306 749 ubi
2336 695 2486 769 piae

240 785 490 850 por-tae,
533 770 594 829 h.
625 792 675 832 e.
706 793 819 851 qua
839 775 957 850 pia
980 777 1213 831 somnia
1236 774 1508 847 veniunt,
1552 775 1751 833 nullae
1781 772 1927 831 aliae
1958 783 2100 832 sunt
2143 795 2322 852 quam
2347 797 2487 836 cor-

250 876 417 915 neae.
502 857 799 917 Ausonius
823 859 888 918 in
918 858 1129 937 Cupid.
1167 859 1372 918 crucif.
1411 859 1523 918 sub
1561 861 1634 934 ιζ,
1675 859 1809 920 loco
1839 858 1958 918 iam
1999 860 2278 933 laudato,
2322 870 2384 920 et
2421 862 2489 921 in

251 941 563 1022 Ephemer.
590 944 703 1002 sub
743 945 783 1002 s.
819 944 1123 1021 vulgatam
1163 945 1714 1024 interpretationem
1756 953 1994 1004 secutus
2039 945 2232 1006 videri
2272 956 2488 1028 potest.

249 1028 377 1088 Nec
411 1027 637 1087 Statius
668 1029 987 1107 quicquam
1011 1030 1184 1089 iuvat
1205 1030 1307 1090 lib.
1334 1030 1391 1089 V
1420 1030 1563 1091 silv·
1588 1036 1648 1106 3,
1672 1034 1817 1106 289,
1841 1029 1946 1089 ubi
1962 1073 1980 1105 ,
2022 1039 2094 1089 ut
2119 1031 2343 1091 Umbra
2379 1053 2487 1112 pa-

250 1113 364 1173 tris
405 1132 481 1173 ex
517 1114 724 1174 inseris
747 1115 985 1190 redeat,
1027 1125 1337 1195 precatur:
1394 1116 1548 1175 Inde
1595 1128 1795 1174 tamen
1835 1119 2078 1191 venias,
2125 1117 2334 1175 melior
2368 1138 2491 1197 qua

236 1211 427 1278 porta
460 1200 800 1277 malignum
839 1202 1045 1261 Vincit
1075 1202 1238 1277 ebur,
1280 1204 1586 1306 somnique
1610 1205 1674 1258 in
1696 1201 1964 1276 imagine
1988 1214 2274 1278 monstra,
2322 1202 2491 1280 Quae

248 1286 483 1343 solitus.
532 1284 772 1347 Coluth.
805 1289 926 1348 311
972 1286 1108 1345 Nox
1137 1323 1215 1334 -—
1251 1282 1423 1361 doing
1467 1283 1533 1348 δὲ
1565 1281 1761 1359 πύλας
1800 1282 1977 1361 ὤϊξεν
2015 1280 2298 1392 ὀνείρων,
2365 1284 2492 1387 Prin

251 1367 369 1448 μὲν
414 1364 743 1450 ἆληθείης,
796 1369 1034 1449 κεράων
1093 1365 1150 1434 δ’
1195 1363 1577 1477 ἆπελαμπετο
1616 1366 1847 1477 κόσμῳ·
1917 1366 2155 1433 ’Ένθεν
2202 1366 2490 1453 α’ναθραῗ-

250 1473 470 1518 σκουσι
524 1460 696 1518 θεαῖν
754 1454 1070 1537 νημερτέες
1129 1450 1340 1536 ὀμφαί.
1437 1452 1563 1535 Τήν
1620 1450 1686 1519 δ’
1744 1456 2184 1535 ἐλεφαντίνην,
2260 1461 2491 1520 κενεῶν

251 1539 621 1621 θρέπτειραν
660 1534 934 1620 σ’νείρων.
990 1560 1141 1620 quae
1182 1561 1260 1601 ex
1299 1541 1633 1601 Homericis
1674 1560 1950 1621 expressa
1998 1550 2156 1601 sunt.
2242 1542 2327 1602 At
2366 1542 2493 1621 ipse

251 1626 555 1686 Homerus
580 1625 695 1684 alio
722 1626 854 1685 loco
885 1627 1063 1685 etiam
1092 1628 1434 1686 obscurasse
1460 1647 1591 1686 rem
1626 1626 1819 1686 videri
1859 1634 2090 1705 potest,
2134 1626 2237 1685 ubi
2278 1626 2491 1705 Odyss.

251 1713 317 1786 δ,
346 1714 470 1775 809
499 1710 791 1818 Penelope
816 1710 1069 1771 dormire
1089 1722 1372 1772 narratur
1396 1713 1463 1772 in
1491 1713 1867 1771 Somniorum
1905 1716 2134 1790 portis.-
2174 1708 2297 1791 ἦδυ
2335 1708 2493 1793 μάλα

249 1788 604 1858 κνώσσουσ’
646 1794 713 1860 ἐν
753 1790 1083 1882 ὀνειρείῃσι
1124 1794 1374 1882 πύλῃσι.
1464 1797 1648 1857 Forte
1684 1796 1769 1855 ita
1808 1795 1927 1855 hoc
1961 1796 2274 1877 expedias:
2314 1811 2495 1876 porta

251 1883 635 1941 Somniorum
684 1881 844 1941 dicta
899 1902 1013 1962 pro
1071 1882 1280 1958 domo,
1348 1882 1520 1960 sede,
1585 1882 1999 1958 Somniorum3
2063 1904 2128 1941 m
2183 1903 2307 1962 qua
2362 1883 2494 1961 quis

253 1969 491 2025 versari
548 1966 666 2026 dici
719 1976 949 2046 potest,
1015 1969 1117 2046 qui
1156 1969 1429 2028 somniat.
1517 1968 1787 2027 Dormire
1828 1967 2011 2046 igitur
2054 1966 2153 2025 illa
2202 1968 2261 2026 in
2297 1967 2496 2026 media

248 2051 642 2111 Somniorum
687 2053 870 2112 domo
916 2053 1113 2132 dicta,
1169 2062 1240 2114 ut
1275 2074 1386 2114 nos
1424 2054 1682 2133 aliquem
1733 2053 1799 2112 in
1846 2051 2052 2112 Somni
2112 2052 2333 2132 regiam
2384 2053 2495 2114 ab-

243 2145 497 2218 reptum
523 2137 872 2198 diceremus.

428 2223 625 2283 Nolim
648 2222 923 2302 equidem
963 2232 1174 2303 poetae
1219 2243 1489 2283 caussam
1527 2221 1963 2283 defendendam
2005 2221 2328 2301 suscipere;
2379 2219 2496 2280 hoc

249 2318 462 2368 tamen
486 2308 636 2367 mihi
671 2310 755 2367 sic
775 2309 915 2369 satis
939 2308 1265 2388 intelligere
1305 2308 1551 2384 videor,
1609 2327 1858 2367 acumen
1884 2306 2060 2382 illud,
2107 2305 2271 2385 quod
2298 2306 2496 2386 Virgi-

251 2394 345 2454 lio
380 2394 558 2452 nimis
588 2393 918 2453 liberaliter
952 2394 1027 2452 de
1054 2414 1163 2453 suo
1202 2394 1486 2453 tribuunt
1510 2394 1629 2452 viri
1658 2393 1851 2466 docti,
1903 2400 1975 2452 ut
2018 2391 2229 2451 callide
2256 2411 2498 2452 monere

255 2479 557 2557 voluerit,
611 2479 728 2540 ista
774 2477 974 2538 omnia
1009 2478 1085 2538 de
1126 2479 1329 2538 inferis
1371 2485 1616 2541 narrata
1655 2498 1770 2557 pro
1810 2477 2053 2537 somniis
2087 2486 2148 2536 et
2182 2478 2399 2538 fabulis
2437 2496 2499 2538 se

252 2564 514 2641 habere,
587 2563 662 2622 ab
703 2582 775 2622 eo
808 2581 931 2622 esse
987 2563 1426 2625 alienissimum.
1523 2564 1645 2623 Nec
1685 2564 1749 2623 in
1791 2563 1990 2621 verbis
2035 2563 2350 2640 quicquam
2388 2572 2498 2639 est,

254 2649 427 2728 quod
458 2668 527 2709 eo
551 2670 663 2709 nos
688 2647 982 2726 adducat,
1026 2669 1137 2709 nec
1164 2652 1225 2710 in
1260 2649 1570 2710 sententiis
1595 2667 1707 2709 nec
1735 2648 1797 2707 in
1832 2657 2040 2726 poetae
2074 2648 2337 2708 consilio.
2366 2647 2500 2707 'Sed

251 2736 390 2815 ipsa
413 2754 509 2795 res
537 2734 793 2795 deduxit
820 2734 1045 2793 eumin
1078 2736 1259 2795 talem
1283 2736 1502 2812 locum,
1544 2733 1708 2795 unde
1731 2732 1941 2813 pedem
1970 2733 2191 2792 referre
2221 2753 2344 2792 non
2372 2742 2499 2793 tam

255 2820 437 2882 facile
464 2830 611 2881 erat.
695 2818 1056 2880 Educendus
1086 2831 1214 2882 erat
1239 2823 1464 2881 Aeneas
1502 2841 1578 2880 ex
1607 2819 1751 2879 locis
1778 2817 1983 2878 inferis
2018 2836 2125 2898 per
2151 2817 2325 2879 aliam
2348 2838 2498 2900 por-

254 2917 433 2984 tam,
480 2927 662 2986 quam
701 2925 821 2983 qua
870 2905 1151 2966 subierat.
1248 2906 1471 2966 Incidit
1508 2914 1682 2986 poeta
1726 2905 1791 2963 in
1832 2912 2037 2983 portas
2068 2904 2289 2963 Somni.
2377 2904 2500 2963 Iam

256 3010 371 3052 eae
414 2992 678 3072 duplices
722 2998 892 3067 sunt,
937 2991 1163 3068 altera,
1219 3011 1329 3073 per
1370 3012 1548 3070 quam
1594 2992 1751 3051 veris
1794 2988 2014 3047 umbris
2055 2988 2253 3047 exitus
2287 2988 2501 3065 datur5

256 3095 377 3160 per
405 3076 562 3136 lianc
600 3077 828 3135 Aeneas
856 3085 919 3136 et
940 3077 1192 3156 Sibylla,
1235 3096 1386 3156 quae
1417 3097 1540 3136 non
1566 3083 1738 3135 erant
1777 3096 1952 3135 aerae
1977 3074 2251 3150 umbrae,
2311 3068 2517 3133 emitti'

258 3163 627 3241 nequibant3
671 3160 939 3222 restabat
964 3161 1203 3242 itaque,
1259 3172 1332 3222 ut
1357 3181 1464 3242 per
1490 3161 1738 3220 alteram
1766 3169 2005 3240 portam
2035 3158 2499 3239 dimitterentur.

258 3248 466 3327 Atque
493 3247 609 3307 hoc
633 3256 808 3327 poeta
832 3248 1070 3327 posuit,
1114 3257 1223 3308 aut
1250 3267 1465 3329 parum
1495 3265 1756 3316 memor,
1799 3244 1946 3323 quid
1972 3243 2113 3303 inde
2139 3236 2502 3323 sequeretur,

261 3333 325 3394 si
358 3334 563 3394 eadem
594 3333 682 3392 illi
715 3341 893 3413 porta
936 3353 1076 3396 cuin
1120 3333 1374 3394 Somniis
1411 3333 1584 3394 vanis
1623 3341 1686 3391 et
1720 3330 1880 3389 salsis
1917 3329 2352 3406 educerentur,
2396 3338 2503 3390 aut

259 3419 388 3482 fuit
413 3419 531 3479 hoc
555 3420 715 3479 inter
737 3438 838 3494 ea,
881 3438 1031 3497 quae
1062 3418 1233 3480 Maro
1259 3418 1684 3479 emendaturus
1716 3424 1863 3492 erat,
1906 3416 1955 3474 si
1979 3415 2241 3475 licuisset
2258 3414 2335 3496 ⁴¹),
2378 3423 2503 3490 aut,

262 3504 436 3585 quod
460 3522 684 3585 ponere
707 3463 923 3579 malim,
964 3513 1202 3584 poetam
1246 3505 1503 3564 tenuisse
1549 3502 1958 3562 Aristoteleam
2002 3496 2177 3563 λύσιν
2211 3505 2322 3564 τοῦ
2352 3523 2504 3582 προ-

265 3586 577 3672 βλήματος
615 3586 718 3670 (de
760 3589 996 3648 Poetice
1032 3610 1086 3650 c.
1117 3589 1249 3672 25),
1296 3609 1420 3650 esse
1472 3589 1591 3649 hoc
1641 3588 1800 3647 inter
1830 3584 2122 3667 αμαρτίας
2162 3610 2315 3649 κατα
2361 3606 2508 3666 συμ-

267 3673 566 3759 βεβηκός,
608 3675 673 3734 h.
714 3692 764 3734 e.
794 3694 918 3733 non
960 3674 1037 3734 ad
1067 3685 1258 3734 artem
1287 3686 1498 3755 poetae
1528 3684 1588 3733 et
1629 3672 1907 3732 carminis
1958 3672 2358 3732 oeconomiam
2390 3670 2508 3730 hoc

266 3770 577 3840 spectare3
618 3760 722 3819 sed
743 3758 1258 3840 reprehensionem
1286 3760 1411 3841 peti
1436 3782 1471 3819 a
1499 3779 1566 3820 re
1592 3768 1652 3817 et
1686 3758 2041 3836 cogitatione
2056 3801 2076 3833 ,
2133 3766 2195 3816 et
2218 3778 2354 3817 cum
2380 3756 2508 3816 aliis

264 3847 451 3909 rebus
479 3846 937 3926 comparatione,
980 3866 1133 3925 quae
1158 3859 1324 3906 extra
1351 3848 1634 3906 caminis
1668 3856 2086 3921 argumentum
2112 3844 2303 3923 posita
2331 3843 2426 3903 sit.

442 3933 577 3992 Nori
607 3932 847 4010 quidem
879 3932 1091 4010 aliquis
1131 3932 1195 3992 in
1232 3940 1548 3992 numerato
1586 3929 1803 3989 habere
1826 3938 2027 4009 potest
2070 3946 2156 4005 ea,
2201 3948 2353 4007 quae
2374 3927 2508 3988 Ma-

268 4016 460 4095 ronis,
505 4018 651 4083 dum
675 4015 826 4077 haec
848 4018 1151 4096 scriberet,
1194 4018 1390 4079 animo
1420 4024 1562 4078 sunt
1591 4016 1902 4077 obversata
1918 4037 1936 4093 3
1975 4012 2095 4074 hoc
2118 4022 2318 4074 tamen
2342 4035 2507 4074 sum-

417 4309 459 4377 ‘)
494 4309 609 4360 Hoc
632 4320 721 4361 ant
746 4307 913 4359 simile
943 4307 1069 4378 quid
1092 4307 1417 4360 obversatum
1452 4323 1566 4358 esse
1591 4304 1742 4356 video
1779 4303 1949 4356 animo
1993 4299 2364 4371 elegantissimi
2392 4298 2513 4351 Bri-

271 4378 452 4443 tanni,
504 4378 593 4446 qui
619 4396 686 4429 nu
728 4395 785 4430 er
810 4381 942 4430 War
944 4376 1157 4428 bui-toni
1204 4376 1513 4428 sententiam
1556 4374 1779 4428 excussit
1814 4377 1907 4443 (Gr
1908 4373 2065 4428 itical
2107 4370 2256 4424 Obss.
2309 4388 2379 4424 on
2425 4370 2517 4423 tlte

273 4453 336 4503 δι
331 4450 437 4502 'sela
469 4449 620 4499 Book
650 4398 825 4518 οῘιΙια
851 4446 1076 4499 Aeneid.
1105 4464 1157 4516 p·
1188 4447 1296 4516 55)-
