2882 5028
538 402 670 474 DE
728 401 1213 484 CARMINE
1267 402 1578 476 EPICO
1633 405 2008 480 VIRGIL.
2325 410 2424 484 25

211 587 483 683 saltem,
545 587 983 688 unicuique
1027 587 1430 686 Virgiliani
1498 590 1862 665 carminis
1906 591 2236 667 virtutes
2277 591 2425 666 rite

209 693 671 766 aestimatum
701 690 859 766 alte
899 692 1059 767 hoc
1101 694 1356 768 menti
1400 692 1746 769 insidere
1782 692 2126 791 debere,
2177 707 2267 770 ut
2300 719 2429 769 re-

196 807 429 893 putet,
497 822 655 896 qua
721 809 1018 888 aetate,
1109 821 1273 897 quo
1327 797 1407 872 in
1455 797 1800 897 popuIO,
1870 824 2023 899 qua
2071 798 2152 872 in
2200 797 2431 894 urbe,

196 923 379 997 quos
411 900 619 974 inter
645 898 1026 973 homines
1054 913 1293 1001 poeta
1325 901 1638 995 vixerit,
1707 924 1951 1000 quem
1997 900 2186 976 inde
2219 900 2431 976 colo-

189 1026 352 1076 rem
389 1028 714 1079 carmen
760 1002 929 1080 eius
977 1002 1323 1098 duxerit,
1377 1017 1502 1099 ut,
1558 1005 1701 1080 etsi
1741 1003 1956 1078 salvo
2004 1018 2082 1081 et
2122 1006 2430 1101 integro

188 1104 691 1182 heroicorum
723 1120 1192 1208 temporum
1221 1132 1480 1204 more,
1534 1110 1815 1207 purior
1845 1120 2139 1202 tamen,
2194 1133 2432 1201 mun-

186 1209 380 1307 dior,
432 1225 513 1287 et
544 1212 991 1308 castigatior
1031 1224 1237 1287 esset
1281 1213 1648 1286 carminis
1686 1210 2041 1308 habitus,
2097 1209 2433 1287 affectus

186 1327 261 1389 et
288 1316 492 1418 πάθη
526 1314 669 1389 alia
699 1317 1108 1390 mitiorem
1141 1314 1285 1390 alia
1311 1315 1758 1413 graviorem
1785 1328 2145 1390 naturam
2175 1316 2435 1390 omni-

186 1442 447 1518 noque
489 1416 838 1493 cultioris
877 1420 1046 1494 aevi
1084 1418 1546 1517 dignitatem
1576 1418 1992 1513 haberent,
2045 1417 2434 1494 heroum-

189 1545 339 1621 que
366 1546 678 1614 moreS,
731 1521 1174 1598 sententiae
1205 1548 1291 1598 ac
1322 1521 1563 1620 dicta,
1620 1523 1764 1597 etsi
1791 1521 2159 1597 heroicae
2205 1522 2434 1596 aetati

192 1640 749 1715 consentanea,
812 1628 1204 1727 spirarent
1244 1639 1515 1701 tamen
1569 1626 1838 1701 nescio
1895 1624 2089 1726 quid
2136 1651 2227 1702 ex
2271 1623 2434 1700 ele-

190 1730 432 1824 gamia
485 1728 815 1827 saeculi,
869 1729 1090 1805 urbis
1140 1744 1221 1807 et
1266 1730 1561 1806 domus
1607 1735 2088 1829 Augusteae,
2157 1730 2237 1803 in
2283 1754 2435 1830 qua

192 1846 417 1930 poeta
455 1834 657 1911 vixit.

385 1941 587 2013 XIII.
642 1935 767 2013 Ad
806 1938 1113 2013 cultum
1142 1937 1548 2035 Virgiliani
1595 1938 1959 2013 carminis
2001 1948 2312 2034 gratum
2359 1948 2438 2009 et

192 2041 605 2115 amabilem
703 2066 872 2117 non
969 2042 1238 2115 minus
1314 2054 1615 2142 spectat
1692 2049 2049 2117 orationis
2132 2046 2440 2130 indoles,

194 2145 480 2242 quippe
546 2170 755 2244 quae
828 2146 911 2218 in
989 2143 1487 2244 simplicitate
1562 2144 1899 2219 mirabili
1977 2143 2438 2243 dignitatem

195 2262 442 2322 servat
483 2262 563 2322 et
598 2249 1084 2345 gravitatem.
1194 2251 1507 2325 Ornatu
1548 2250 1761 2323 enim
1804 2249 2020 2323 vario
2057 2260 2137 2322 et
2169 2245 2440 2346 exqui-

198 2352 371 2438 sito,
426 2364 506 2426 et
537 2353 935 2426 sermonis
967 2353 1261 2452 poetici
1292 2354 1577 2439 nitore,
1633 2353 2010 2427 orationis
2061 2350 2438 2447 dignitate

201 2467 272 2528 et
334 2458 745 2554 gravitate,
839 2457 1415 2533 sententiarum
1486 2455 1892 2558 pondere,
1989 2459 2440 2530 Homerum

204 2558 646 2657 longissime
676 2559 1112 2653 antecellit,
1168 2562 1386 2635 cuius
1434 2559 1603 2635 laus
1645 2560 1792 2634 hac
1835 2560 1916 2634 in
1954 2571 2173 2659 parte
2212 2580 2442 2657 prae—

204 2663 412 2761 cipua
455 2666 537 2738 in
586 2665 1077 2764 proprietate
1130 2677 1209 2738 et
1251 2664 1783 2764 simplicitate,
1854 2677 2024 2738 tum
2061 2663 2140 2735 in
2189 2660 2443 2735 suavi-

206 2779 347 2841 tate
398 2791 1095 2867 numerorumque
1133 2766 1538 2862 facilitate,
1593 2768 1845 2868 posita
1880 2778 1987 2839 est
2031 2772 2251 2858 (nam
2288 2788 2445 2838 ser-

210 2872 449 2945 monis
470 2872 725 2947 lonici
750 2871 1019 2971 epicae
1048 2873 1480 2947 narrationi
1508 2885 1670 2945 tam
1704 2867 2100 2970 praeclare
2133 2891 2445 2940 accom-

218 2973 489 3049 modati
540 2974 1005 3058 felicitatem
1040 2977 1269 3050 aetati
1313 3000 1501 3051 suae
1553 2973 1887 3070 debuit),
1953 2972 2093 3047 etsi
2140 2995 2288 3044 nec
2330 2971 2444 3044 vis

220 3088 287 3148 et
329 3079 575 3154 robur
614 3103 766 3153 nec
824 3077 1282 3178 pulcritudo
1350 3093 1430 3155 et
1474 3077 1877 3152 interdum
1923 3099 2073 3149 nec
2122 3087 2446 3149 ornatus

216 3181 278 3253 ei
318 3181 536 3260 desit.
645 3180 808 3258 Sed
846 3206 997 3256 nec
1025 3183 1394 3279 Virgilius
1438 3183 1520 3256 in
1550 3180 2040 3256 ornatissima
2083 3178 2445 3253 oratione

217 3284 778 3387 simplicitatem
809 3298 888 3360 et
922 3287 1497 3386 proprietatem
1550 3285 1989 3361 deseruisse
2020 3281 2272 3356 videri
2304 3279 2446 3355 de-

218 3386 374 3478 bet;
450 3391 594 3465 etsi
643 3390 1063 3491 sequiores
1113 3390 1575 3490 scriptoreS,
1644 3412 1796 3463 nec
1838 3384 2091 3461 modo
2135 3398 2448 3485 poetae,

217 3492 442 3568 multa
493 3494 875 3569 orationis
933 3517 1118 3569 suae
1171 3494 1576 3594 pigmenta
1634 3505 1713 3566 et
1760 3489 2152 3566 lenocinia
2208 3513 2298 3563 ex
2348 3513 2445 3563 eo

220 3596 682 3699 adoptarint3
737 3595 949 3672 male
976 3599 1059 3673 in
1099 3597 1558 3699 pedestrem
1594 3595 1820 3672 illatis
1856 3595 1981 3691 iis,
2044 3617 2245 3695 quae
2281 3616 2448 3666 car—

221 3865 333 3904 mus
358 3866 521 3906 nunc
545 3843 737 3918 illud,
798 3842 967 3921 qnod
1007 3863 1130 3902 non
1162 3842 1360 3901 minus
1405 3841 1466 3900 in
1505 3837 2040 3899 considerationem
2073 3835 2269 3908 venit,
2313 3854 2451 3893 car-

222 3951 334 3991 men
370 3934 601 4012 epicum
636 3932 763 3990 iam
807 3939 987 3988 antea
1030 3929 1106 3988 ab
1134 3928 1327 3987 Ennio
1365 3936 1669 3986 tentatum
1722 3924 1900 3985 fuisse
1941 3922 2260 3982 Annalium
2308 3918 2451 3980 libb.

224 4017 337 4093 XL,
375 4019 534 4100 quod
574 4036 723 4079 sane
768 4014 1132 4075 historicum
1175 4014 1376 4094 potius
1420 4012 1537 4072 suit
1571 4031 1750 4089 quam
1797 4010 2061 4090 epicum,
2112 4006 2319 4067 multis
2350 4015 2454 4065 ta·-

222 4125 328 4164 men
353 4107 677 4168 luminibus
709 4112 775 4162 et
802 4101 1140 4162 virtutibus
1165 4101 1489 4179 probatum
1515 4108 1576 4156 et
1599 4096 1941 4172 laudatum3
2000 4093 2111 4153 nisi
2134 4093 2301 4172 quod
2324 4112 2454 4151 ser-

220 4210 296 4251 mo
317 4191 622 4269 horridus,
694 4188 1011 4270 ingenium
1040 4188 1203 4246 nulla
1235 4195 1367 4245 arte
1398 4184 1731 4263 expolitum
1757 4228 1774 4256 ,
1828 4192 1891 4241 et
1917 4200 2203 4241 versuum
2236 4178 2457 4238 inertia

217 4282 622 4342 venustioribus
669 4273 1077 4357 displicebat3
1131 4272 1372 4350 Virgilio
1412 4271 1618 4348 itaque
1655 4267 2109 4327 allaborandum
2152 4265 2301 4340 suit,
2387 4272 2458 4323 ut

213 4389 410 4430 carmen
437 4370 515 4430 ad
546 4366 857 4428 maiorem
892 4359 1183 4421 orationis
1214 4359 1480 4433 cultum,
1524 4373 1700 4433 quem
1729 4376 1804 4413 ex
1830 4352 2052 4412 saeculi
2077 4350 2247 4431 genio
2277 4370 2458 4430 para-

206 4466 307 4518 tum
334 4457 579 4534 habuit,
629 4449 973 4522 eveheret,
1017 4443 1068 4503 εἰ
1095 4444 1359 4524 exempla
1389 4445 1617 4503 Graeca
1649 4437 2055 4520 exprimeret.)
