2882 5028
328 309 478 380 276
818 302 901 375 P.
974 297 1506 376 VIRGILII
1573 292 2128 370 MARONIS

328 469 703 588 Undique
730 484 1038 561 visendi
1073 483 1339 560 studio
1377 465 1716 557 Troiana
1753 483 2117 556 iuventus

329 586 825 670 Circumfusa
870 590 1062 683 ruit,
1122 600 1585 687 certantque
1622 583 1991 660 inludere
2027 596 2280 684 capto,

326 696 626 795 Adcipe
653 715 867 767 nunc
897 696 1259 768 Danaum
1292 689 1634 784 insidiaS‚
1671 701 1750 762 et
1777 688 2109 763 crimine
2140 687 2237 796 ab
2264 708 2434 760 uno
2483 692 2585 765 65

325 801 555 876 Disce
589 795 867 874 omniS.
2197 857 2200 860 ,

322 908 724 1002 Namque,
768 912 857 974 ut
891 909 1323 996 conspectu
1357 897 1437 970 in
1473 893 1748 970 medio
1782 893 2176 985 turbatus,
2229 891 2586 983 inermis,

327 1005 734 1100 Constitit,
819 1016 1055 1102 atque
1123 999 1374 1076 oculis
1443 998 1774 1096 Phrygia
1858 999 2166 1095 agmina
2242 998 2586 1070 circum-

752 1169 759 1174 .
804 1169 811 1178 ,
1499 1127 1534 1176 s
1597 1103 1782 1178 exit:

325 1214 538 1303 Heu,
594 1191 813 1309 quae'
847 1231 1060 1282 nunc
1103 1205 1370 1303 telluS‚
1436 1128 1762 1305 iugum·
1800 1207 2002 1306 qu‘ae
2056 1227 2190 1278 me
2233 1224 2587 1300 aequora

1257 1401 1263 1408 ᾗ
1496 1321 1831 1408 possunt

326 1415 770 1514 Adcipere?
823 1425 956 1488 aut
1001 1410 1197 1513 quid
1247 1412 1402 1486 iam
1460 1413 1756 1487 misero
1800 1410 2000 1485 mihi
2055 1409 2405 1508 denique
2453 1431 2586 1482 re-

1492 1524 1690 1593 stat?
2476 1519 2586 1588 70

252 1642 261 1646 ·
325 1621 470 1698 Cui
496 1643 775 1720 ‘neque
813 1617 1024 1719 apud
1052 1621 1365 1693 Danaos
1395 1643 1737 1720 usquam
1767 1617 2012 1710 locus,
2063 1628 2143 1692 et
2168 1639 2409 1716 super
2433 1615 2585 1714 ipsi

321 1722 821 1801 Dardanidae
865 1719 1153 1797 infensi
1206 1746 1508 1823 poenas
1562 1747 1747 1798 cum
1797 1720 2176 1818 sanguine
2216 1732 2582 1820 poscunt.

461 1896 532 1950 64
567 1908 849 1965 certatque
882 1898 1171 1958 Romanus,
1222 1896 1380 1948 Witt.
1411 1906 1466 1948 et
1493 1896 1752 1961 Parthas„
1801 1895 1896 1945 sed
1924 1894 2138 1946 alterum
2175 1893 2397 1944 doctius.
2454 1890 2583 1956 (vid.

324 1970 391 2031 Q.
421 1968 489 2017 v,
512 1967 650 2028 vlu,
685 1966 737 2027 4,
772 1965 822 2015 d.
869 1966 1011 2031 Wr.)

1154 1966 1221 2019 65
1256 1969 1456 2037 Aspice
1485 1966 1723 2028 Dorvill„
1759 1964 1910 2016 male.
1992 1966 2192 2034 Accipe
2228 1975 2308 2014 est
2344 1962 2483 2025 audi,
2520 1971 2585 2012 ut

323 2053 499 2104 saepe.
569 2037 767 2086 crimen
789 2032 857 2084 ab
878 2053 931 2085 u.
961 2034 1049 2084 ed.
1074 2036 1205 2086 lunt.
1278 2036 1477 2086 Habuit
1501 2036 1640 2086 idem
1674 2036 1727 2086 iu
1756 2052 1850 2085 suo
1884 2033 2066 2085 codice
2091 2035 2350 2084 Donatus:
2386 2031 2585 2098 legitur

324 2115 380 2157 et
408 2105 462 2156 in
491 2102 769 2156 Servianis.
820 2104 916 2154 sed
946 2105 1012 2154 ab
1044 2102 1428 2172 interpolatore
1459 2115 1568 2156 est:
1604 2105 1671 2157 A.
1704 2123 1758 2156 n.
1787 2109 1856 2154 D.
1886 2104 2122 2155 insidias
2145 2115 2200 2154 ee
2224 2105 2421 2154 crimen
2438 2120 2462 2163 ,·
2510 2098 2585 2151 ab

324 2193 436 2227 uno
463 2175 623 2226 Disce
647 2190 844 2225 omnes.
917 2173 1027 2240 (—-
1054 2176 1141 2226 66.
1180 2192 1363 2226 omnes
1401 2175 1595 2236 Medic.
1641 2174 1781 2239 Wr.)

996 2244 1065 2296 68
1103 2245 1355 2313 Phrygia
1382 2246 1582 2296 circum
1609 2245 1831 2335 affmina
1864 2261 1893 2294 s
1930 2244 2041 2294 exit
2070 2243 2261 2293 Moret.
2284 2260 2384 2311 pr„
2417 2241 2587 2322 ‘quod

324 2243 498 2306 codd„
536 2243 693 2294 etiam
720 2242 857 2294 Gud.

1921 2174 1990 2227 67
2041 2174 2098 2223 in
2150 2173 2301 2223 abest
2336 2190 2368 2223 a
2401 2170 2584 2221 multis

326 2331 431 2364 uon
446 2313 512 2364 de
533 2312 700 2363 nihilo
718 2322 817 2376 est,
830 2310 1003 2363 iudice
1027 2312 1275 2375 Heiusi05
1311 2314 1601 2382 eodemque
1620 2316 1652 2365 x
1669 2323 1852 2364 euetus
1867 2262 2085 2362 afiudit:
2117 2312 2364 2382 Phrygia
2377 2328 2583 2361 ειη-ωτι

325 2384 549 2453 agmina
576 2382 734 2433 su'dit.
772 2391 1047 2450 utrumque
1072 2391 1247 2433 tamen
1279 2381 1674 2452 interpolatoris
1708 2401 1822 2433 esse
1853 2381 2090 2444 videtur,
2126 2381 2213 2449 qui
2246 2392 2412 2432 metro
2444 2396 2581 2430 con-

324 2451 516 2503 sultum
549 2469 665 2502 esse
691 2450 922 2502 volebat.
957 2451 1191 2520 (egregie
1221 2451 1336 2521 ipsa
1356 2452 1619 2504 sententia
1649 2451 1925 2503 adiuvatur
1961 2450 2098 2501 exitu
2137 2450 2453 2519 spondai003
2501 2448 2582 2500 sic

324 2523 479 2573 etiam
506 2522 638 2572 infra
665 2523 750 2584 111,
783 2523 932 2577 517.:
969 2521 1221 2584 „circums

1261 2522 1353 2573 icit
1383 2523 1634 2574 Oriona.“

1704 2521 1883 2574 Simile
1921 2521 2033 2582 his,
2069 2521 2209 2589 quod
2251 2521 2391 2590 apud
2424 2519 2581 2570 Ovid.

322 2591 517 2661 legitur
543 2594 672 2642 Met.
698 2593 739 2655 1,
777 2592 889 2645 14.:
926 2594 1074 2655 „Nec
1102 2543 1317 2644 bracliia
1352 2592 1513 2661 longo
1542 2592 1779 2661 Margine
1817 2601 2071 2642 terrarum
2110 2600 2420 2658 porrexerat
2449 2596 2582 2640 Am-

324 2660 597 2742 pliitrite.“
638 2660 783 2725 Wr.)
856 2661 1040 2712 Hamb.
1066 2679 1153 2712 uu.
1183 2663 1282 2713 Ph.
1310 2680 1361 2713 a.
1393 2665 1594 2713 circum
1627 2663 1765 2713 vidit
1803 2679 1864 2712 ex
1899 2660 2091 2727 glossa.
2163 2664 2339 2730 spexit
2386 2660 2487 2710 Ph.
2524 2678 2581 2710 a.

323 2749 523 2782 circum
566 2729 698 2781 alter
740 2730 905 2782 Goth.

322 2801 417 2864 IX,
447 2802 496 2855 Ξ.

591 2819 821 2853 maenam
851 2818 1001 2851 nunc
1027 2801 1197 2852 tellus
1224 2802 1414 2853 Mox-et.
1459 2819 1537 2868 pr.
1608 2812 1834 2871 possent
1870 2800 2006 2851 alter
2035 2799 2221 2849 Hamb.

1044 2733 1113 2785 69
1149 2750 1289 2801 quae
1325 2751 1408 2782 me
1446 2732 1614 2783 tellus
1654 2730 1873 2798 Cuuing.
1914 2748 1978 2781 ex
2007 2728 2154 2780 citat.
2184 2729 2320 2799 apud
2351 2727 2579 2793 Quintil.

2362 2801 2428 2852 71
2466 2817 2580 2849 un-

323 2887 483 2990 guem
509 2887 538 2920 e
577 2869 629 2921 d.
660 2872 795 2920 lunt.
816 2879 1078 2939 perpetuo
1106 2869 1272 2938 lapsu.
1344 2883 1398 2921 et
1427 2889 1595 2942 super
1614 2908 1628 2933 ,
1665 2870 1718 2920 h.
1759 2887 1805 2919 e.
1847 2878 2153 2938 praeterea,
2189 2869 2325 2919 bene
2352 2868 2488 2918 Pier.
2523 2878 2579 2919 et

374 2938 501 2990 eins.
541 2957 605 2990 ex
644 2939 897 2990 librorum
952 2939 1266 3007 optimorum
1310 2956 1564 2991 consensu
1607 2938 1913 2989 defenduut.
1994 2937 2280 3005 vulgares,
2328 2940 2578 3008 insuper.

322 3007 419 3128 gie
443 3028 472 3059 e
496 3007 659 3059 Paria.
682 3011 734 3063 2.
758 3008 811 3061 4.
834 3009 906 3070 9.,
939 3007 1034 3058 sed
1064 3021 1119 3059 ee
1150 3009 1220 3059 ob
1247 3027 1612 3079 praegressum
1636 3027 1814 3078 neque
1840 3008 2025 3059 abesse
2057 3024 2162 3057 uon
2191 3017 2386 3077 potest.
2429 3009 2513 3059 W
2508 3006 2577 3074 r.)

363 3093 428 3128 uo
452 3078 645 3129 Moret.
674 3088 727 3128 et
753 3079 998 3149 insuper.

322 3218 565 3278 tulerat.
677 3216 930 3294 Reliqua
1004 3216 1405 3297 amplificandi

322 3311 385 3405 et
420 3301 677 3362 ornandi
717 3302 921 3361 studio
966 3302 1219 3364 adiecta.
1292 3304 1406 3363 hoc

322 3410 526 3468 speum
564 3401 632 3447 ut
660 3399 931 3464 umet-et,
975 3408 1057 3448 sc.
1095 3397 1169 3448 ut
1206 3388 1415 3449 addu-

323 3483 562 3534 ceretur
597 3472 676 3532 ad
713 3493 929 3552 regem.
1015 3486 1231 3533 struere
1272 3495 1406 3534 voc.

324 3560 681 3619 insidiarum
741 3567 804 3618 et
861 3558 1002 3619 doli.
1078 3581 1138 3620 v.
1193 3561 1405 3620 Cerda.

319 3646 515 3716 fidens
561 3647 759 3704 malms·
801 3645 1152 3723 exquisitius
1205 3668 1404 3725 quam,

322 3733 568 3803 anitno5
652 3740 714 3790 ef
769 3729 889 3791 hoc
940 3752 1051 3811 pro
1107 3734 1407 3812 prosaico:

325 3816 526 3876 animo
564 3815 806 3894 fidenti3
863 3818 959 3877 vel
985 3817 1213 3896 fideus,
1256 3840 1408 3879 con-

322 3901 532 3962 fidens.
617 3924 850 3960 versare
879 3903 1048 3961 dolos
1062 3948 1079 3978 ‚
1127 3915 1214 3980 ut,
1259 3926 1409 3965 con-

324 3988 487 4062 silia,
532 4007 741 4063 curas,
785 3987 847 4046 h.
878 4007 929 4047 e.
957 3989 1213 4067 agitare,
1267 3990 1330 4050 h.
1366 3991 1408 4049 l.

324 4095 459 4133 cum
502 4072 785 4134 adiuncta
828 4074 1105 4153 notione,
1148 4076 1400 4151 efficere,

324 4160 404 4220 ad
432 4160 662 4220 exitum
689 4158 1036 4239 perducere.

411 4251 512 4311 68.
545 4244 647 4311 64.
680 4245 970 4305 Ornatius
1001 4264 1179 4323 quam
1203 4244 1404 4320 Quin-

328 4340 426 4392 tus
449 4332 572 4394 cal.
602 4331 734 4408 XII,
780 4331 907 4397 856
937 4327 1201 4396 ἄλλοθεν
1232 4327 1411 4408 ἄλλος

1492 3216 1752 3282 Μέσσον
1806 3211 2226 3281 ἐκυκλώσαντο
2288 3235 2571 3295 περισπω-

1491 3299 1621 3370 δόν.
1693 3296 2060 3382 οὑυαηιῙιιεα
2104 3306 2223 3362 ruit
2242 3347 2258 3377 ,
2342 3308 2569 3375 ornate,

1489 3411 1601 3470 pro
1630 3389 2155 3449 circumfunditur.
2240 3400 2466 3447 certant
2489 3389 2573 3445 il-

1490 3476 1689 3535 ludere
1715 3489 1919 3554 capto,
1951 3473 2014 3534 h.
2042 3494 2089 3532 e.
2118 3474 2397 3533 certatim
2430 3473 2577 3533 illu-

1491 3561 1679 3633 dunt‚
1725 3560 2101 3620 contumeliis
2139 3560 2434 3635 afficiunt,
2479 3559 2574 3621 αἰ·

1488 3648 1738 3722 κίζουσι.

1600 3733 1703 3797 65.
1776 3731 1873 3791 Ab
1923 3753 2041 3790 uno
2111 3755 2164 3789 οι
2174 3732 2356 3788 ι’πιίηε
2414 3728 2580 3786 disce

1494 3839 1717 3892 omnes,
1767 3817 2063 3895 exquisite
2101 3838 2212 3896 pro
2245 3814 2480 3893 vulgari
2503 3837 2579 3872 ex

1493 3903 1672 3963 unius
1687 3904 1922 3977 scelere,
1937 3902 2070 3961 eth.
2090 3903 2127 3963 l.
2145 3901 2390 3981 quidem
2406 3901 2582 3959 srau-

1496 3989 1590 4064 de,
1633 4009 1711 4049 ex
1742 4010 1864 4049 uno
1901 3989 2206 4068 exemplo,
2270 4006 2580 4066 cognosce,

1490 4075 1712 4154 quales,
1741 4096 1919 4153 quam
1940 4074 2152 4155 perfidi
2171 4092 2376 4133 omnes
2394 4074 2581 4132 Danai

1492 4162 1631 4221 sint.
1719 4162 1812 4221 Ita
1851 4161 2201 4241 simpliciter
2246 4159 2496 4239 accipio.

1582 4252 1684 4312 69.
1717 4248 2024 4321 Quorsum
2050 4246 2432 4325 confugiam?
2480 4250 2582 4309 71.

1497 4338 1599 4399 72.
1645 4335 1724 4393 Et
1757 4353 1953 4413 quem,
1982 4342 2292 4411 tamquam
2321 4331 2582 4405 hostem,
