2882 5028
453 387 1071 471 AENEmos
1132 388 1345 466 Lm.
1398 358 1530 482 iv,
1589 391 2024 469 474-482

136 580 353 672 Quae
413 573 614 654 mihi
667 572 955 653 reddat
1013 596 1241 670 eum,

136 780 428 859 Oceani
472 777 728 855 finem
763 780 968 856 iuxta
998 778 1416 881 solemque
1446 777 1867 855 cadentem

2209 397 2360 470 671

1305 570 1437 649 vel
1478 598 1578 649 eo
1619 597 1754 650 me
1797 573 2047 652 solvat
2092 599 2363 652 aman-

1283 688 1471 755 tem.

2210 791 2365 863 480

134 885 467 963 Ultimus
513 882 1002 983 Aethiopum
1050 882 1273 958 locus
1328 895 1477 976 est,
1528 881 1667 957 ubi
1712 907 2124 959 maxumus
2149 886 2363 963 Atlas

136 994 373 1064 Axem
411 985 760 1063 humero
795 998 1122 1087 torquet
1156 984 1397 1062 stellis
1433 984 1891 1061 ardentibus
1925 999 2233 1088 aptum:

257 1213 359 1268 479
396 1211 675 1264 reddec—
690 1209 868 1262 solvet
899 1209 1155 1279 oblongus
1192 1209 1360 1262 Vatic.
1393 1208 1582 1273 Pierii3
1636 1210 1909 1263 reddae—
1926 1210 2103 1263 solvet
2121 1212 2361 1280 Lougoi).

136 1280 366 1334 eiusdem.
438 1282 609 1333 solvit
631 1278 797 1333 wall.
831 1298 862 1330 a
885 1297 953 1330 m.

985 1298 1066 1349 pr.
1135 1280 1328 1331 reddet
1365 1291 1416 1331 et
1445 1279 1691 1332 absolvet
1718 1280 1854 1331 alter
1876 1281 2079 1349 Menag.
2117 1291 2171 1333 et
2198 1283 2358 1334 Witt.

133 1352 215 1402 001
241 1368 378 1421 quae
412 1369 501 1402 me
533 1350 718 1402 solvat
749 1350 932 1400 Franc.
983 1359 1039 1400 et
1078 1348 1239 1401 Goth.
1275 1360 1397 1401 tert.
1468 1350 1574 1402 Sed
1623 1348 1886 1417 vulgatam
1933 1349 2089 1401 etiarn
2127 1352 2360 1403 Donatus

134 1431 183 1471 et
210 1420 443 1472 Lutatius
479 1427 783 1488 agnoscunt.
817 1435 868 1470 v.
901 1420 1174 1470 Burmann.

1309 1419 1416 1472 482
1450 1430 1629 1470 actum
1678 1419 1892 1470 volebat
1923 1419 2171 1485 Voaaius3
2222 1431 2277 1472 at
2308 1438 2359 1473 τ.

134 1490 286 1541 Burm.
310 1489 366 1542 h.
393 1490 432 1542 l.
465 1498 525 1541 et
547 1488 657 1541 vid.
686 1499 876 1540 notam.
947 1488 1031 1556 (ae
1062 1500 1281 1559 torquet
1313 1487 1502 1540 Medic.
1535 1506 1566 1539 a
1599 1506 1666 1539 m.
1700 1506 1782 1556 pr.
1827 1487 1974 1558 Wr.)

134 1679 229 1739 diu
266 1677 499 1739 Aeneas
528 1697 806 1759 praesens
847 1687 993 1740 erat.
1029 1706 1040 1715 ·
1079 1681 1198 1740 Te-

133 1765 314 1824 nenda
340 1764 528 1839 haec,
570 1774 643 1824 ut
667 1764 740 1823 de
767 1784 996 1823 summa
1024 1773 1085 1823 et
1119 1765 1198 1824 li-

135 1849 218 1910 bri
244 1860 303 1911 et
322 1849 689 1911 narrationis
720 1859 971 1910 constet.
1013 1850 1198 1924 Quod

135 1938 498 1997 sacerdotem
540 1936 742 1995 arcani
773 1936 925 1995 sacri
963 1937 1039 1995 ab
1067 1937 1197 1995 He-

135 2022 414 2101 speridum
443 2021 644 2082 hortis
673 2021 949 2098 advocat,
979 2021 1195 2081 mirum

134 2107 313 2168 videri
347 2116 560 2188 potest
573 2151 591 2182 ‚
630 2107 741 2165 nisi
763 2108 920 2166 forte
944 2107 1197 2187 Apollo-

134 2193 206 2251 nii
246 2192 452 2254 Medea
467 2237 494 2270 ,
566 2192 647 2252 ad
717 2192 886 2253 cuius
934 2213 1197 2253 amorem

133 2277 363 2339 Didonis
383 2297 564 2337 amor
584 2278 650 2336 in
675 2277 934 2337 Aeneam
957 2298 1198 2337 accom-

132 2364 389 2425 modatus
417 2372 522 2424 eat
546 2383 583 2420 a
606 2373 803 2443 poeta,
837 2364 1016 2423 etiam
1034 2362 1199 2423 hunc

132 2445 360 2512 hortum
397 2469 545 2510 cum
603 2449 862 2509 dracone
904 2450 1198 2528 sacrisque

136 2536 350 2615 magicis
389 2537 499 2598 lib.
531 2535 636 2610 lv,
687 2539 808 2611 109
834 2544 968 2614 '‘nqq.
1016 2555 1198 2594 accu-

137 2630 252 2680 rate
271 2621 590 2702 descriptis
618 2621 683 2679 in
718 2630 930 2700 poetae
958 2620 1199 2700 ingenio

139 2706 270 2766 nevit
293 2718 352 2767 et
373 2706 690 2767 instruxit.
774 2707 949 2767 Certe
984 2727 1044 2765 v.
1070 2704 1197 2769 484

137 2791 329 2859 -486
360 2811 394 2851 a
427 2791 678 2852 Medeae
726 2792 999 2871 exemplo
1027 2791 1199 2871 petiti

138 2884 290 2952 sunt,
361 2878 645 2959 Apollon.
699 2877 814 2953 111,
884 2880 1011 2943 530
1069 2896 1196 2955 sqq.

138 2960 434 3024 Enimvero
444 2960 778 3023 tenendum
791 2972 1097 3042 praeterea
1111 2969 1203 3021 eat

142 3043 271 3124 hoc,
306 3059 643 3109 extremam
671 3048 836 3107 illam
865 3047 1102 3106 Africae
1134 3046 1198 3106 h.

139 3148 183 3189 e.
206 3134 631 3194 ooeidentalem
661 3133 889 3212 plagam
908 3133 1201 3211 antiquin-

139 3214 407 3279 timorum
822 3218 1040 3277 sabulis
1076 3236 1200 3277 eoae

143 3302 509 3381 celebratum
542 3323 656 3364 nec
678 3302 859 3363 modo
879 3304 1050 3378 Solia,
1073 3303 1201 3362 No-

143 3386 268 3464 ctis,
307 3390 556 3463 Mortis,
616 3390 948 3449 Inserorum
964 3433 981 3464 ,
1040 3390 1196 3448 Tar-

143 3473 263 3549 tu’i‚
305 3475 646 3555 Elysiorum
685 3474 941 3533 confinia
974 3484 1078 3533 aut
1103 3492 1201 3532 ae-

146 3553 235 3615 des
267 3558 330 3619 in
361 3562 603 3621 Oceano
633 3560 928 3619 constitui
977 3560 1199 3634 solitas,

144 3658 332 3703 verum
397 3647 462 3705 in
543 3645 890 3706 continente
962 3662 1201 3723 quoque

145 3724 380 3788 Atlantia
396 3775 413 3806 ,
454 3733 805 3809 Gorgonum
831 3738 892 3789 et
914 3730 1201 3810 Hesperi-

146 3808 275 3871 dum
298 3815 555 3876 fabulae:
598 3816 675 3874 de
712 3815 807 3874 hia
845 3826 1044 3876 actum
1074 3824 1203 3874 erat

143 3892 390 3974 inprimis
436 3902 501 3962 in
546 3901 905 3960 carminibus
949 3901 1024 3960 de
1053 3901 1202 3961 Per-

147 3997 263 4056 ·00,
300 3984 591 4061 Hercule,
631 3985 1005 4064 Argonautis.
1037 4031 1043 4037 -
1074 3984 1201 4045 vid.

147 4062 312 4127 Notas
355 4071 431 4130 ad
464 4072 743 4152 Apollod.
776 4092 905 4151 pag.
943 4075 1069 4136 296
1112 4092 1198 4149 sq.

148 4148 270 4212 add.
310 4175 438 4234 pag.
479 4160 610 4220 386
643 4175 727 4234 sq.
770 4160 895 4223 406
936 4177 1023 4235 aq.
1073 4155 1199 4220 428

147 4252 223 4312 “1-
314 4240 943 4301 Aoeommodatissima
1015 4242 1201 4322 igitur

144 4329 334 4395 poetae
383 4325 633 4385 coneilio
676 4335 735 4385 et
782 4326 882 4386 hic
937 4329 1052 4387 suit
1095 4328 1199 4386 illa

146 4410 300 4466 ten-n·
318 4410 529 4472 fabulis
572 4411 886 4489 celebrata,
929 4413 1198 4494 inprimis

1279 1680 1346 1739 in
1386 1681 1762 1759 narratione,
1804 1699 1957 1760 quae
1990 1680 2068 1740 ad
2098 1678 2358 1741 Africam

1280 1775 1593 1845 spectaret.

1363 1851 1491 1917 480
1513 1849 1755 1915 -484,
1828 1852 2193 1930 comparant
2224 1850 2357 1909 Ho-

1276 1937 1565 1997 mericum
1594 1931 1697 1999 Zw'
1721 1931 2010 2000 Ὠκεανὸν
2036 1930 2170 2015 μετ’
2200 1930 2358 2015 ἀμύ-

1279 2046 1472 2103 μονας
1502 2022 1875 2103 Αἰθιοπῆας,
1917 2021 2082 2081 Iliad.
2111 2045 2168 2097 α,
2212 2020 2356 2097 423,

1279 2127 1392 2167 nec
1422 2118 1625 2167 tamen
1653 2107 1719 2167 id
1751 2109 1863 2166 niai
1905 2107 1981 2166 ad
2020 2106 2138 2167 hoc
2167 2127 2357 2167 unum

1281 2193 1472 2269 valet,
1528 2193 1692 2271 quod
1742 2202 2079 2253 extremum
2126 2192 2357 2253 Africae

1279 2278 1453 2338 littus
1492 2278 1887 2357 Aethiopiam
1935 2279 2207 2339 nominat
2225 2323 2242 2353 ,
2295 2287 2359 2339 et

1279 2363 1342 2424 h.
1382 2365 1424 2424 1.
1466 2364 1708 2442 quidem
1757 2364 2150 2441 occidentale,
2205 2384 2357 2443 quae

1281 2451 1522 2530 proprie
1594 2450 1970 2510 Mauretania
2050 2459 2157 2513 eat.
2273 2451 2356 2509 De

1281 2536 1525 2596 Atlante
1551 2557 1680 2616 sup.
1710 2557 1768 2596 v.
1795 2536 1938 2601 247.
1964 2529 2022 2597 v.
2040 2538 2116 2596 ad
2141 2537 2183 2612 1,
2210 2536 2355 2613 741,

1282 2631 1345 2680 et
1395 2622 1533 2681 Not.
1574 2622 1655 2680 ad
1694 2620 1971 2701 Apollod.
2015 2643 2076 2702 p.
2127 2625 2248 2688 681
2295 2630 2357 2681 et

1281 2707 1440 2768 alibi.
1486 2706 1629 2771 482.
1646 2719 1872 2786 torquet
1893 2706 2162 2767 ornatius
2177 2726 2357 2784 quam

1281 2790 1513 2850 coelum
1578 2792 1865 2868 sustinet3
1953 2801 2127 2852 motu
2178 2791 2358 2851 simul

1285 2877 1431 2935 coeli
1460 2876 1679 2935 diurno
1709 2896 2017 2956 expreaa03
2057 2895 2358 2956 praeeun-

1282 2971 1345 3021 te
1382 2962 1578 3020 Ennio
1633 2962 1794 3042 apud
1841 2962 2104 3023 Macrob.
2144 2962 2257 3038 vl,
2318 2967 2351 3026 1

1292 3048 1415 3125 Qui
1456 3048 1687 3106 coelum
1727 3059 1927 3107 versat
1970 3048 2188 3106 atelleia
2205 3046 2358 3125 sul-
2413 3058 2420 3066 “

1278 3132 1555 3210 gentibus
1583 3144 1815 3210 aptum.
1866 3133 1938 3192 cf.
1963 3133 2252 3192 Columna
2278 3131 2360 3192 ad

1281 3217 1459 3276 Ennii
1487 3218 1691 3296 fragm.
1732 3237 1792 3297 p.
1822 3218 1923 3285 45.
1968 3217 2056 3300 (et
2098 3219 2234 3278 Not.
2277 3217 2358 3277 ad

1280 3303 1402 3378 lx,
1431 3305 1548 3368 93.
1602 3305 1707 3365 W
1697 3303 1779 3382 r.)
1881 3317 2094 3381 aptum
2152 3305 2356 3381 stellis,
2459 3317 2469 3333 ¹

1282 3387 1607 3466 exquisite3
1656 3388 1888 3466 vulgari
1917 3389 2200 3468 loquendi
2222 3408 2358 3448 mo-

1284 3473 1365 3532 do
1393 3472 1592 3531 stellae
1626 3473 1790 3532 coelo
1822 3483 2030 3554 aptae,
2073 3473 2135 3534 h.
2176 3494 2224 3533 e.
2264 3474 2358 3532 af-

1282 3558 1438 3617 fixae
1485 3567 1659 3634 aunt5
1705 3568 1838 3618 tum
1874 3569 1935 3618 et
1972 3561 2171 3639 ipsum
2214 3562 2401 3618 coe-’

1282 3644 1409 3704 lum
1452 3643 1722 3702 adfixum
1760 3654 1822 3703 et
1862 3653 2105 3724 aptum,
2149 3645 2358 3724 alliga-

1282 3738 1416 3788 tum
1469 3729 1654 3788 stellis
1680 3773 1696 3804 ,
1764 3728 1827 3788 h.
1882 3749 1931 3789 e.
1990 3730 2355 3791 distinctum.

1288 3815 1498 3896 (Recte
1542 3826 1724 3892 aptus
1763 3835 1797 3872 a
1824 3815 2051 3874 Graeco
2096 3810 2359 3895 ἅπτομαι

1402 3908 1463 3957 et
1507 3900 1799 3977 Ineptum,
1854 3901 1938 3959 ita
1977 3921 2116 3961 cum
2154 3901 2359 3981 adspi—

1282 3985 1536 4061 ratione,
1578 3986 1801 4062 legitur
1839 3987 1903 4045 in
1933 3987 2160 4065 aliquot
2183 3985 2358 4046 codd.

1284 4071 1567 4130 Pierianis
1605 4071 1712 4147 ΧΠ,
1749 4076 1892 4137 202.
1922 4117 1936 4132 .
1955 4117 2000 4132 ..
2032 4074 2224 4151 repeti
2256 4071 2358 4130 vi-

1286 4155 1499 4232 detur3
1540 4156 1823 4236 primaria
1862 4166 1953 4217 est
1997 4158 2153 4217 enim
2179 4156 2359 4215 huius

1282 4242 1585 4321 participii
1612 4244 1779 4301 notio
1806 4245 2151 4306 comunem
2161 4263 2186 4314 ;
2230 4239 2355 4300 vid.

1282 4327 1515 4387 Erneat.
1556 4327 1728 4388 clav.
1773 4329 1890 4387 Cic.
1936 4348 1982 4386 a.
2035 4347 2094 4387 v.
2129 4336 2311 4403 aptus
2326 4344 2353 4397 ,-

1282 4414 1602 4474 coniuncta
1634 4421 1839 4474 autem
1857 4430 2009 4491 quae
2026 4419 2190 4487 sunt,
2214 4418 2357 4468 tan-
