2882 5028
50 1670 53 1731 1

28 1802 93 2189 ὲ

3 2482 73 2550 Α

1 2562 81 2612 ἰιι

0 2645 95 3002 ξ

44 3027 85 3060 ’ψ

40 3079 91 3144 23

416 1407 2229 1546 DISQUISITIOI

188 1651 1078 1730 DEGARMINE
1141 1649 2481 1730 EPICOVIRGILIANO

1154 1919 1566 1929 -—-—-—-—-—---

182 2070 385 2201 De
430 2130 779 2203 camnine
833 2132 1050 2226 epiro
1093 2127 1459 2203 universe
1499 2124 1748 2201 m⁴ulta
1789 2124 2225 2247 disputare,
2297 2152 2483 2204 cum

181 2244 319 2307 tot
353 2228 817 2306 habeamus
857 2230 1148 2327 libros,
1204 2233 1284 2304 in
1323 2229 1613 2332 quibus
1644 2230 1967 2329 copiose
2002 2241 2081 2305 et
2126 2243 2505 2317 accurate

184 2333 304 2409 de
358 2356 466 2408 eo
527 2346 1061 2434 praeceptum
1109 2345 1263 2429 est,
1321 2346 1400 2410 et
1452 2359 1635 2409 cum
1681 2332 1912 2432 pauci
1943 2333 2138 2429 sint,
2193 2334 2483 2434 quibus

184 2435 628 2539 expediat,
682 2437 887 2513 utin
924 2438 1371 2559 praeceptis
1417 2435 1555 2512 diu
1612 2436 2152 2533 detineantur,
2204 2437 2481 2516 inutile

188 2565 397 2617 esse
451 2539 819 2619 arbitror.
912 2545 1211 2663 Neque
1261 2541 1526 2636 etiarn
1533 2541 1719 2617 talis
1766 2540 2206 2662 disputatio
2232 2541 2482 2618 ullam

180 2644 295 2718 ad
342 2643 967 2746 adqlescentum
1011 2645 1328 2720 animos
1360 2644 1660 2752 habere
1698 2647 1978 2744 potest
1999 2644 2162 2732 vim
2194 2658 2328 2742 aut
2366 2629 2482 2720 af-
2523 2741 2526 2744 ,

179 2745 435 2822 ferre
480 2747 949 2842 utilitatem,
1023 2749 1174 2823 nisi
1212 2773 1381 2824 uno
1433 2747 1598 2824 iam
1635 2747 1767 2823 vel
1820 2746 2071 2822 altero
2131 2749 2481 2824 carmine

178 2851 586 2950 perlecto
648 2849 1109 2949 diligenter,
1190 2864 1270 2927 et
1332 2851 1570 2928 docte
1635 2863 2036 2940 enarrat03
2103 2873 2208 2925 ne
2266 2874 2479 2927 nunc

188 2951 421 3027 illud
474 2977 906 3049 moneam,
976 2955 1421 3055 praeceptis
1469 2954 1630 3030 istis
1696 2965 1774 3028 et
1818 2953 2481 3075 disputationibus

192 3057 564 3132 omnino
618 3056 799 3157 plus
860 3059 1222 3158 promitti
1284 3084 1527 3160 quam
1588 3058 1984 3159 praestari.
2088 3055 2478 3180 Pleraque

6 3225 11 3256 „
98 3167 109 3184 “
198 3161 482 3252 enim,
538 3185 743 3259 quae
768 3159 1189 3237 utilitatem
1222 3160 1560 3250 habent,
1615 3159 1792 3236 talia
1833 3171 2055 3256 sunt,
2105 3172 2195 3235 ut
2221 3161 2376 3235 ab
2356 3187 2479 3236 m-

22 3553 41 3798 ἱ

192 3262 459 3358 genio
488 3261 970 3359 liberaliore,
1017 3265 1158 3341 ubi
1193 3289 1401 3340 unus
1430 3264 1555 3340 vel
1591 3263 1790 3340 alter
1878 3276 2057 3339 oeta
2080 3263 2478 3363 perlectus

206 3363 508 3457 fuerit,
593 3367 719 3442 vel
775 3369 1101 3444 nemine
1167 3380 1600 3463 monente,
1684 3291 1912 3443 facffe
1982 3366 2478 3442 animadver-

201 3479 531 3560 tantur3
581 3471 803 3546 vanis
836 3483 1106 3546 autem
1140 3484 1219 3546 et
1245 3471 1612 3548 inanibus
1648 3468 2204 3546 subtilitatibus
2236 3482 2315 3545 et
2353 3495 2478 3572 ξιτ-,-

202 3572 454 3667 gutiis
489 3586 702 3648 aetas
728 3572 860 3649 illa
900 3573 1190 3651 melius
1233 3588 1465 3653 caret.
1574 3579 1786 3650 Tum
1831 3571 2158 3669 utilitas,
2233 3599 2475 3675 quam
2583 3642 2588 3648 .

202 3688 659 3772 praestant,
739 3677 945 3754 intra
993 3677 1374 3754 iudicium
1424 3677 1528 3754 de
1577 3676 1915 3752 aliorum
1967 3675 2476 3775 ingeniorum

204 3781 771 3856 monumentis
828 3780 1386 3904 qualecunque
1449 3780 1884 3857 ferendum
1931 3779 2320 3873 subsistit3
2383 3793 2477 3857 ut

30 3899 99 3984 p·
206 3879 261 3955 ii
304 3907 543 3977 vero,
595 3885 737 3986 qui
779 3883 1077 3984 ingenii
1120 3886 1240 3961 sui
1272 3887 1479 3961 vires
1506 3884 1650 4060 ipsi
1682 3883 2077 4004 experturi
2108 3896 2323 3980 sunt,
2381 3909 2473 3958 ex

38 4213 69 4476 Ι

88 3983 370 4132 ‘Onus
412 3987 1121 4089 praeceptionibus
1164 3987 1434 4091 paullo
1483 4014 1534 4088 p
1567 4011 1660 4063 us
1710 3998 1953 4090 quam
2009 4011 2101 4062 ex
2146 4011 2316 4063 uno
2342 3987 2471 4064 vel

88 4017 463 4182 ἷὸᾶἰιειο
530 4091 809 4168 bono
844 4092 1213 4194 exemplo
1287 4089 1749 4193 proficiant,
1851 4091 2240 4192 expectari
2299 4115 2469 4166 non

194 4206 493 4290 potest.
558 4200 731 4274 Eos
758 4209 1061 4295 tamen,
1095 4198 1230 4300 qui
1263 4193 1899 4272 adolescentibus
1925 4208 2202 4294 poetas
2231 4194 2471 4270 inter-

191 4310 659 4398 pretantur,
714 4299 1118 4376 librorum
1152 4299 1480 4377 illorum
1509 4297 1868 4374 'doctrina
1900 4297 2254 4373 imbutos
2297 4322 2468 4373 esse

306 4421 623 4501 Vmcm
683 4425 913 4499 Tou.
960 4423 2052 4500 11.1
