2882 5028
505 337 1117 414 AENEIDOS
1174 339 1382 415 Lm.
1438 339 1583 436 v1,
1631 343 2067 421 ses-sse
2252 351 2403 425 989

115 521 590 620 Aggeribus
619 547 848 599 socer
873 522 1177 624 Alpinis
1200 536 1435 626 atque
1464 549 1637 599 arce
1668 528 2042 612 Monoeci

109 625 706 717 Descendens;
758 651 1008 724 gener
1034 627 1376 703 adversis
1402 628 1823 703 instructus
1850 629 2053 709 Eois.

113 735 262 806 Ne
284 788 307 824 ‚
369 730 633 829 pueri,
689 753 793 805 ne
829 742 1037 805 tanta
1064 730 1341 806 animis
1367 730 1801 806 adsuescite
1830 730 2079 820 hella;

114 838 327 909 Neu
359 833 656 932 patriae
693 832 981 908 validas
1010 835 1090 907 in
1125 835 1416 909 viscera
1454 835 1732 909 vertite
1767 835 1991 912 vires,

122 940 449 1035 Tuque
478 936 720 1036 prior,
754 949 841 1011 tu
867 961 1124 1037 parce,
1155 959 1403 1035 genus
1429 937 1567 1038 qui
1590 936 1810 1011 ducis
1831 936 2219 1036 Olympo;
2252 943 2403 1018 835

119 1040 465 1115 Proiice
499 1038 658 1116 tela
683 1064 960 1132 manu,
1003 1042 1313 1138 sanguis
1343 1047 1588 1116 meus.
1622 1086 1727 1099 -

290 1212 392 1267 881
445 1213 724 1277 Monoeci,
768 1211 864 1280 (ita
917 1214 968 1267 6.
1025 1214 1168 1279 Wr.)
1233 1214 1508 1277 Menoeci,
1557 1214 1794 1273 Monesi,
1848 1213 2095 1277 Moneci,
2141 1213 2395 1274 Minoeci,

129 1282 409 1344 Moneta,
432 1281 685 1334 aberratt.
707 1282 862 1334 codd.
932 1286 1000 1333 At
1025 1292 1109 1333 est
1134 1282 1427 1335 Μονοίκου
1451 1277 1627 1349 λιμήν.
1767 1281 1872 1336 832
1897 1282 2194 1334 Discedens
2217 1282 2400 1349 Puget.

129 1351 370 1402 aversis
403 1349 588 1401 Medic.
624 1369 653 1401 a
681 1370 746 1401 m.
770 1368 853 1421 pr.
883 1361 937 1401 et
969 1351 1149 1415 Leid„
1184 1351 1237 1402 iu
1267 1369 1373 1418 qno
1411 1350 1613 1402 mireris
1654 1350 1919 1401 Heinsium
1963 1350 2122 1402 otium
2158 1351 2399 1420 perdere.

128 1420 254 1474 833
290 1419 570 1471 adnectite
593 1422 775 1488 Puget.
913 1422 1016 1475 834
1051 1424 1174 1471 Heu
1204 1421 1366 1472 Goth.
1403 1437 1518 1486 pn,
1554 1429 1609 1472 et
1645 1422 1924 1471 invalidas
1962 1420 2117 1472 idem.
2188 1432 2402 1470 vertere

130 1487 411 1540 Montalb.
550 1490 653 1543 836
701 1492 932 1558 sanguis
1008 1493 1097 1541 ius
1139 1507 1203 1540 ex
1244 1489 1517 1542 Rufiniano
1561 1490 1629 1541 de
1662 1490 1867 1541 schem.
1904 1489 2052 1540 Dian.
2097 1507 2149 1556 p.
2184 1489 2253 1542 36
2293 1490 2401 1557 (ed.

131 1556 365 1609 Ruhuk.
412 1575 465 1626 p.
505 1558 631 1624 267)
664 1559 765 1610 iam
803 1561 897 1610 Ge.
999 1559 1225 1611 abi-icius
1278 1559 1545 1619 laudavit3
1594 1576 1695 1611 neo
1731 1559 1916 1609 dubito
1951 1558 2002 1609 vi
2036 1577 2099 1609 ac
2137 1567 2402 1626 potestate

133 1625 452 1679 sententiae
483 1644 598 1679 esse
630 1628 1058 1696 praeferendum;
1106 1629 1207 1680 etsi
1247 1628 1546 1680 Rufinianus
1592 1627 1645 1678 iu
1687 1626 2125 1697 interpretatione
2171 1626 2401 1695 argutias

136 1704 361 1762 captat,
397 1696 544 1764 quasi
569 1706 730 1764 poeta
756 1706 896 1748 tecte
926 1698 1195 1750 Caesarem
1224 1698 1521 1766 vituperare
1558 1697 1817 1761 voluerit,
1863 1714 1977 1749 cum
2013 1697 2190 1749 dicere
2226 1696 2400 1747 mani-

134 1766 293 1815 feste
345 1782 529 1832 parum
565 1775 735 1816 tutum
783 1776 950 1817 esset:
1010 1768 1154 1819 Nam
1202 1767 1367 1817 simul
1399 1785 1650 1818 caussam
1688 1766 1817 1817 belli
1850 1768 2027 1818 civilis
2064 1767 2303 1818 ostendit
2339 1768 2401 1816 in

141 1838 394 1885 Caesam
404 1833 617 1903 juisse,
653 1836 781 1885 dum
804 1836 964 1894 dicit,
1000 1836 1228 1903 priorem
1250 1836 1405 1887 illum
1430 1834 1624 1886 debere
1657 1853 1914 1905 parcet-⁶¹5
1961 1836 2127 1886 simul
2160 1835 2401 1887 dolorem

136 1901 414 1971 consessa
447 1911 535 1970 (an
568 1922 630 1953 re
657 1904 948 1974 confessa?
979 1923 1100 1956 nam
1123 1923 1334 1957 sensus:
1369 1916 1429 1955 ut
1452 1905 1555 1973 ipsi
1590 1904 1799 1956 Caesari
1840 1901 1956 1956 talis
1996 1903 2257 1955 confessio
2301 1921 2401 1954 ex-

138 1970 431 2042 primatur)
465 1985 519 2023 ee
542 1974 601 2023 in
628 1973 829 2025 iudicio
859 1991 959 2026 suo
988 1977 1230 2044 quaerit,
1267 1986 1541 2043 tamquam
1580 1975 1703 2026 ideo
1736 1991 1967 2043 parcere
2004 1973 2150 2041 prior
2189 1970 2397 2035 debeat,

142 2044 288 2111 quia
315 2042 391 2091 sit
411 2041 686 2092 Anchisae
710 2042 827 2110 pius
856 2042 1064 2110 sanguis
1092 2056 1147 2095 et
1168 2041 1238 2094 ab
1268 2044 1492 2113 Olympo
1560 2061 1697 2095 enus
1735 2043 1919 2093 ducat.
1984 2041 2273 2093 Fatendum
2308 2050 2398 2093 ta-

137 2126 270 2161 men
293 2148 307 2171 ,
342 2108 562 2161 alterum
595 2113 828 2179 sanguis
851 2131 1003 2165 meus
1040 2113 1255 2165 affectus
1287 2111 1405 2181 plus
1446 2111 1516 2163 ha
1556 2129 1645 2162 ere
1678 2122 1734 2162 et
1768 2111 1835 2163 ad
1875 2123 2090 2163 naturae
2126 2111 2399 2163 veritatem

139 2178 341 2230 melius
369 2195 485 2230 esse
511 2191 881 2248 comparatum.

144 2302 393 2360 lumina
417 2305 597 2360 vitae.
691 2300 836 2382 (Sed
876 2304 978 2381 qui
1021 2303 1121 2380 fit,
1162 2312 1237 2363 ut

144 2408 195 2446 n
213 2406 249 2445 ο
272 2406 306 2443 c
320 2394 390 2444 te
418 2386 606 2466 premi
631 2385 715 2445 illi
735 2388 1033 2466 dicantur,
1048 2410 1235 2467 quum

149 2470 420 2552 Elysium
461 2473 570 2532 suo
626 2472 748 2532 sole
809 2475 1236 2535 collustretur?

144 2557 284 2619 vid.
317 2578 404 2617 vs.
435 2560 559 2621 640
588 2578 672 2636 sq.
747 2560 1040 2620 Nimirum
1072 2559 1236 2638 quod

144 2646 290 2705 loca
336 2642 525 2702 infera
596 2646 897 2705 communi
959 2646 1236 2724 opinione

149 2728 418 2789 tenebris
458 2729 729 2789 involuta
765 2741 1085 2810 putantur,
1131 2732 1237 2809 qui

150 2824 360 2874 autem
409 2825 771 2890 nascuntur,
830 2817 906 2875 in
975 2817 1236 2875 lucem

149 2900 258 2961 edi
282 2899 566 2963 dicuntur
589 2944 606 2975 ,
649 2901 713 2959 id
744 2902 806 2959 in
834 2921 1097 2962 errorem
1134 2904 1235 2961 in—

153 2985 335 3047 duxit
371 2994 626 3065 poetam.
679 2989 857 3069 Wr.)
944 2990 1086 3052 831.
1130 2987 1236 3045 Iu-

153 3072 276 3133 lius
313 3073 523 3130 Caesar
573 3071 640 3130 in
686 3072 1028 3152 Pompeium
1068 3093 1235 3132 arma

159 3156 439 3235 movebat
500 3176 530 3214 e
589 3157 811 3217 Galliis.
909 3158 1034 3235 Etsi
1085 3178 1234 3218 vero

157 3245 477 3302 Ravennae
511 3251 642 3301 tum
688 3242 1044 3302 subsistebat
1098 3264 1236 3302 cum

155 3347 284 3387 una
315 3327 571 3406 legione,
615 3337 845 3403 tamen,
900 3349 1037 3387 cum
1076 3337 1234 3386 cete-

158 3432 268 3475 rae
305 3411 557 3491 legiones
605 3433 680 3471 ex
720 3412 984 3472 hibernis
1032 3412 1117 3493 (v.
1161 3414 1236 3472 de

157 3500 233 3559 B.
290 3496 413 3558 civ.
473 3498 515 3573 1,
560 3502 661 3573 7),
722 3498 986 3575 adeoque
1045 3499 1235 3558 maior

162 3582 470 3664 copiarum
494 3604 634 3663 pars
680 3602 756 3641 ex
792 3584 982 3642 Gallia
1008 3584 1237 3642 Trans-

164 3669 356 3748 alpina
399 3679 551 3728 esset
597 3670 976 3744 arcessenda,
1045 3689 1237 3747 augu-

163 3767 259 3816 sta
285 3774 484 3813 rerum
510 3755 700 3834 specie
734 3754 807 3813 ab
843 3754 1090 3833 Alpibus
1124 3754 1236 3812 de·-

164 3840 441 3901 scendere
474 3859 608 3899 eum
637 3851 856 3901 narrat.
917 3839 1092 3918 Alpes
1126 3839 1237 3898 de-

166 3926 354 3986 clarat
400 3944 510 4005 per
551 3946 806 4005 aggeres
862 3927 1124 4002 Alpinos
1176 3932 1238 3982 et

165 4031 360 4072 arcem
387 4014 707 4084 Monoeci,
753 4009 815 4071 h.
857 4030 905 4070 e.
948 4030 1240 4090 promon—

167 4099 383 4157 torium
453 4115 588 4154 cum
661 4096 882 4176 templo
936 4104 993 4154 et
1054 4104 1240 4174 portu

164 4180 436 4244 Herculis
477 4180 779 4256 Monoeci,
839 4181 948 4241 sub
995 4179 1240 4260 Alpibus

168 4265 471 4327 maritimis
501 4286 621 4325 non
648 4266 820 4346 longe
846 4287 881 4323 a
908 4266 1120 4325 Nicaea
1153 4265 1239 4323 si-

165 4353 260 4429 tis,
288 4353 386 4429 qui
414 4371 580 4410 nunc
611 4353 877 4410 Monaco
907 4360 1015 4413 est.
1082 4351 1241 4411 Alie-

1321 2322 1477 2361 num
1529 2302 1733 2382 itaque
1793 2312 1884 2362 est
1925 2323 2051 2363 non
2091 2300 2398 2381 magis.ab

1317 2386 1599 2446 historiae
1625 2391 1915 2464 veritate,
1961 2408 2142 2467 quam
2178 2410 2212 2446 a
2252 2407 2399 2467 poe—

1320 2482 1416 2532 tae
1450 2473 1728 2549 consilio,
1773 2483 1879 2534 aut
1915 2476 2206 2553 cogitare,
2249 2474 2400 2532 Cae—

1321 2578 1513 2618 sarem
1561 2559 1757 2637 ipsum
1792 2578 1902 2637 per
1946 2559 2092 2617 haec
2146 2558 2277 2616 loca
2335 2560 2399 2617 in

1319 2645 1549 2706 ltaliam
1581 2645 1968 2718 descendisse,
2003 2654 2111 2703 aut
2137 2643 2214 2702 ad
2249 2643 2399 2702 red-

1319 2732 1470 2789 itum
1519 2729 1779 2789 Caesaris
1809 2748 1885 2788 ex
1926 2729 2208 2809 Hispania
2253 2726 2401 2787 haec

1311 2817 1562 2877 referre.
1646 2816 1766 2873 Nec
1801 2814 2009 2874 melius
2047 2833 2175 2874 rem
2212 2832 2399 2892 expe-

1323 2901 1415 2961 dit
1449 2901 1849 2960 Burmannus.
1934 2899 2150 2958 Videas
2197 2906 2400 2958 tamen

1321 2987 1608 3045 audacter
1636 2984 1785 3045 haec
1814 2985 1877 3044 in
1904 2985 2403 3064 descriptionibus

1320 3082 1382 3131 et
1430 3070 1695 3130 historiis
1748 3071 1948 3130 ltaliae
1992 3072 2184 3150 repeti
2222 3067 2306 3150 (v.
2349 3090 2400 3132 c.

1328 3155 1499 3215 Obss.
1531 3178 1635 3214 sur
1658 3157 1701 3215 λ’
1728 3157 1910 3216 Italie
1945 3157 2012 3215 T.
2040 3155 2208 3235 111,p.
2225 3155 2400 3235 282),

1321 3251 1380 3300 et
1411 3241 1737 3301 monstrari
1764 3241 1981 3300 turrim
2015 3261 2193 3321 super
2225 3262 2401 3300 mon-—

1319 3336 1380 3386 te
1423 3327 1648 3386 Turbia
1676 3372 1694 3404 ,
1752 3346 1871 3405 qua
1924 3329 2182 3387 transitu
2237 3328 2400 3386 facto

1321 3415 1533 3471 Caesar
1559 3413 1670 3470 iter
1710 3411 1773 3470 in
1824 3412 2055 3472 Italiam
2095 3413 2401 3489 clauserit;

1322 3518 1502 3575 quam
1532 3498 1940 3576 Tropaeorum
1980 3497 2229 3577 Augusti
2267 3500 2400 3559 rui-

1321 3604 1428 3642 nas
1456 3582 1554 3641 alii
1593 3602 1714 3640 esse
1740 3586 2172 3662 pronuntiant,
2216 3594 2286 3644 ut
2325 3604 2400 3643 ex

1320 3666 1756 3728 Holdswortho
1783 3669 1983 3729 didici.
2055 3671 2400 3751 Pompeium

1322 3757 1523 3833 copias
1594 3772 1671 3812 ex
1728 3755 1974 3815 Oriente
2034 3756 2400 3816 contraxisse

1321 3839 1453 3917 quis
1516 3840 1741 3898 nescit?
1850 3844 1993 3905 833.
2051 3863 2126 3900 ne
2177 3842 2400 3900 adsue-

1323 3928 1467 3982 scite
1491 3924 1648 3983 bella
1671 3970 1688 4001 ,
1736 3946 1848 4004 pro
1882 3927 2141 4004 vulgari:
2184 3924 2401 3985 adsue·
2486 3978 2501 3990 .

1324 4028 1486 4109 scere
1514 4010 1699 4070 bellis.
1731 4010 1884 4088 (Liv.
1917 4013 2080 4086 XXI,
2109 4015 2234 4075 33.:
2264 4012 2403 4087 „in-

1295 4115 1424 4179 ‘vla
1494 4115 1565 4154 ac
1623 4096 1796 4157 devia
1852 4096 2144 4156 adsueti.“
2219 4096 2398 4179 Wr.)

1323 4180 1482 4242 Ante
1512 4183 1716 4242 oculos
1748 4183 1922 4241 fuisse
1950 4181 2207 4242 credunt
2235 4182 2401 4245 Iliad.

1322 4291 1384 4348 η,
1414 4272 1538 4334 279
1581 4268 1654 4327 de
1684 4267 1943 4326 Hectore
1973 4277 2035 4327 et
2067 4266 2240 4326 Aiace
2272 4269 2399 4329 sin-

1321 4353 1516 4432 gulari
1574 4353 1897 4414 certamine
1965 4355 2399 4435 pugnantibus:
