2882 5028
504 363 1111 441 AENEmos
1165 366 1375 442 Lm.
1417 368 1526 479 V.
1566 368 2003 448 375—393

2243 376 2394 448 777
2451 354 2456 365 ’

158 558 339 630 Nate
370 549 551 646 dea,
603 552 668 628 si
703 576 950 628 nemo
980 551 1222 628 audet
1247 576 1331 626 se
1365 550 1693 627 credere
1726 573 2061 652 pugnae,

162 659 365 750 Quae
396 653 577 730 finis
607 655 917 734 standi?
972 679 1135 757 quo
1170 679 1304 730 me
1340 653 1576 730 decet
1607 679 1860 754 usque
1889 659 2194 736 teneri?

158 761 450 835 Ducere
483 757 695 834 dona
725 758 932 838 iube.
1010 758 1293 835 Cuncti
1323 756 1558 833 simul
1591 782 1732 833 ore
1760 755 2216 837 fremebant
2245 770 2398 844 385

157 859 673 958 Dardanidae,
726 861 1126 964 reddique
1159 863 1329 936 viro
1362 862 1749 962 promissa
1790 862 2191 945 iubebant.

162 964 292 1039 Hic
318 965 566 1063 gravis
588 965 994 1042 Entellum
1031 965 1256 1041 dictis
1291 966 1607 1062 castigat
1647 971 1982 1059 AcesteS‚

161 1072 583 1145 Proxumus
612 1082 701 1144 ut
730 1069 1117 1145 viridante
1147 1082 1329 1145 toro
1363 1067 1836 1144 consederat
1874 1069 2209 1151 herbae:

165 1172 488 1266 Entelle‚
537 1172 884 1249 heroum
919 1170 1332 1273 quondam
1368 1169 1798 1247 fortissime
1828 1169 2140 1274 frustra,

169 1278 693 1352 Tantaneaetam
723 1279 1030 1377 patiens
1060 1275 1289 1352 nullo
1323 1277 1755 1351 certamine
1797 1275 1964 1351 tolli

2246 1289 2400 1362 390

164 1382 370 1454 Dona
399 1381 661 1458 sines?
711 1380 851 1456 ubi
882 1403 1099 1454 nunc
1134 1380 1368 1455 nobis
1399 1378 1597 1454 deus
1628 1378 1761 1454 ille
1797 1382 2192 1480 magister,

166 1482 708 1585 Nequidquam
784 1497 1277 1559 memoratus
1368 1487 1571 1579 Eryx
1603 1489 1638 1558 Ρ
1737 1483 1879 1558 ubi
1961 1481 2173 1560 fama
2250 1508 2422 1588 per‘
2525 1539 2538 1547 —

1308 1610 1644 1661 omnem

171 1689 673 1786 Trinacriam,
731 1702 811 1766 et
836 1687 1085 1790 spolia
1119 1687 1246 1763 illa
1280 1690 1433 1765 tuis
1465 1688 1899 1791 pendentia
1935 1694 2211 1770 tectis?

254 1835 415 1907 391.
470 1850 687 1925 mn,
739 1848 1141 1903 melsun
1192 1831 1283 1906 N.

1455 1838 1628 1909 392.
1681 1850 2194 1927 memorium,

280 2051 382 2105 884
422 2051 600 2124 Quis
626 2064 768 2115 tres,
814 2064 868 2105 et
898 2054 1031 2120 Quia
1070 2050 1294 2104 totidem
1333 2052 1423 2104 alii
1472 2052 1611 2123 apud
1655 2056 1825 2105 Burni.
1863 2072 1977 2106 cum
2025 2055 2132 2106 Erf.
2181 2056 2249 2107 cf.
2286 2073 2399 2123 sup.

166 2116 223 2168 ad
244 2120 299 2181 ΙΙ,
332 2123 448 2176 554.
518 2125 701 2174 stanti
723 2123 939 2174 Mentel.
973 2141 1054 2191 pr.
1125 2122 1327 2173 scando
1361 2132 1484 2173 tert.
1512 2142 1542 2174 a
1572 2141 1641 2175 m.
1678 2142 1760 2193 pr.
1831 2142 1939 2194 quo
1977 2144 2059 2174 me
2093 2124 2242 2176 tedet
2269 2138 2402 2177 ante

168 2197 202 2240 ε.
224 2189 372 2242 Goth.
408 2202 556 2257 tert„
593 2202 855 2260 corrupte.

167 2254 255 2310 385
294 2260 555 2328 serebant
608 2261 807 2313 zalich.

928 2210 996 2243 us
1032 2211 1099 2242 ue
1133 2193 1340 2243 morari
1379 2192 1448 2242 ali
1490 2203 1581 2243 uot
1622 2194 1759 2245 Pier.
1802 2205 1854 2244 et
1893 2195 2043 2253 Ven„
2082 2211 2144 2244 ex
2179 2193 2399 2264 interpr.

946 2211 1051 2315 336
1087 2257 1306 2312 iubebat
1354 2211 1508 2312 exq)

1512 2273 1670 2313 onato
1725 2262 1792 2313 ad
1843 2264 2061 2314 Terent.
2121 2265 2399 2315 Burmann.

166 2324 254 2380 387
276 2332 566 2383 Hencellus
597 2339 652 2381 et
674 2331 937 2384 Aneellue
961 2329 1048 2382 hic
1077 2339 1132 2380 et
1162 2330 1220 2379 in‘
1251 2346 1363 2398 sqq.
1397 2331 1586 2382 vitiose
1615 2331 1851 2382 scribunt
1873 2330 2108 2384 Gothani
2123 2371 2138 2395 ,
2172 2332 2250 2384 uti
2280 2351 2403 2385 mox

171 2395 324 2449 Her-isc
361 2417 457 2468 pro
497 2405 677 2468 Eryx.

170 2480 265 2516 cum
301 2469 404 2522 Erf.

816 2402 921 2454 388
969 2399 1283 2455 considerat
1318 2409 1428 2451 tres
1484 2401 1623 2467 apud
1650 2404 1822 2451 Burm.
1895 2400 2065 2453 herba
2108 2419 2235 2454 unus
2265 2403 2400 2454 Pier.

542 2470 652 2526 390
693 2470 1004 2522 discrimine
1047 2467 1273 2520 Dorvill.

1425 2471 1524 2525 391
1575 2472 1712 2524 sinis
1757 2488 1842 2523 un.
1883 2473 2055 2524 Burni.
2100 2489 2214 2524 cum
2263 2473 2401 2525 binis

169 2533 376 2602 Heinsii,
410 2541 554 2610 quod
581 2539 701 2592 huic
726 2540 934 2609 quidem
968 2538 1255 2606 elegantia·
1293 2538 1586 2591 videbatur.
1644 2541 1739 2609 (ita
1770 2541 1921 2591 etiam
1946 2544 2001 2594 2.
2031 2543 2081 2595 5.
2120 2571 2186 2580 —
2224 2544 2400 2594 Muta-

169 2612 215 2654 ta
243 2604 335 2659 hoc
360 2619 412 2660 et
440 2609 686 2680 proximo
726 2627 876 2660 versu
911 2609 1050 2660 inter
1092 2607 1335 2659 unctione
1375 2610 1566 2661 fortior
1611 2621 1664 2661 et
1703 2610 2028 2662 numeroaior
2071 2610 2244 2662 evadit
2272 2629 2400 2663 ora-

169 2672 265 2735 tio;
296 2694 388 2730 nec
422 2679 598 2732 looum
635 2679 724 2731 hic
762 2679 923 2729 habet
962 2627 1146 2741 misia,
1181 2677 1281 2727 nisi
1322 2696 1436 2730 cum
1480 2697 1593 2731 voc.
1632 2682 1894 2748 magister
1930 2680 2296 2746 copulaveri⁸;
2349 2691 2404 2732 et

172 2740 233 2795 ita
256 2749 404 2800 verba
428 2748 590 2802 nobis
627 2748 765 2800 deus
795 2748 891 2800 ille
930 2749 1193 2826 magister
1224 2746 1393 2816 iungit
1422 2749 1582 2800 etiam
1607 2749 1833 2801 Servius.
1875 2753 1959 2802 W
1952 2748 2018 2816 r.)

244 2940 514 3018 385.eqq.
547 2939 787 2999 Primae
805 2939 993 2999 lineae
1011 2938 1071 2996 in
1094 2937 1230 2997 Ho-

179 3036 316 3082 mero
338 3045 394 3085 v.
412 3030 556 3090 676.
575 3046 737 3104 ⁸qq.;
781 3035 844 3084 at
858 3045 1039 3104 quam
1059 3041 1230 3101 egre-

176 3106 247 3182 gie
288 3109 584 3171 coloribus
624 3112 746 3170 suia
775 3133 807 3170 a
838 3120 1013 3192 poeta
1044 3109 1232 3168 indu-

177 3197 310 3253 ctae!
363 3195 606 3257 Acestes
645 3201 791 3263 387.
820 3199 1091 3277 graviter
1126 3216 1232 3254 ca-

176 3277 346 3357 stigat.
431 3284 521 3343 lta
557 3281 779 3343 malim.
837 3281 1053 3364 (recte3
1107 3281 1232 3340 vid.

177 3358 344 3426 Iacob.
373 3371 700 3450 Disquisit.
739 3369 1076 3447 Virgilian.
1105 3367 1168 3426 P.
1192 3366 1232 3426 1.

179 3463 228 3524 P·
268 3457 357 3516 10.
417 3453 591 3537 Wr.)
666 3455 814 3538 ‘Nec
856 3454 1008 3513 male
1032 3462 1233 3512 tamen

179 3542 366 3609 gravis
405 3542 684 3614 omnino,
744 3539 1026 3619 quoniam
1051 3557 1235 3597 senex

182 3629 321 3697 παῖς
360 3627 580 3707 quippe
612 3645 779 3685 aenea
813 3634 1009 3685 aetate
1036 3632 1093 3683 et
1119 3645 1234 3683 au-

184 3709 439 3770 ctoritate
468 3732 682 3791 graves
731 3711 1047 3771 habentur.
1137 3709 1235 3768 Si-

182 3791 316 3852 milis
339 3795 666 3878 increpatio
703 3797 964 3858 Pandari
1006 3795 1082 3855 ab
1117 3795 1238 3858 Aess

184 3891 280 3934 nea
304 3880 461 3943 iliad.
509 3907 556 3960 ε,
605 3888 721 3949 171
761 3905 887 3962 sqq.
975 3882 1237 3942 Omnino

186 3959 595 4046 obiurgationes
646 3969 937 4029 eiusmodi
992 3968 1052 4028 in
1080 3967 1238 4027 ·Ho-

185 4049 328 4108 mero
395 4063 723 4115 occurrunt
780 4055 1014 4136 plures,
1082 4073 1141 4114 v.
1187 4074 1238 4112 c.

189 4128 467 4200 Minervae
496 4140 713 4221 Odyas.
741 4166 794 4222 χ,
821 4141 964 4207 224.
1008 4138 1242 4204 Hecto-

186 4216 432 4285 rislliad.
477 4250 542 4303 o,
585 4226 711 4293 440
754 4248 873 4305 sq.;
931 4246 1076 4304 quaa
1118 4244 1241 4284 non

189 4300 336 4364 facile
384 4313 653 4372 manibus
705 4311 972 4372 dimittet
1041 4320 1239 4391 poeta,

188 4388 309 4463 ‘1⁰3⁸
335 4394 452 4454 Vim
479 4407 543 4457 et
566 4393 880 4481 δεινότητα
907 4397 1101 4457 oratio
1129 4395 1241 4455 ha-

1314 2937 1435 2997 bet.
1561 2942 1705 3003 389.
1777 2941 2002 2998 stuatra
2073 2940 2400 3000 fortissime

1317 3026 1460 3084 olim
1500 3024 1658 3083 inter
1695 3022 1939 3100 heroes,
2001 3044 2079 3083 sc.
2122 3027 2403 3103 quando-

1317 3110 1559 3188 quidem
1605 3130 1769 3169 nunc
1803 3113 1963 3170 iners
2007 3110 2273 3190 desides,
2329 3123 2403 3173 ut

1317 3197 1388 3272 11,
1434 3195 1579 3261 348.
1607 3195 1751 3261 349.
1793 3199 2044 3257 Iuvenes
2054 3197 2404 3276 fortissima

1298 3282 1543 3362 fmstm
1594 3294 1843 3360 pectora
1873 3314 1969 3340 —.
2047 3285 2191 3347 391.
2256 3288 2403 3349 392.

1316 3366 1662 3446 gravissima
1707 3368 2075 3447 obiurgatio:
2118 3373 2410 3447 magnete}-

1320 3456 1488 3531 Etyx
1526 3452 1589 3513 h.
1640 3472 1690 3514 e.
1758 3454 1944 3533 gloria
1988 3452 2171 3528 haec,
2241 3456 2408 3533 quod

1319 3539 1571 3617 Erycem
1588 3537 1832 3599 heroem
1864 3536 1994 3620 (sed
2020 3540 2228 3616 maius,
2260 3542 2408 3601 deus

1319 3624 1453 3703 ille)
1516 3626 1862 3705 magistrum
1920 3626 2219 3706 pugilatus
2289 3626 2407 3686 ha-

1319 3709 1519 3770 buisti.
1568 3711 1772 3792 Erycis
1806 3719 2003 3770 autem
2033 3732 2253 3772 nomen
2289 3714 2411 3773 suit

1323 3816 1603 3874 magnum
1674 3797 1978 3878 pugilatu,
2037 3799 2256 3879 quippe
2305 3799 2409 3878 qui

1321 3881 1640 3941 Herculem
1706 3883 1907 3964 ipsum
1953 3885 2310 3964 provocavit
2347 3904 2408 3946 v.

1322 3967 1453 4031 412
1516 3990 1644 4049 sqq.
1720 3992 1780 4029 v.
1835 3969 2079 4030 Diodor.
2135 3970 2250 4047 lv,
2307 3973 2409 4034 83.

1326 4053 1498 4113 Paua.
1543 4055 1656 4131 lv,
1717 4060 1820 4130 36,
1859 4076 1991 4136 pag.
2052 4059 2195 4120 372.
2252 4055 2409 4116 conf.

1325 4149 1468 4220 post
1496 4142 1643 4201 alios
1671 4141 1997 4201 Burmann.
2024 4144 2150 4200 Sec.
2173 4139 2250 4199 ad
2278 4140 2331 4199 N
2336 4161 2410 4199 u-

1326 4227 1519 4286 mism.
1570 4227 1727 4286 Sicil.
1780 4227 1843 4286 in
1904 4225 2151 4286 Dorvill.
2197 4226 2413 4285 Siculis

1324 4333 1384 4391 p.
1417 4317 1544 4376 899
1572 4333 1697 4390 sqq.
1788 4312 1960 4372 Adde
1994 4312 2244 4371 Excura.
2273 4310 2327 4371 11
2354 4320 2415 4370 et

1327 4397 1402 4456 de
1434 4399 1671 4457 Entello
1689 4399 1936 4458 Excute.
1969 4397 2065 4457 111.
2113 4431 2190 4443 —
2244 4397 2413 4457 nobis
