<?xml version="1.0" encoding="UTF-8"?>
<!DOCTYPE html PUBLIC "-//W3C//DTD XHTML 1.0 Transitional//EN"
    "http://www.w3.org/TR/xhtml1/DTD/xhtml1-transitional.dtd">
<html xmlns="http://www.w3.org/1999/xhtml" xml:lang="en" lang="en">
 <head>
  <title>
</title>
<meta http-equiv="Content-Type" content="text/html;charset=utf-8" />
  <meta name='ocr-system' content='tesseract 3.04.00' />
  <meta name='ocr-capabilities' content='ocr_page ocr_carea ocr_par ocr_line ocrx_word'/>
</head>
<body>
  <div class='ocr_page' id='page_1' title='image "./pvblivsvirgiliv00sillgoog/pvblivsvirgiliv00sillgoog_0940.png"; bbox 0 0 2882 5028; ppageno 0'>
   <div class='ocr_carea' id='block_1_1' title="bbox 582 361 2488 458">
    <p class='ocr_par' dir='ltr' id='par_1_1' title="bbox 582 361 2488 458">
     <span class='ocr_line' id='line_1_1' title="bbox 582 361 2488 458; baseline 0.003 -19"><span class='ocrx_word' id='word_1_1' title='bbox 582 361 1208 442; x_wconf 85' lang='lat' dir='ltr'><strong>AENEIDOS</strong></span> <span class='ocrx_word' id='word_1_2' title='bbox 1275 362 1491 439; x_wconf 90' lang='lat' dir='ltr'><strong>LIB.</strong></span> <span class='ocrx_word' id='word_1_3' title='bbox 1546 362 1675 458; x_wconf 89' lang='lat' dir='ltr'>vl,</span> <span class='ocrx_word' id='word_1_4' title='bbox 1723 366 2165 441; x_wconf 82' lang='lat'>448—458</span> <span class='ocrx_word' id='word_1_5' title='bbox 2334 375 2488 446; x_wconf 83' lang='lat'>917</span> 
     </span>
    </p>
   </div>
   <div class='ocr_carea' id='block_1_2' title="bbox 226 548 2484 1372">
    <p class='ocr_par' dir='ltr' id='par_1_2' title="bbox 236 548 2154 652">
     <span class='ocr_line' id='line_1_2' title="bbox 236 548 2154 652; baseline -0.001 -26"><span class='ocrx_word' id='word_1_6' title='bbox 236 550 561 627; x_wconf 81' lang='lat' dir='ltr'><strong>Errabat</strong></span> <span class='ocrx_word' id='word_1_7' title='bbox 589 550 778 625; x_wconf 82' lang='lat' dir='ltr'>silva</span> <span class='ocrx_word' id='word_1_8' title='bbox 814 551 891 625; x_wconf 91' lang='lat' dir='ltr'>in</span> <span class='ocrx_word' id='word_1_9' title='bbox 925 573 1243 648; x_wconf 82' lang='lat' dir='ltr'>magna:</span> <span class='ocrx_word' id='word_1_10' title='bbox 1299 575 1538 652; x_wconf 91' lang='lat' dir='ltr'>quam</span> <span class='ocrx_word' id='word_1_11' title='bbox 1575 551 1863 626; x_wconf 84' lang='lat' dir='ltr'>Troius</span> <span class='ocrx_word' id='word_1_12' title='bbox 1890 548 2154 645; x_wconf 86' lang='lat' dir='ltr'>heros,</span> 
     </span>
    </p>

    <p class='ocr_par' dir='ltr' id='par_1_3' title="bbox 235 652 2484 859">
     <span class='ocr_line' id='line_1_3' title="bbox 235 652 2484 757; baseline 0 -26"><span class='ocrx_word' id='word_1_13' title='bbox 235 658 339 732; x_wconf 86' lang='lat' dir='ltr'>Ut</span> <span class='ocrx_word' id='word_1_14' title='bbox 363 655 719 756; x_wconf 90' lang='lat' dir='ltr'>primum</span> <span class='ocrx_word' id='word_1_15' title='bbox 756 654 960 728; x_wconf 85' lang='lat' dir='ltr'>iuxta</span> <span class='ocrx_word' id='word_1_16' title='bbox 1010 655 1265 748; x_wconf 84' lang='lat' dir='ltr'>stetit,</span> <span class='ocrx_word' id='word_1_17' title='bbox 1329 652 1867 757; x_wconf 84' lang='lat' dir='ltr'>adgnovitque</span> <span class='ocrx_word' id='word_1_18' title='bbox 1913 679 2062 755; x_wconf 90' lang='lat' dir='ltr'>per</span> <span class='ocrx_word' id='word_1_19' title='bbox 2110 653 2484 732; x_wconf 82' lang='lat' dir='ltr'>umbram</span> 
     </span>
     <span class='ocr_line' id='line_1_4' title="bbox 236 755 2228 859; baseline 0.001 -25"><span class='ocrx_word' id='word_1_20' title='bbox 236 758 676 835; x_wconf 83' lang='lat' dir='ltr'>Obscuram</span> <span class='ocrx_word' id='word_1_21' title='bbox 697 815 717 852; x_wconf 91' lang='lat'>‚</span> <span class='ocrx_word' id='word_1_22' title='bbox 772 755 1093 858; x_wconf 88' lang='lat' dir='ltr'>qualem</span> <span class='ocrx_word' id='word_1_23' title='bbox 1122 757 1387 859; x_wconf 88' lang='lat' dir='ltr'>primo</span> <span class='ocrx_word' id='word_1_24' title='bbox 1425 759 1562 858; x_wconf 92' lang='lat' dir='ltr'>qui</span> <span class='ocrx_word' id='word_1_25' title='bbox 1593 781 1916 857; x_wconf 84' lang='lat' dir='ltr'>surgere</span> <span class='ocrx_word' id='word_1_26' title='bbox 1945 782 2228 836; x_wconf 89' lang='lat' dir='ltr'>mense</span> 
     </span>
    </p>

    <p class='ocr_par' dir='ltr' id='par_1_4' title="bbox 229 859 2483 1167">
     <span class='ocr_line' id='line_1_5' title="bbox 233 859 2263 961; baseline -0.001 -21"><span class='ocrx_word' id='word_1_27' title='bbox 233 867 388 940; x_wconf 87' lang='lat' dir='ltr'>Aut</span> <span class='ocrx_word' id='word_1_28' title='bbox 419 861 673 957; x_wconf 85' lang='lat' dir='ltr'>videt,</span> <span class='ocrx_word' id='word_1_29' title='bbox 719 872 850 935; x_wconf 86' lang='lat' dir='ltr'>aut</span> <span class='ocrx_word' id='word_1_30' title='bbox 880 859 1167 936; x_wconf 88' lang='lat' dir='ltr'>vidisse</span> <span class='ocrx_word' id='word_1_31' title='bbox 1200 875 1425 960; x_wconf 85' lang='lat' dir='ltr'>putat</span> <span class='ocrx_word' id='word_1_32' title='bbox 1454 885 1603 961; x_wconf 88' lang='lat' dir='ltr'>per</span> <span class='ocrx_word' id='word_1_33' title='bbox 1632 859 1901 937; x_wconf 87' lang='lat' dir='ltr'>nubila</span> <span class='ocrx_word' id='word_1_34' title='bbox 1930 865 2263 960; x_wconf 84' lang='lat' dir='ltr'>Lunam,</span> 
     </span>
     <span class='ocr_line' id='line_1_6' title="bbox 232 962 2483 1066; baseline 0.003 -25"><span class='ocrx_word' id='word_1_35' title='bbox 232 965 564 1042; x_wconf 85' lang='lat' dir='ltr'>Demisit</span> <span class='ocrx_word' id='word_1_36' title='bbox 592 962 986 1062; x_wconf 62' lang='lat' dir='ltr'>lacrimam,</span> <span class='ocrx_word' id='word_1_37' title='bbox 1039 963 1418 1066; x_wconf 82' lang='lat' dir='ltr'>dulcique</span> <span class='ocrx_word' id='word_1_38' title='bbox 1449 962 1757 1040; x_wconf 83' lang='lat' dir='ltr'>adfatus</span> <span class='ocrx_word' id='word_1_39' title='bbox 1791 989 2066 1040; x_wconf 85' lang='lat' dir='ltr'>amore</span> <span class='ocrx_word' id='word_1_40' title='bbox 2101 979 2250 1043; x_wconf 80' lang='lat' dir='ltr'>est:</span> <span class='ocrx_word' id='word_1_41' title='bbox 2330 971 2483 1047; x_wconf 85' lang='grc'>455</span> 
     </span>
     <span class='ocr_line' id='line_1_7' title="bbox 229 1066 1874 1167; baseline -0.001 -21"><span class='ocrx_word' id='word_1_42' title='bbox 229 1066 509 1146; x_wconf 85' lang='lat' dir='ltr'>Infelix</span> <span class='ocrx_word' id='word_1_43' title='bbox 539 1066 787 1163; x_wconf 87' lang='lat' dir='ltr'>Dido,</span> <span class='ocrx_word' id='word_1_44' title='bbox 835 1091 1071 1144; x_wconf 82' lang='lat' dir='ltr'>verus</span> <span class='ocrx_word' id='word_1_45' title='bbox 1100 1067 1300 1143; x_wconf 91' lang='lat' dir='ltr'>mihi</span> <span class='ocrx_word' id='word_1_46' title='bbox 1325 1069 1653 1144; x_wconf 86' lang='lat' dir='ltr'>nuntius</span> <span class='ocrx_word' id='word_1_47' title='bbox 1685 1091 1874 1167; x_wconf 84' lang='lat' dir='ltr'>ergo</span> 
     </span>
    </p>

    <p class='ocr_par' dir='ltr' id='par_1_5' title="bbox 226 1167 2353 1372">
     <span class='ocr_line' id='line_1_8' title="bbox 230 1167 2353 1274; baseline 0 -25"><span class='ocrx_word' id='word_1_48' title='bbox 230 1177 580 1250; x_wconf 89' lang='lat' dir='ltr'>Venerat</span> <span class='ocrx_word' id='word_1_49' title='bbox 605 1170 1093 1269; x_wconf 86' lang='lat' dir='ltr'>exstinctam,</span> <span class='ocrx_word' id='word_1_50' title='bbox 1147 1169 1532 1274; x_wconf 89' lang='lat' dir='ltr'>ferroque</span> <span class='ocrx_word' id='word_1_51' title='bbox 1555 1167 1910 1248; x_wconf 64' lang='lat' dir='ltr'>‘extrema</span> <span class='ocrx_word' id='word_1_52' title='bbox 1947 1183 2298 1248; x_wconf 86' lang='lat' dir='ltr'>secutam</span> <span class='ocrx_word' id='word_1_53' title='bbox 2318 1183 2353 1250; x_wconf 73' lang='grc' dir='ltr'><strong><em>ἓ</em></strong></span> 
     </span>
     <span class='ocr_line' id='line_1_9' title="bbox 226 1272 2201 1372; baseline -0.001 -20"><span class='ocrx_word' id='word_1_54' title='bbox 226 1276 559 1352; x_wconf 83' lang='lat' dir='ltr'>Funeris</span> <span class='ocrx_word' id='word_1_55' title='bbox 585 1273 748 1350; x_wconf 88' lang='lat' dir='ltr'>heu</span> <span class='ocrx_word' id='word_1_56' title='bbox 777 1272 920 1350; x_wconf 85' lang='lat' dir='ltr'>tibi</span> <span class='ocrx_word' id='word_1_57' title='bbox 950 1299 1212 1351; x_wconf 89' lang='lat' dir='ltr'>caussa</span> <span class='ocrx_word' id='word_1_58' title='bbox 1250 1272 1420 1352; x_wconf 82' lang='lat' dir='ltr'>fui?</span> <span class='ocrx_word' id='word_1_59' title='bbox 1522 1279 1679 1353; x_wconf 89' lang='lat' dir='ltr'>Per</span> <span class='ocrx_word' id='word_1_60' title='bbox 1711 1275 1972 1353; x_wconf 90' lang='lat' dir='ltr'>sidera</span> <span class='ocrx_word' id='word_1_61' title='bbox 2001 1278 2201 1372; x_wconf 80' lang='lat' dir='ltr'>iure,</span> 
     </span>
    </p>
   </div>
   <div class='ocr_carea' id='block_1_3' title="bbox 332 1387 869 1476">
    <p class='ocr_par' dir='ltr' id='par_1_6' title="bbox 332 1387 869 1476">
     <span class='ocr_line' id='line_1_10' title="bbox 332 1387 869 1476; baseline -0.011 -2"><span class='ocrx_word' id='word_1_62' title='bbox 332 1402 502 1476; x_wconf 78' lang='lat'><strong>452.</strong></span> <span class='ocrx_word' id='word_1_63' title='bbox 553 1387 869 1470; x_wconf 62' lang='lat' dir='ltr'>umus</span> 
     </span>
    </p>
   </div>
   <div class='ocr_carea' id='block_1_4' title="bbox 217 1567 2482 2680">
    <p class='ocr_par' dir='ltr' id='par_1_7' title="bbox 217 1567 2482 2680">
     <span class='ocr_line' id='line_1_11' title="bbox 363 1567 2482 1642; baseline -0 -20"><span class='ocrx_word' id='word_1_64' title='bbox 363 1569 466 1624; x_wconf 78' lang='lat'>451</span> <span class='ocrx_word' id='word_1_65' title='bbox 503 1571 560 1620; x_wconf 82' lang='lat' dir='ltr'>in</span> <span class='ocrx_word' id='word_1_66' title='bbox 589 1569 742 1621; x_wconf 87' lang='lat' dir='ltr'>deest</span> <span class='ocrx_word' id='word_1_67' title='bbox 761 1570 887 1621; x_wconf 83' lang='lat' dir='ltr'>Exc.</span> <span class='ocrx_word' id='word_1_68' title='bbox 925 1570 1199 1622; x_wconf 80' lang='lat' dir='ltr'>Burmann.</span> <span class='ocrx_word' id='word_1_69' title='bbox 1334 1567 1441 1627; x_wconf 78' lang='lat'>452</span> <span class='ocrx_word' id='word_1_70' title='bbox 1497 1574 1573 1623; x_wconf 75' lang='lat' dir='ltr'>Ue</span> <span class='ocrx_word' id='word_1_71' title='bbox 1621 1571 1780 1624; x_wconf 70' lang='lat' dir='ltr'>iuxta</span> <span class='ocrx_word' id='word_1_72' title='bbox 1813 1572 2053 1642; x_wconf 80' lang='lat' dir='ltr'>primum</span> <span class='ocrx_word' id='word_1_73' title='bbox 2097 1567 2314 1622; x_wconf 81' lang='lat' dir='ltr'>Dorvill.</span> <span class='ocrx_word' id='word_1_74' title='bbox 2378 1588 2482 1640; x_wconf 80' lang='lat' dir='ltr'>pet</span> 
     </span>
     <span class='ocr_line' id='line_1_12' title="bbox 227 1636 2480 1710; baseline -0.001 -18"><span class='ocrx_word' id='word_1_75' title='bbox 227 1636 471 1692; x_wconf 81' lang='lat' dir='ltr'>umbram</span> <span class='ocrx_word' id='word_1_76' title='bbox 514 1639 671 1707; x_wconf 80' lang='lat' dir='ltr'>vulgo</span> <span class='ocrx_word' id='word_1_77' title='bbox 722 1638 943 1704; x_wconf 89' lang='lat' dir='ltr'>lectum,</span> <span class='ocrx_word' id='word_1_78' title='bbox 990 1639 1147 1690; x_wconf 87' lang='lat' dir='ltr'>etiam</span> <span class='ocrx_word' id='word_1_79' title='bbox 1181 1638 1236 1690; x_wconf 89' lang='lat' dir='ltr'>in</span> <span class='ocrx_word' id='word_1_80' title='bbox 1279 1640 1769 1709; x_wconf 81' lang='lat' dir='ltr'>praestantioribus.</span> <span class='ocrx_word' id='word_1_81' title='bbox 1837 1658 1935 1710; x_wconf 80' lang='lat' dir='ltr'>per</span> <span class='ocrx_word' id='word_1_82' title='bbox 1982 1638 2201 1692; x_wconf 78' lang='lat' dir='ltr'>umbras</span> <span class='ocrx_word' id='word_1_83' title='bbox 2236 1639 2480 1707; x_wconf 87' lang='lat' dir='ltr'>quinque,</span> 
     </span>
     <span class='ocr_line' id='line_1_13' title="bbox 223 1707 2479 1778; baseline -0 -18"><span class='ocrx_word' id='word_1_84' title='bbox 223 1726 326 1761; x_wconf 85' lang='lat' dir='ltr'>nec</span> <span class='ocrx_word' id='word_1_85' title='bbox 364 1707 760 1773; x_wconf 86' lang='lat' dir='ltr'>contemnendi,</span> <span class='ocrx_word' id='word_1_86' title='bbox 811 1726 897 1776; x_wconf 87' lang='lat' dir='ltr'>ap.</span> <span class='ocrx_word' id='word_1_87' title='bbox 948 1708 1155 1773; x_wconf 65' lang='lat' dir='ltr'>Heius„</span> <span class='ocrx_word' id='word_1_88' title='bbox 1195 1708 1267 1759; x_wconf 88' lang='lat' dir='ltr'>ita</span> <span class='ocrx_word' id='word_1_89' title='bbox 1308 1725 1416 1761; x_wconf 88' lang='lat' dir='ltr'>non</span> <span class='ocrx_word' id='word_1_90' title='bbox 1457 1710 1729 1778; x_wconf 80' lang='lat' dir='ltr'>eleganter</span> <span class='ocrx_word' id='word_1_91' title='bbox 1769 1707 2062 1768; x_wconf 60' lang='lat' dir='ltr'>Obscuram</span> <span class='ocrx_word' id='word_1_92' title='bbox 2103 1728 2176 1763; x_wconf 87' lang='lat' dir='ltr'>sc.</span> <span class='ocrx_word' id='word_1_93' title='bbox 2223 1708 2479 1759; x_wconf 80' lang='lat' dir='ltr'>Didonem</span> 
     </span>
     <span class='ocr_line' id='line_1_14' title="bbox 224 1776 2478 1850; baseline -0.001 -20"><span class='ocrx_word' id='word_1_94' title='bbox 224 1777 335 1830; x_wconf 79' lang='lat' dir='ltr'>neci</span> <span class='ocrx_word' id='word_1_95' title='bbox 377 1795 524 1839; x_wconf 82' lang='lat' dir='ltr'>eres3</span> <span class='ocrx_word' id='word_1_96' title='bbox 578 1787 637 1828; x_wconf 88' lang='lat' dir='ltr'>ut</span> <span class='ocrx_word' id='word_1_97' title='bbox 672 1776 773 1828; x_wconf 87' lang='lat' dir='ltr'>iam</span> <span class='ocrx_word' id='word_1_98' title='bbox 812 1777 1046 1830; x_wconf 80' lang='lat' dir='ltr'>Servium</span> <span class='ocrx_word' id='word_1_99' title='bbox 1081 1776 1269 1828; x_wconf 79' lang='lat' dir='ltr'>fecisse</span> <span class='ocrx_word' id='word_1_100' title='bbox 1309 1778 1484 1832; x_wconf 84' lang='lat' dir='ltr'>video.</span> <span class='ocrx_word' id='word_1_101' title='bbox 1555 1779 1778 1847; x_wconf 80' lang='lat' dir='ltr'>Recepit</span> <span class='ocrx_word' id='word_1_102' title='bbox 1818 1795 2025 1850; x_wconf 87' lang='lat' dir='ltr'>quoque</span> <span class='ocrx_word' id='word_1_103' title='bbox 2067 1779 2125 1831; x_wconf 89' lang='lat' dir='ltr'>id</span> <span class='ocrx_word' id='word_1_104' title='bbox 2163 1776 2478 1831; x_wconf 84' lang='lat' dir='ltr'>Wakefield.</span> 
     </span>
     <span class='ocr_line' id='line_1_15' title="bbox 224 1796 2480 1918; baseline 0 -21"><span class='ocrx_word' id='word_1_105' title='bbox 224 1796 510 1914; x_wconf 55' lang='lat' dir='ltr'>(Vid&#39;entur</span> <span class='ocrx_word' id='word_1_106' title='bbox 543 1864 632 1912; x_wconf 87' lang='lat' dir='ltr'>ea,</span> <span class='ocrx_word' id='word_1_107' title='bbox 667 1863 801 1915; x_wconf 89' lang='lat' dir='ltr'>quae</span> <span class='ocrx_word' id='word_1_108' title='bbox 825 1847 893 1899; x_wconf 89' lang='lat' dir='ltr'>ad</span> <span class='ocrx_word' id='word_1_109' title='bbox 917 1865 1027 1899; x_wconf 89' lang='lat' dir='ltr'>rem</span> <span class='ocrx_word' id='word_1_110' title='bbox 1058 1846 1420 1899; x_wconf 71' lang='lat' dir='ltr'>illustrandam</span> <span class='ocrx_word' id='word_1_111' title='bbox 1450 1849 1695 1917; x_wconf 86' lang='lat' dir='ltr'>apposita</span> <span class='ocrx_word' id='word_1_112' title='bbox 1719 1857 1856 1912; x_wconf 86' lang='lat' dir='ltr'>sunt,</span> <span class='ocrx_word' id='word_1_113' title='bbox 1886 1866 2018 1918; x_wconf 76' lang='lat' dir='ltr'>per</span> <span class='ocrx_word' id='word_1_114' title='bbox 2049 1845 2301 1901; x_wconf 83' lang='lat' dir='ltr'>nubila</span> <span class='ocrx_word' id='word_1_115' title='bbox 2335 1849 2480 1899; x_wconf 80' lang='lat' dir='ltr'>Lu-</span> 
     </span>
     <span class='ocr_line' id='line_1_16' title="bbox 224 1917 2481 2039; baseline -0.001 -1"><span class='ocrx_word' id='word_1_116' title='bbox 224 1918 590 2038; x_wconf 35' lang='lat' dir='ltr'>tamt&amp;</span> <span class='ocrx_word' id='word_1_117' title='bbox 608 1917 932 2037; x_wconf 61' lang='grc' dir='ltr'>ὶῗῗῖῗῖῗῆ.</span> <span class='ocrx_word' id='word_1_118' title='bbox 949 1934 1139 2037; x_wconf 53' lang='grc' dir='ltr'>9θὶἔὲ</span> <span class='ocrx_word' id='word_1_119' title='bbox 1159 1917 2218 2039; x_wconf 48' lang='lat' dir='ltr'>tfszffzffsmq3¹21xifffffss3rzsspkfflt</span> <span class='ocrx_word' id='word_1_120' title='bbox 2229 1926 2342 2036; x_wconf 65' lang='lat'>&#39;⁸²31</span> <span class='ocrx_word' id='word_1_121' title='bbox 2352 1933 2481 2036; x_wconf 62' lang='lat'><em>¹²:01</em></span> 
     </span>
     <span class='ocr_line' id='line_1_17' title="bbox 222 2004 2480 2124; baseline -0.001 -17"><span class='ocrx_word' id='word_1_122' title='bbox 222 2067 389 2107; x_wconf 84' lang='lat' dir='ltr'>terem</span> <span class='ocrx_word' id='word_1_123' title='bbox 426 2055 705 2106; x_wconf 88' lang='lat' dir='ltr'>lectionem</span> <span class='ocrx_word' id='word_1_124' title='bbox 761 2004 1083 2121; x_wconf 59' lang='lat' dir='ltr'>tenebimiis,</span> <span class='ocrx_word' id='word_1_125' title='bbox 1129 2064 1274 2107; x_wconf 87' lang='lat' dir='ltr'>recte</span> <span class='ocrx_word' id='word_1_126' title='bbox 1321 2055 1425 2106; x_wconf 83' lang='lat' dir='ltr'>sibi</span> <span class='ocrx_word' id='word_1_127' title='bbox 1469 2056 1795 2124; x_wconf 88' lang='lat' dir='ltr'>respondent</span> <span class='ocrx_word' id='word_1_128' title='bbox 1837 2065 2166 2122; x_wconf 60' lang='lat' dir='ltr'>comparatu</span> <span class='ocrx_word' id='word_1_129' title='bbox 2211 2025 2480 2123; x_wconf 65' lang='lat' dir='ltr'>a&#39;dguovit,</span> 
     </span>
     <span class='ocr_line' id='line_1_18' title="bbox 223 2125 2480 2195; baseline -0.001 -18"><span class='ocrx_word' id='word_1_130' title='bbox 223 2143 299 2177; x_wconf 82' lang='lat' dir='ltr'>sc.</span> <span class='ocrx_word' id='word_1_131' title='bbox 330 2142 503 2187; x_wconf 84' lang='lat' dir='ltr'>eam,</span> <span class='ocrx_word' id='word_1_132' title='bbox 537 2125 604 2176; x_wconf 86' lang='lat' dir='ltr'>ad</span> <span class='ocrx_word' id='word_1_133' title='bbox 631 2125 772 2193; x_wconf 90' lang='lat' dir='ltr'>quod</span> <span class='ocrx_word' id='word_1_134' title='bbox 805 2127 1054 2192; x_wconf 81' lang='lat' dir='ltr'>Lunam,</span> <span class='ocrx_word' id='word_1_135' title='bbox 1100 2142 1220 2193; x_wconf 87' lang='lat' dir='ltr'>per</span> <span class='ocrx_word' id='word_1_136' title='bbox 1268 2125 1565 2177; x_wconf 88' lang='lat' dir='ltr'>umbram</span> <span class='ocrx_word' id='word_1_137' title='bbox 1613 2126 2027 2191; x_wconf 86' lang='lat' dir='ltr'>obscuram,</span> <span class='ocrx_word' id='word_1_138' title='bbox 2076 2126 2144 2177; x_wconf 82' lang='lat' dir='ltr'>ad</span> <span class='ocrx_word' id='word_1_139' title='bbox 2198 2125 2338 2193; x_wconf 91' lang='lat' dir='ltr'>quod</span> <span class='ocrx_word' id='word_1_140' title='bbox 2373 2141 2480 2195; x_wconf 83' lang='lat' dir='ltr'>per</span> 
     </span>
     <span class='ocr_line' id='line_1_19' title="bbox 221 2192 2480 2264; baseline -0 -17"><span class='ocrx_word' id='word_1_141' title='bbox 221 2192 415 2247; x_wconf 76' lang='lat' dir='ltr'>nubila</span> <span class='ocrx_word' id='word_1_142' title='bbox 446 2195 660 2246; x_wconf 83' lang='lat' dir='ltr'>referes.</span> <span class='ocrx_word' id='word_1_143' title='bbox 729 2196 909 2263; x_wconf 88' lang='lat' dir='ltr'>Itaque</span> <span class='ocrx_word' id='word_1_144' title='bbox 960 2195 1013 2246; x_wconf 90' lang='lat' dir='ltr'>in</span> <span class='ocrx_word' id='word_1_145' title='bbox 1064 2211 1123 2245; x_wconf 86' lang='lat' dir='ltr'>re</span> <span class='ocrx_word' id='word_1_146' title='bbox 1169 2194 1327 2246; x_wconf 82' lang='lat' dir='ltr'>dubia</span> <span class='ocrx_word' id='word_1_147' title='bbox 1367 2204 1608 2262; x_wconf 76' lang='lat' dir='ltr'>praestat</span> <span class='ocrx_word' id='word_1_148' title='bbox 1645 2195 1827 2246; x_wconf 88' lang='lat' dir='ltr'>audire</span> <span class='ocrx_word' id='word_1_149' title='bbox 1871 2204 2035 2245; x_wconf 82' lang='lat' dir='ltr'>testes</span> <span class='ocrx_word' id='word_1_150' title='bbox 2074 2193 2480 2264; x_wconf 80' lang='lat' dir='ltr'>antiquissimos.</span> 
     </span>
     <span class='ocr_line' id='line_1_20' title="bbox 220 2263 2478 2327; baseline -0 -12"><span class='ocrx_word' id='word_1_151' title='bbox 220 2266 331 2317; x_wconf 83' lang='lat' dir='ltr'>lam</span> <span class='ocrx_word' id='word_1_152' title='bbox 355 2264 480 2315; x_wconf 84' lang='lat' dir='ltr'>libri</span> <span class='ocrx_word' id='word_1_153' title='bbox 507 2263 801 2327; x_wconf 83' lang='lat' dir='ltr'>veterrimi,</span> <span class='ocrx_word' id='word_1_154' title='bbox 835 2274 893 2314; x_wconf 88' lang='lat' dir='ltr'>ut</span> <span class='ocrx_word' id='word_1_155' title='bbox 920 2263 1154 2327; x_wconf 82' lang='lat' dir='ltr'>videtur,</span> <span class='ocrx_word' id='word_1_156' title='bbox 1189 2263 1256 2315; x_wconf 83' lang='lat' dir='ltr'>ad</span> <span class='ocrx_word' id='word_1_157' title='bbox 1282 2281 1439 2314; x_wconf 89' lang='lat' dir='ltr'>unum</span> <span class='ocrx_word' id='word_1_158' title='bbox 1469 2279 1647 2315; x_wconf 88' lang='lat' dir='ltr'>omnes</span> <span class='ocrx_word' id='word_1_159' title='bbox 1675 2264 1927 2315; x_wconf 85' lang='lat' dir='ltr'>exhibent</span> <span class='ocrx_word' id='word_1_160' title='bbox 1963 2264 2232 2320; x_wconf 73' lang='lat' dir='ltr'>umbram:</span> <span class='ocrx_word' id='word_1_161' title='bbox 2267 2264 2370 2315; x_wconf 90' lang='lat' dir='ltr'>hoc</span> <span class='ocrx_word' id='word_1_162' title='bbox 2391 2263 2478 2314; x_wconf 89' lang='lat' dir='ltr'>le-</span> 
     </span>
     <span class='ocr_line' id='line_1_21' title="bbox 222 2332 2478 2403; baseline 0 -19"><span class='ocrx_word' id='word_1_163' title='bbox 222 2333 367 2402; x_wconf 82' lang='lat' dir='ltr'>gitur</span> <span class='ocrx_word' id='word_1_164' title='bbox 396 2333 549 2384; x_wconf 87' lang='lat' dir='ltr'>etiam</span> <span class='ocrx_word' id='word_1_165' title='bbox 573 2333 712 2400; x_wconf 90' lang='lat' dir='ltr'>apud</span> <span class='ocrx_word' id='word_1_166' title='bbox 743 2334 1027 2398; x_wconf 83' lang='lat' dir='ltr'>Donatum,</span> <span class='ocrx_word' id='word_1_167' title='bbox 1077 2333 1319 2402; x_wconf 84' lang='lat' dir='ltr'>idemque</span> <span class='ocrx_word' id='word_1_168' title='bbox 1345 2332 1605 2385; x_wconf 83' lang='lat' dir='ltr'>invenisse</span> <span class='ocrx_word' id='word_1_169' title='bbox 1634 2334 1893 2398; x_wconf 79' lang='lat' dir='ltr'>Servium,</span> <span class='ocrx_word' id='word_1_170' title='bbox 1929 2343 2113 2386; x_wconf 85' lang='lat' dir='ltr'>contra</span> <span class='ocrx_word' id='word_1_171' title='bbox 2146 2352 2298 2403; x_wconf 81' lang='lat' dir='ltr'>quam</span> <span class='ocrx_word' id='word_1_172' title='bbox 2327 2334 2478 2402; x_wconf 76' lang='lat' dir='ltr'>Hey-</span> 
     </span>
     <span class='ocr_line' id='line_1_22' title="bbox 220 2402 2475 2470; baseline -0 -16"><span class='ocrx_word' id='word_1_173' title='bbox 220 2403 339 2454; x_wconf 85' lang='lat' dir='ltr'>nius</span> <span class='ocrx_word' id='word_1_174' title='bbox 366 2402 669 2466; x_wconf 83' lang='lat' dir='ltr'>contendit,</span> <span class='ocrx_word' id='word_1_175' title='bbox 701 2402 982 2455; x_wconf 81' lang='lat' dir='ltr'>manifesto</span> <span class='ocrx_word' id='word_1_176' title='bbox 1028 2402 1361 2470; x_wconf 84' lang='lat' dir='ltr'>cognoscitur</span> <span class='ocrx_word' id='word_1_177' title='bbox 1393 2421 1457 2453; x_wconf 82' lang='lat' dir='ltr'>ex</span> <span class='ocrx_word' id='word_1_178' title='bbox 1502 2404 1611 2454; x_wconf 88' lang='lat' dir='ltr'>eius</span> <span class='ocrx_word' id='word_1_179' title='bbox 1648 2402 1854 2455; x_wconf 79' lang='lat' dir='ltr'>scholio</span> <span class='ocrx_word' id='word_1_180' title='bbox 1902 2402 1970 2454; x_wconf 85' lang='lat' dir='ltr'>ad</span> <span class='ocrx_word' id='word_1_181' title='bbox 2013 2422 2089 2456; x_wconf 81' lang='lat' dir='ltr'>vs.</span> <span class='ocrx_word' id='word_1_182' title='bbox 2126 2405 2247 2459; x_wconf 80' lang='lat'>340.</span> <span class='ocrx_word' id='word_1_183' title='bbox 2320 2402 2475 2466; x_wconf 87' lang='lat' dir='ltr'>Quod</span> 
     </span>
     <span class='ocr_line' id='line_1_23' title="bbox 221 2470 2477 2542; baseline -0 -17"><span class='ocrx_word' id='word_1_184' title='bbox 221 2473 271 2525; x_wconf 87' lang='lat' dir='ltr'>si</span> <span class='ocrx_word' id='word_1_185' title='bbox 299 2472 413 2542; x_wconf 87' lang='lat' dir='ltr'>quis</span> <span class='ocrx_word' id='word_1_186' title='bbox 443 2471 651 2536; x_wconf 83' lang='lat' dir='ltr'>dixerit,</span> <span class='ocrx_word' id='word_1_187' title='bbox 691 2470 911 2523; x_wconf 78' lang='lat' dir='ltr'>umbras</span> <span class='ocrx_word' id='word_1_188' title='bbox 932 2470 986 2524; x_wconf 89' lang='lat' dir='ltr'>in</span> <span class='ocrx_word' id='word_1_189' title='bbox 1018 2471 1257 2524; x_wconf 78' lang='lat' dir='ltr'>umbram</span> <span class='ocrx_word' id='word_1_190' title='bbox 1284 2481 1534 2524; x_wconf 85' lang='lat' dir='ltr'>mutatum</span> <span class='ocrx_word' id='word_1_191' title='bbox 1563 2489 1679 2524; x_wconf 81' lang='lat' dir='ltr'>esse</span> <span class='ocrx_word' id='word_1_192' title='bbox 1709 2472 1774 2524; x_wconf 91' lang='lat' dir='ltr'>ab</span> <span class='ocrx_word' id='word_1_193' title='bbox 1802 2471 1884 2533; x_wconf 84' lang='lat' dir='ltr'>iis,</span> <span class='ocrx_word' id='word_1_194' title='bbox 1924 2472 2011 2541; x_wconf 88' lang='lat' dir='ltr'>qui</span> <span class='ocrx_word' id='word_1_195' title='bbox 2049 2471 2330 2526; x_wconf 81' lang='lat' dir='ltr'>obscuram</span> <span class='ocrx_word' id='word_1_196' title='bbox 2364 2489 2477 2525; x_wconf 88' lang='lat' dir='ltr'>cum</span> 
     </span>
     <span class='ocr_line' id='line_1_24' title="bbox 221 2541 2478 2611; baseline -0.001 -16"><span class='ocrx_word' id='word_1_197' title='bbox 221 2560 292 2595; x_wconf 85' lang='lat' dir='ltr'>eo</span> <span class='ocrx_word' id='word_1_198' title='bbox 315 2541 641 2594; x_wconf 84' lang='lat' dir='ltr'>substantivo</span> <span class='ocrx_word' id='word_1_199' title='bbox 666 2542 980 2610; x_wconf 87' lang='lat' dir='ltr'>iungendum</span> <span class='ocrx_word' id='word_1_200' title='bbox 1022 2552 1325 2611; x_wconf 59' lang='lat' dir='ltr'>putarent,‘</span> <span class='ocrx_word' id='word_1_201' title='bbox 1351 2542 1401 2593; x_wconf 88' lang='lat' dir='ltr'>ei</span> <span class='ocrx_word' id='word_1_202' title='bbox 1449 2542 1671 2611; x_wconf 87' lang='lat' dir='ltr'>primum</span> <span class='ocrx_word' id='word_1_203' title='bbox 1708 2541 2175 2611; x_wconf 77' lang='lat' dir='ltr'>respondebimus,</span> <span class='ocrx_word' id='word_1_204' title='bbox 2223 2542 2383 2610; x_wconf 81' lang='lat' dir='ltr'>vulgo</span> <span class='ocrx_word' id='word_1_205' title='bbox 2420 2541 2478 2593; x_wconf 87' lang='lat' dir='ltr'>in</span> 
     </span>
     <span class='ocr_line' id='line_1_25' title="bbox 217 2609 2476 2680; baseline -0.001 -16"><span class='ocrx_word' id='word_1_206' title='bbox 217 2612 328 2665; x_wconf 83' lang='lat' dir='ltr'>hoc</span> <span class='ocrx_word' id='word_1_207' title='bbox 374 2612 730 2680; x_wconf 84' lang='lat' dir='ltr'>similibusque</span> <span class='ocrx_word' id='word_1_208' title='bbox 772 2610 1069 2663; x_wconf 87' lang='lat' dir='ltr'>nominibus</span> <span class='ocrx_word' id='word_1_209' title='bbox 1107 2611 1395 2680; x_wconf 82' lang='lat' dir='ltr'>permutari</span> <span class='ocrx_word' id='word_1_210' title='bbox 1433 2610 1757 2678; x_wconf 80' lang='lat' dir='ltr'>singularem</span> <span class='ocrx_word' id='word_1_211' title='bbox 1812 2620 1868 2663; x_wconf 90' lang='lat' dir='ltr'>et</span> <span class='ocrx_word' id='word_1_212' title='bbox 1914 2611 2200 2674; x_wconf 82' lang='lat' dir='ltr'>Pluralem3</span> <span class='ocrx_word' id='word_1_213' title='bbox 2249 2621 2388 2676; x_wconf 86' lang='lat' dir='ltr'>tum,</span> <span class='ocrx_word' id='word_1_214' title='bbox 2431 2609 2476 2661; x_wconf 88' lang='lat' dir='ltr'>si</span> 
     </span>
    </p>
   </div>
   <div class='ocr_carea' id='block_1_5' title="bbox 211 2679 2477 3022">
    <p class='ocr_par' dir='ltr' id='par_1_8' title="bbox 211 2679 2477 3022">
     <span class='ocr_line' id='line_1_26' title="bbox 219 2679 2477 2752; baseline 0 -21"><span class='ocrx_word' id='word_1_215' title='bbox 219 2682 339 2752; x_wconf 85' lang='lat' dir='ltr'>quis</span> <span class='ocrx_word' id='word_1_216' title='bbox 371 2681 459 2733; x_wconf 87' lang='lat' dir='ltr'>hic</span> <span class='ocrx_word' id='word_1_217' title='bbox 483 2681 821 2746; x_wconf 83' lang='lat' dir='ltr'>offendisset,</span> <span class='ocrx_word' id='word_1_218' title='bbox 875 2680 1051 2747; x_wconf 86' lang='lat' dir='ltr'>potius</span> <span class='ocrx_word' id='word_1_219' title='bbox 1091 2679 1400 2744; x_wconf 78' lang='lat' dir='ltr'>obscuram,</span> <span class='ocrx_word' id='word_1_220' title='bbox 1449 2689 1509 2732; x_wconf 89' lang='lat' dir='ltr'>ut</span> <span class='ocrx_word' id='word_1_221' title='bbox 1548 2680 1856 2732; x_wconf 84' lang='lat' dir='ltr'>adiectivum</span> <span class='ocrx_word' id='word_1_222' title='bbox 1897 2691 1950 2731; x_wconf 90' lang='lat' dir='ltr'>et</span> <span class='ocrx_word' id='word_1_223' title='bbox 1990 2680 2376 2748; x_wconf 86' lang='lat' dir='ltr'>postpositum,</span> <span class='ocrx_word' id='word_1_224' title='bbox 2421 2680 2477 2731; x_wconf 90' lang='lat' dir='ltr'>in</span> 
     </span>
     <span class='ocr_line' id='line_1_27' title="bbox 219 2748 2474 2818; baseline -0.002 -14"><span class='ocrx_word' id='word_1_225' title='bbox 219 2749 484 2804; x_wconf 72' lang='lat' dir='ltr'>obscuras</span> <span class='ocrx_word' id='word_1_226' title='bbox 509 2761 821 2802; x_wconf 78' lang='lat' dir='ltr'>mutaturum</span> <span class='ocrx_word' id='word_1_227' title='bbox 845 2751 1007 2801; x_wconf 71' lang='lat' dir='ltr'>fuisse</span> <span class='ocrx_word' id='word_1_228' title='bbox 1027 2788 1043 2816; x_wconf 89' lang='lat'>,</span> <span class='ocrx_word' id='word_1_229' title='bbox 1094 2767 1244 2818; x_wconf 86' lang='lat' dir='ltr'>quam</span> <span class='ocrx_word' id='word_1_230' title='bbox 1288 2748 1535 2813; x_wconf 78' lang='lat' dir='ltr'>umbras,</span> <span class='ocrx_word' id='word_1_231' title='bbox 1582 2749 1960 2800; x_wconf 81' lang='lat' dir='ltr'>substantivum</span> <span class='ocrx_word' id='word_1_232' title='bbox 2000 2760 2054 2800; x_wconf 90' lang='lat' dir='ltr'>et</span> <span class='ocrx_word' id='word_1_233' title='bbox 2096 2767 2474 2817; x_wconf 80' lang='lat' dir='ltr'>praegressum,</span> 
     </span>
     <span class='ocr_line' id='line_1_28' title="bbox 214 2816 2476 2901; baseline -0.001 -29"><span class='ocrx_word' id='word_1_234' title='bbox 214 2820 276 2872; x_wconf 83' lang='lat' dir='ltr'>in</span> <span class='ocrx_word' id='word_1_235' title='bbox 308 2818 577 2882; x_wconf 77' lang='lat' dir='ltr'>umbram3</span> <span class='ocrx_word' id='word_1_236' title='bbox 612 2820 837 2901; x_wconf 84' lang='lat' dir='ltr'>denique</span> <span class='ocrx_word' id='word_1_237' title='bbox 912 2819 1071 2870; x_wconf 84' lang='lat' dir='ltr'>ariter</span> <span class='ocrx_word' id='word_1_238' title='bbox 1114 2818 1356 2871; x_wconf 79' lang='lat' dir='ltr'>cadentia</span> <span class='ocrx_word' id='word_1_239' title='bbox 1391 2816 1631 2870; x_wconf 83' lang='lat' dir='ltr'>umbram</span> <span class='ocrx_word' id='word_1_240' title='bbox 1679 2817 1962 2870; x_wconf 75' lang='lat' dir='ltr'>obscuram</span> <span class='ocrx_word' id='word_1_241' title='bbox 2004 2818 2078 2869; x_wconf 88' lang='lat' dir='ltr'>ita</span> <span class='ocrx_word' id='word_1_242' title='bbox 2117 2819 2259 2870; x_wconf 83' lang='lat' dir='ltr'>iuxta</span> <span class='ocrx_word' id='word_1_243' title='bbox 2296 2818 2476 2887; x_wconf 82' lang='lat' dir='ltr'>posita</span> 
     </span>
     <span class='ocr_line' id='line_1_29' title="bbox 214 2885 2472 2957; baseline -0.001 -16"><span class='ocrx_word' id='word_1_244' title='bbox 214 2890 462 2941; x_wconf 79' lang='lat' dir='ltr'>videntur</span> <span class='ocrx_word' id='word_1_245' title='bbox 490 2890 700 2957; x_wconf 83' lang='lat' dir='ltr'>egregie</span> <span class='ocrx_word' id='word_1_246' title='bbox 728 2887 863 2957; x_wconf 77' lang='lat' dir='ltr'>signi</span> <span class='ocrx_word' id='word_1_247' title='bbox 903 2906 1024 2940; x_wconf 88' lang='lat' dir='ltr'>care</span> <span class='ocrx_word' id='word_1_248' title='bbox 1060 2888 1332 2939; x_wconf 86' lang='lat' dir='ltr'>multam</span> <span class='ocrx_word' id='word_1_249' title='bbox 1371 2888 1727 2939; x_wconf 82' lang='lat' dir='ltr'>circumfusam</span> <span class='ocrx_word' id='word_1_250' title='bbox 1764 2885 2070 2953; x_wconf 84' lang='lat' dir='ltr'>caliginem;</span> <span class='ocrx_word' id='word_1_251' title='bbox 2113 2888 2217 2940; x_wconf 80' lang='lat' dir='ltr'>vid.</span> <span class='ocrx_word' id='word_1_252' title='bbox 2261 2886 2366 2939; x_wconf 86' lang='lat' dir='ltr'>loci</span> <span class='ocrx_word' id='word_1_253' title='bbox 2406 2890 2472 2951; x_wconf 89' lang='lat' dir='ltr'>Q.</span> 
     </span>
     <span class='ocr_line' id='line_1_30' title="bbox 211 2956 2476 3022; baseline -0.001 -12"><span class='ocrx_word' id='word_1_254' title='bbox 211 2961 290 3011; x_wconf 80' lang='lat' dir='ltr'>V.</span> <span class='ocrx_word' id='word_1_255' title='bbox 321 2959 582 3021; x_wconf 80' lang='lat' dir='ltr'>XXXIII,</span> <span class='ocrx_word' id='word_1_256' title='bbox 609 2962 661 3014; x_wconf 87' lang='lat'>8.</span> <span class='ocrx_word' id='word_1_257' title='bbox 696 2967 830 3010; x_wconf 83' lang='lat' dir='ltr'>extr.</span> <span class='ocrx_word' id='word_1_258' title='bbox 859 2956 1098 3019; x_wconf 82' lang='lat' dir='ltr'>excitati,</span> <span class='ocrx_word' id='word_1_259' title='bbox 1146 2968 1199 3008; x_wconf 90' lang='lat' dir='ltr'>et</span> <span class='ocrx_word' id='word_1_260' title='bbox 1224 2957 1319 3009; x_wconf 76' lang='lat' dir='ltr'>cfr.</span> <span class='ocrx_word' id='word_1_261' title='bbox 1348 2975 1424 3008; x_wconf 79' lang='lat' dir='ltr'>vs.</span> <span class='ocrx_word' id='word_1_262' title='bbox 1452 2956 1607 3011; x_wconf 58' lang='lat' dir='ltr'>34oe</span> <span class='ocrx_word' id='word_1_263' title='bbox 1648 2957 1834 3022; x_wconf 82' lang='lat' dir='ltr'>„Hunc</span> <span class='ocrx_word' id='word_1_264' title='bbox 1861 2957 2349 3008; x_wconf 78' lang='lat' dir='ltr'>—Palinurum—</span> <span class='ocrx_word' id='word_1_265' title='bbox 2383 2957 2476 3008; x_wconf 87' lang='lat' dir='ltr'>ubi</span> 
     </span>
    </p>
   </div>
   <div class='ocr_carea' id='block_1_6' title="bbox 212 3026 1478 3096">
    <p class='ocr_par' dir='ltr' id='par_1_9' title="bbox 212 3026 1478 3096">
     <span class='ocr_line' id='line_1_31' title="bbox 212 3026 1478 3096; baseline -0.003 -15"><span class='ocrx_word' id='word_1_266' title='bbox 212 3030 305 3081; x_wconf 78' lang='lat' dir='ltr'>vix</span> <span class='ocrx_word' id='word_1_267' title='bbox 348 3028 561 3080; x_wconf 83' lang='lat' dir='ltr'>multa</span> <span class='ocrx_word' id='word_1_268' title='bbox 598 3039 847 3079; x_wconf 88' lang='lat' dir='ltr'>maestum</span> <span class='ocrx_word' id='word_1_269' title='bbox 879 3027 1127 3096; x_wconf 84' lang='lat' dir='ltr'>cognovit</span> <span class='ocrx_word' id='word_1_270' title='bbox 1150 3026 1204 3077; x_wconf 90' lang='lat' dir='ltr'>in</span> <span class='ocrx_word' id='word_1_271' title='bbox 1242 3026 1478 3078; x_wconf 84' lang='lat' dir='ltr'>umbra.“</span> 
     </span>
    </p>
   </div>
   <div class='ocr_carea' id='block_1_7' title="bbox 1548 3024 2473 3148">
    <p class='ocr_par' dir='ltr' id='par_1_10' title="bbox 1548 3024 2473 3148">
     <span class='ocr_line' id='line_1_32' title="bbox 1548 3024 2473 3148; baseline 0.004 -73"><span class='ocrx_word' id='word_1_272' title='bbox 1548 3027 1731 3094; x_wconf 80' lang='lat' dir='ltr'>Itaque</span> <span class='ocrx_word' id='word_1_273' title='bbox 1759 3025 2002 3076; x_wconf 77' lang='lat' dir='ltr'>revocavi</span> <span class='ocrx_word' id='word_1_274' title='bbox 2030 3024 2286 3078; x_wconf 75' lang='lat' dir='ltr'>umbram.</span> <span class='ocrx_word' id='word_1_275' title='bbox 2331 3027 2473 3148; x_wconf 51' lang='lat' dir='ltr'>Wrss</span> 
     </span>
    </p>
   </div>
   <div class='ocr_carea' id='block_1_8' title="bbox 210 3094 2435 3167">
    <p class='ocr_par' dir='ltr' id='par_1_11' title="bbox 210 3094 2435 3167">
     <span class='ocr_line' id='line_1_33' title="bbox 210 3094 2435 3167; baseline -0.003 -13"><span class='ocrx_word' id='word_1_276' title='bbox 210 3099 326 3154; x_wconf 76' lang='lat'>455</span> <span class='ocrx_word' id='word_1_277' title='bbox 362 3099 484 3167; x_wconf 75' lang='lat' dir='ltr'>quis</span> <span class='ocrx_word' id='word_1_278' title='bbox 508 3098 600 3149; x_wconf 82' lang='lat' dir='ltr'>alii</span> <span class='ocrx_word' id='word_1_279' title='bbox 633 3107 686 3148; x_wconf 91' lang='lat' dir='ltr'>et</span> <span class='ocrx_word' id='word_1_280' title='bbox 717 3098 800 3148; x_wconf 89' lang='lat' dir='ltr'>ed.</span> <span class='ocrx_word' id='word_1_281' title='bbox 827 3099 988 3161; x_wconf 64' lang='lat' dir='ltr'>lunt„</span> <span class='ocrx_word' id='word_1_282' title='bbox 1023 3097 1119 3148; x_wconf 87' lang='lat' dir='ltr'>sed</span> <span class='ocrx_word' id='word_1_283' title='bbox 1147 3096 1250 3147; x_wconf 86' lang='lat' dir='ltr'>iam</span> <span class='ocrx_word' id='word_1_284' title='bbox 1282 3096 1418 3147; x_wconf 89' lang='lat' dir='ltr'>Pier.</span> <span class='ocrx_word' id='word_1_285' title='bbox 1456 3094 1673 3146; x_wconf 83' lang='lat' dir='ltr'>alteram</span> <span class='ocrx_word' id='word_1_286' title='bbox 1710 3094 1978 3162; x_wconf 85' lang='lat' dir='ltr'>praetulit.</span> <span class='ocrx_word' id='word_1_287' title='bbox 2028 3094 2153 3161; x_wconf 85' lang='lat' dir='ltr'>(vid.</span> <span class='ocrx_word' id='word_1_288' title='bbox 2194 3098 2261 3149; x_wconf 86' lang='lat' dir='ltr'>V.</span> <span class='ocrx_word' id='word_1_289' title='bbox 2299 3096 2362 3149; x_wconf 86' lang='lat' dir='ltr'>L.</span> <span class='ocrx_word' id='word_1_290' title='bbox 2404 3114 2435 3147; x_wconf 79' lang='lat' dir='ltr'>a</span> 
     </span>
    </p>
   </div>
   <div class='ocr_carea' id='block_1_9' title="bbox 210 3164 1340 3238">
    <p class='ocr_par' dir='ltr' id='par_1_12' title="bbox 210 3164 1340 3238">
     <span class='ocr_line' id='line_1_34' title="bbox 210 3164 1340 3238; baseline -0.004 -17"><span class='ocrx_word' id='word_1_291' title='bbox 210 3172 309 3221; x_wconf 58' lang='lat' dir='ltr'>vsi</span> <span class='ocrx_word' id='word_1_292' title='bbox 330 3170 447 3221; x_wconf 78' lang='lat'>141.</span> <span class='ocrx_word' id='word_1_293' title='bbox 488 3167 632 3234; x_wconf 86' lang='lat' dir='ltr'>Wr.)</span> <span class='ocrx_word' id='word_1_294' title='bbox 701 3169 796 3237; x_wconf 81' lang='lat' dir='ltr'>qui</span> <span class='ocrx_word' id='word_1_295' title='bbox 813 3168 992 3238; x_wconf 82' lang='lat' dir='ltr'>primo</span> <span class='ocrx_word' id='word_1_296' title='bbox 1018 3184 1121 3218; x_wconf 87' lang='lat' dir='ltr'>sec.</span> <span class='ocrx_word' id='word_1_297' title='bbox 1154 3164 1340 3217; x_wconf 83' lang='lat' dir='ltr'>Hamb.</span> 
     </span>
    </p>
   </div>
   <div class='ocr_carea' id='block_1_10' title="bbox 1455 3163 2470 3219">
    <p class='ocr_par' dir='ltr' id='par_1_13' title="bbox 1455 3163 2470 3219">
     <span class='ocr_line' id='line_1_35' title="bbox 1455 3163 2470 3219; baseline -0.001 0"><span class='ocrx_word' id='word_1_298' title='bbox 1455 3164 1561 3219; x_wconf 76' lang='lat'>455</span> <span class='ocrx_word' id='word_1_299' title='bbox 1596 3165 1814 3215; x_wconf 75' lang='lat' dir='ltr'>Dimisit</span> <span class='ocrx_word' id='word_1_300' title='bbox 1837 3163 2025 3214; x_wconf 81' lang='lat' dir='ltr'>Medic.</span> <span class='ocrx_word' id='word_1_301' title='bbox 2050 3181 2164 3216; x_wconf 87' lang='lat' dir='ltr'>cum</span> <span class='ocrx_word' id='word_1_302' title='bbox 2194 3165 2262 3217; x_wconf 85' lang='lat' dir='ltr'>al.</span> <span class='ocrx_word' id='word_1_303' title='bbox 2290 3166 2470 3218; x_wconf 81' lang='lat' dir='ltr'>Heius.</span> 
     </span>
    </p>
   </div>
   <div class='ocr_carea' id='block_1_11' title="bbox 212 3233 2439 3305">
    <p class='ocr_par' dir='ltr' id='par_1_14' title="bbox 212 3233 2439 3305">
     <span class='ocr_line' id='line_1_36' title="bbox 212 3233 2439 3305; baseline -0.001 -15"><span class='ocrx_word' id='word_1_304' title='bbox 212 3238 387 3290; x_wconf 68' lang='lat' dir='ltr'>demit</span> <span class='ocrx_word' id='word_1_305' title='bbox 408 3236 624 3288; x_wconf 87' lang='lat' dir='ltr'>Mentel.</span> <span class='ocrx_word' id='word_1_306' title='bbox 650 3254 734 3305; x_wconf 88' lang='lat' dir='ltr'>pr.</span> <span class='ocrx_word' id='word_1_307' title='bbox 778 3236 1075 3288; x_wconf 76' lang='lat' dir='ltr'>lacrimans</span> <span class='ocrx_word' id='word_1_308' title='bbox 1102 3237 1252 3287; x_wconf 83' lang='lat' dir='ltr'>Rom.</span> <span class='ocrx_word' id='word_1_309' title='bbox 1300 3246 1385 3286; x_wconf 74' lang='lat' dir='ltr'>ese</span> <span class='ocrx_word' id='word_1_310' title='bbox 1414 3234 1569 3286; x_wconf 87' lang='lat' dir='ltr'>deest</span> <span class='ocrx_word' id='word_1_311' title='bbox 1596 3233 1806 3302; x_wconf 84' lang='lat' dir='ltr'>utrique</span> <span class='ocrx_word' id='word_1_312' title='bbox 1836 3235 2042 3300; x_wconf 85' lang='lat' dir='ltr'>Menag.</span> <span class='ocrx_word' id='word_1_313' title='bbox 2072 3245 2124 3287; x_wconf 89' lang='lat' dir='ltr'>et</span> <span class='ocrx_word' id='word_1_314' title='bbox 2143 3234 2308 3288; x_wconf 79' lang='lat' dir='ltr'>Goth.</span> <span class='ocrx_word' id='word_1_315' title='bbox 2331 3252 2439 3288; x_wconf 86' lang='lat' dir='ltr'>see.</span> 
     </span>
    </p>
   </div>
   <div class='ocr_carea' id='block_1_12' title="bbox 201 3374 1304 3885">
    <p class='ocr_par' dir='ltr' id='par_1_15' title="bbox 201 3374 1304 3885">
     <span class='ocr_line' id='line_1_37' title="bbox 207 3374 1297 3456; baseline -0.006 -16"><span class='ocrx_word' id='word_1_316' title='bbox 207 3398 296 3441; x_wconf 84' lang='lat' dir='ltr'>ne</span> <span class='ocrx_word' id='word_1_317' title='bbox 322 3424 340 3456; x_wconf 91' lang='lat'>,</span> <span class='ocrx_word' id='word_1_318' title='bbox 396 3378 613 3437; x_wconf 86' lang='lat' dir='ltr'>merito</span> <span class='ocrx_word' id='word_1_319' title='bbox 649 3396 756 3435; x_wconf 88' lang='lat' dir='ltr'>suo</span> <span class='ocrx_word' id='word_1_320' title='bbox 802 3374 1297 3450; x_wconf 82' lang='lat' dir='ltr'>laudatissimum,</span> 
     </span>
     <span class='ocr_line' id='line_1_38' title="bbox 209 3460 1299 3525; baseline -0.006 0"><span class='ocrx_word' id='word_1_321' title='bbox 209 3464 299 3525; x_wconf 79' lang='lat' dir='ltr'>nd</span> <span class='ocrx_word' id='word_1_322' title='bbox 350 3463 597 3524; x_wconf 85' lang='lat' dir='ltr'>Homeri</span> <span class='ocrx_word' id='word_1_323' title='bbox 654 3462 905 3522; x_wconf 87' lang='lat' dir='ltr'>ductum</span> <span class='ocrx_word' id='word_1_324' title='bbox 980 3460 1054 3520; x_wconf 86' lang='lat' dir='ltr'>de</span> <span class='ocrx_word' id='word_1_325' title='bbox 1118 3460 1299 3520; x_wconf 82' lang='lat' dir='ltr'>Aiace</span> 
     </span>
     <span class='ocr_line' id='line_1_39' title="bbox 204 3546 1300 3626; baseline -0.007 -14"><span class='ocrx_word' id='word_1_326' title='bbox 204 3550 387 3612; x_wconf 86' lang='lat' dir='ltr'>Iliad.</span> <span class='ocrx_word' id='word_1_327' title='bbox 413 3555 467 3626; x_wconf 81' lang='grc' dir='ltr'>λ,</span> <span class='ocrx_word' id='word_1_328' title='bbox 497 3549 624 3616; x_wconf 80' lang='grc'>542</span> <span class='ocrx_word' id='word_1_329' title='bbox 647 3568 773 3626; x_wconf 86' lang='lat' dir='ltr'>sqq.</span> <span class='ocrx_word' id='word_1_330' title='bbox 818 3546 1069 3606; x_wconf 85' lang='lat' dir='ltr'>effinxit.</span> <span class='ocrx_word' id='word_1_331' title='bbox 1155 3547 1300 3612; x_wconf 78' lang='lat'><strong>452.</strong></span> 
     </span>
     <span class='ocr_line' id='line_1_40' title="bbox 203 3631 1301 3712; baseline -0.012 -10"><span class='ocrx_word' id='word_1_332' title='bbox 203 3637 362 3702; x_wconf 77' lang='lat'><strong>458.</strong></span> <span class='ocrx_word' id='word_1_333' title='bbox 427 3633 571 3699; x_wconf 83' lang='lat'><strong>454.</strong></span> <span class='ocrx_word' id='word_1_334' title='bbox 652 3632 866 3694; x_wconf 81' lang='lat' dir='ltr'>Suavis</span> <span class='ocrx_word' id='word_1_335' title='bbox 936 3631 1301 3712; x_wconf 82' lang='lat' dir='ltr'>comparatio</span> 
     </span>
     <span class='ocr_line' id='line_1_41' title="bbox 201 3718 1304 3800; baseline -0.006 -18"><span class='ocrx_word' id='word_1_336' title='bbox 201 3721 465 3782; x_wconf 86' lang='lat' dir='ltr'>Didonis</span> <span class='ocrx_word' id='word_1_337' title='bbox 497 3739 667 3800; x_wconf 87' lang='lat' dir='ltr'>aegre</span> <span class='ocrx_word' id='word_1_338' title='bbox 697 3739 806 3799; x_wconf 90' lang='lat' dir='ltr'>per</span> <span class='ocrx_word' id='word_1_339' title='bbox 841 3718 1115 3777; x_wconf 87' lang='lat' dir='ltr'>umbram</span> <span class='ocrx_word' id='word_1_340' title='bbox 1142 3718 1304 3776; x_wconf 83' lang='lat' dir='ltr'>visae</span> 
     </span>
     <span class='ocr_line' id='line_1_42' title="bbox 203 3799 1300 3885; baseline -0.007 -17"><span class='ocrx_word' id='word_1_341' title='bbox 203 3827 356 3868; x_wconf 87' lang='lat' dir='ltr'>cum</span> <span class='ocrx_word' id='word_1_342' title='bbox 386 3827 541 3867; x_wconf 84' lang='lat' dir='ltr'>nova</span> <span class='ocrx_word' id='word_1_343' title='bbox 570 3807 740 3880; x_wconf 86' lang='lat' dir='ltr'>luna;</span> <span class='ocrx_word' id='word_1_344' title='bbox 782 3804 967 3885; x_wconf 80' lang='lat' dir='ltr'>petita</span> <span class='ocrx_word' id='word_1_345' title='bbox 1001 3803 1074 3861; x_wconf 85' lang='lat' dir='ltr'>ab</span> <span class='ocrx_word' id='word_1_346' title='bbox 1113 3799 1300 3882; x_wconf 76' lang='lat' dir='ltr'>Apol-</span> 
     </span>
    </p>
   </div>
   <div class='ocr_carea' id='block_1_13' title="bbox 199 3888 1300 4054">
    <p class='ocr_par' dir='ltr' id='par_1_16' title="bbox 199 3888 1300 4054">
     <span class='ocr_line' id='line_1_43' title="bbox 199 3888 1300 3967; baseline -0.007 -12"><span class='ocrx_word' id='word_1_347' title='bbox 199 3895 335 3955; x_wconf 89' lang='lat' dir='ltr'>lon.</span> <span class='ocrx_word' id='word_1_348' title='bbox 370 3893 469 3967; x_wconf 87' lang='lat' dir='ltr'>lv,</span> <span class='ocrx_word' id='word_1_349' title='bbox 500 3891 681 3957; x_wconf 87' lang='lat'><strong>1479.</strong></span> <span class='ocrx_word' id='word_1_350' title='bbox 715 3889 896 3965; x_wconf 88' lang='lat'>1480,</span> <span class='ocrx_word' id='word_1_351' title='bbox 940 3898 1009 3948; x_wconf 89' lang='lat' dir='ltr'>ut</span> <span class='ocrx_word' id='word_1_352' title='bbox 1051 3889 1170 3948; x_wconf 87' lang='lat' dir='ltr'>iam</span> <span class='ocrx_word' id='word_1_353' title='bbox 1203 3888 1300 3947; x_wconf 82' lang='lat' dir='ltr'>alii</span> 
     </span>
     <span class='ocr_line' id='line_1_44' title="bbox 201 3975 1298 4054; baseline -0.007 -14"><span class='ocrx_word' id='word_1_354' title='bbox 201 3988 555 4041; x_wconf 83' lang='lat' dir='ltr'>notarunt:</span> <span class='ocrx_word' id='word_1_355' title='bbox 638 3977 813 4036; x_wconf 88' lang='lat' dir='ltr'>Visus</span> <span class='ocrx_word' id='word_1_356' title='bbox 874 3983 964 4033; x_wconf 88' lang='lat' dir='ltr'>est</span> <span class='ocrx_word' id='word_1_357' title='bbox 1027 3975 1298 4054; x_wconf 85' lang='lat' dir='ltr'>Lynceus</span> 
     </span>
    </p>
   </div>
   <div class='ocr_carea' id='block_1_14' title="bbox 195 4058 1307 4315">
    <p class='ocr_par' dir='ltr' id='par_1_17' title="bbox 195 4058 1307 4315">
     <span class='ocr_line' id='line_1_45' title="bbox 199 4058 1296 4143; baseline -0.005 -16"><span class='ocrx_word' id='word_1_358' title='bbox 199 4065 536 4128; x_wconf 83' lang='lat' dir='ltr'>Herculem</span> <span class='ocrx_word' id='word_1_359' title='bbox 567 4062 778 4143; x_wconf 87' lang='lat' dir='ltr'>procul</span> <span class='ocrx_word' id='word_1_360' title='bbox 803 4060 1038 4135; x_wconf 79' lang='lat' dir='ltr'>videre,</span> <span class='ocrx_word' id='word_1_361' title='bbox 1085 4058 1167 4134; x_wconf 70' lang='grc' dir='ltr'>ὥς</span> <span class='ocrx_word' id='word_1_362' title='bbox 1204 4061 1296 4134; x_wconf 83' lang='grc' dir='ltr'>τίς</span> 
     </span>
     <span class='ocr_line' id='line_1_46' title="bbox 197 4144 1294 4235; baseline -0.012 -20"><span class='ocrx_word' id='word_1_363' title='bbox 197 4176 271 4215; x_wconf 82' lang='grc' dir='ltr'>τε</span> <span class='ocrx_word' id='word_1_364' title='bbox 302 4150 420 4235; x_wconf 77' lang='grc' dir='ltr'>νέῳ</span> <span class='ocrx_word' id='word_1_365' title='bbox 447 4148 539 4214; x_wconf 74' lang='grc' dir='ltr'>ἐνὶ</span> <span class='ocrx_word' id='word_1_366' title='bbox 578 4146 759 4229; x_wconf 80' lang='grc' dir='ltr'><strong><em>ἤματι</em></strong></span> <span class='ocrx_word' id='word_1_367' title='bbox 795 4144 1056 4229; x_wconf 79' lang='lat' dir='ltr'>(noster,</span> <span class='ocrx_word' id='word_1_368' title='bbox 1093 4148 1294 4224; x_wconf 77' lang='lat' dir='ltr'>primo</span> 
     </span>
     <span class='ocr_line' id='line_1_47' title="bbox 195 4226 1307 4315; baseline -0.004 -19"><span class='ocrx_word' id='word_1_369' title='bbox 195 4260 457 4310; x_wconf 75' lang='lat' dir='ltr'>mense,</span> <span class='ocrx_word' id='word_1_370' title='bbox 532 4255 692 4294; x_wconf 80' lang='lat' dir='ltr'>nova</span> <span class='ocrx_word' id='word_1_371' title='bbox 746 4233 916 4315; x_wconf 83' lang='lat' dir='ltr'>luna)</span> <span class='ocrx_word' id='word_1_372' title='bbox 982 4229 1187 4314; x_wconf 77' lang='grc' dir='ltr'><strong><em>μήνην</em></strong></span> <span class='ocrx_word' id='word_1_373' title='bbox 1212 4226 1307 4292; x_wconf 90' lang='grc' dir='ltr'><em>Ἢ</em></span> 
     </span>
    </p>
   </div>
   <div class='ocr_carea' id='block_1_15' title="bbox 190 4313 1296 4485">
    <p class='ocr_par' dir='ltr' id='par_1_18' title="bbox 190 4313 1296 4485">
     <span class='ocr_line' id='line_1_48' title="bbox 196 4313 1294 4402; baseline -0.008 -15"><span class='ocrx_word' id='word_1_374' title='bbox 196 4326 342 4387; x_wconf 72' lang='grc' dir='ltr'>ἴδεν</span> <span class='ocrx_word' id='word_1_375' title='bbox 366 4317 410 4402; x_wconf 78' lang='grc' dir='ltr'><em>ἢ</em></span> <span class='ocrx_word' id='word_1_376' title='bbox 446 4318 697 4399; x_wconf 78' lang='grc' dir='ltr'><strong><em>ἐνόησεν</em></strong></span> <span class='ocrx_word' id='word_1_377' title='bbox 725 4313 1141 4399; x_wconf 77' lang='grc' dir='ltr'><strong><em>ἐπαχλύουσαν</em></strong></span> <span class='ocrx_word' id='word_1_378' title='bbox 1179 4314 1294 4379; x_wconf 78' lang='grc' dir='ltr'>1δὲ-</span> 
     </span>
     <span class='ocr_line' id='line_1_49' title="bbox 190 4403 1296 4485; baseline -0.01 -12"><span class='ocrx_word' id='word_1_379' title='bbox 190 4417 376 4473; x_wconf 81' lang='grc' dir='ltr'><strong>σθαι.</strong></span> <span class='ocrx_word' id='word_1_380' title='bbox 472 4403 766 4485; x_wconf 82' lang='lat' dir='ltr'>(Adverte</span> <span class='ocrx_word' id='word_1_381' title='bbox 819 4404 956 4464; x_wconf 86' lang='lat' dir='ltr'><strong>h.1.</strong></span> <span class='ocrx_word' id='word_1_382' title='bbox 1008 4404 1296 4464; x_wconf 83' lang='lat' dir='ltr'>anacolu-</span> 
     </span>
    </p>
   </div>
   <div class='ocr_carea' id='block_1_16' title="bbox 1375 3372 2471 4393">
    <p class='ocr_par' dir='ltr' id='par_1_19' title="bbox 1375 3372 2471 4393">
     <span class='ocr_line' id='line_1_50' title="bbox 1380 3372 2469 3453; baseline 0 -19"><span class='ocrx_word' id='word_1_383' title='bbox 1380 3373 1566 3450; x_wconf 84' lang='lat' dir='ltr'>thon;</span> <span class='ocrx_word' id='word_1_384' title='bbox 1596 3392 1787 3453; x_wconf 89' lang='lat' dir='ltr'>neque</span> <span class='ocrx_word' id='word_1_385' title='bbox 1813 3373 1969 3433; x_wconf 88' lang='lat' dir='ltr'>enim</span> <span class='ocrx_word' id='word_1_386' title='bbox 1996 3395 2184 3453; x_wconf 84' lang='lat' dir='ltr'>quam</span> <span class='ocrx_word' id='word_1_387' title='bbox 2208 3393 2297 3434; x_wconf 84' lang='lat' dir='ltr'>vs.</span> <span class='ocrx_word' id='word_1_388' title='bbox 2325 3372 2469 3440; x_wconf 82' lang='lat'><strong>451.</strong></span> 
     </span>
     <span class='ocr_line' id='line_1_51' title="bbox 1382 3458 2471 3538; baseline -0.001 -19"><span class='ocrx_word' id='word_1_389' title='bbox 1382 3459 1567 3520; x_wconf 85' lang='lat' dir='ltr'>habet</span> <span class='ocrx_word' id='word_1_390' title='bbox 1594 3503 1613 3536; x_wconf 90' lang='lat'>,</span> <span class='ocrx_word' id='word_1_391' title='bbox 1669 3458 1832 3519; x_wconf 90' lang='lat' dir='ltr'>unde</span> <span class='ocrx_word' id='word_1_392' title='bbox 1899 3459 2172 3538; x_wconf 86' lang='lat' dir='ltr'>pendeat.</span> <span class='ocrx_word' id='word_1_393' title='bbox 2274 3458 2471 3519; x_wconf 89' lang='lat' dir='ltr'>Possis</span> 
     </span>
     <span class='ocr_line' id='line_1_52' title="bbox 1385 3543 2469 3624; baseline 0 -20"><span class='ocrx_word' id='word_1_394' title='bbox 1385 3546 1640 3622; x_wconf 87' lang='lat' dir='ltr'>omisso,</span> <span class='ocrx_word' id='word_1_395' title='bbox 1684 3545 1849 3624; x_wconf 88' lang='lat' dir='ltr'>quod</span> <span class='ocrx_word' id='word_1_396' title='bbox 1878 3554 1969 3604; x_wconf 89' lang='lat' dir='ltr'>est</span> <span class='ocrx_word' id='word_1_397' title='bbox 2011 3544 2075 3604; x_wconf 90' lang='lat' dir='ltr'>in</span> <span class='ocrx_word' id='word_1_398' title='bbox 2119 3545 2239 3604; x_wconf 88' lang='lat' dir='ltr'>fine</span> <span class='ocrx_word' id='word_1_399' title='bbox 2284 3543 2469 3604; x_wconf 87' lang='lat' dir='ltr'>huius</span> 
     </span>
     <span class='ocr_line' id='line_1_53' title="bbox 1384 3631 2468 3710; baseline -0.002 -19"><span class='ocrx_word' id='word_1_400' title='bbox 1384 3651 1627 3710; x_wconf 87' lang='lat' dir='ltr'>versus,</span> <span class='ocrx_word' id='word_1_401' title='bbox 1659 3640 1980 3706; x_wconf 86' lang='lat' dir='ltr'>commate,</span> <span class='ocrx_word' id='word_1_402' title='bbox 2007 3631 2252 3710; x_wconf 88' lang='lat' dir='ltr'>iungere</span> <span class='ocrx_word' id='word_1_403' title='bbox 2279 3652 2468 3710; x_wconf 79' lang='lat' dir='ltr'>quam</span> 
     </span>
     <span class='ocr_line' id='line_1_54' title="bbox 1385 3715 2464 3796; baseline -0.001 -21"><span class='ocrx_word' id='word_1_404' title='bbox 1385 3720 1562 3776; x_wconf 78' lang='lat' dir='ltr'>iuxta</span> <span class='ocrx_word' id='word_1_405' title='bbox 1580 3760 1598 3791; x_wconf 90' lang='lat'>,</span> <span class='ocrx_word' id='word_1_406' title='bbox 1645 3716 1759 3775; x_wconf 88' lang='lat' dir='ltr'>nisi</span> <span class='ocrx_word' id='word_1_407' title='bbox 1787 3715 1904 3777; x_wconf 87' lang='lat' dir='ltr'>boc</span> <span class='ocrx_word' id='word_1_408' title='bbox 1928 3719 2128 3796; x_wconf 87' lang='lat' dir='ltr'>ipsum</span> <span class='ocrx_word' id='word_1_409' title='bbox 2153 3720 2326 3775; x_wconf 74' lang='lat' dir='ltr'>iusta</span> <span class='ocrx_word' id='word_1_410' title='bbox 2368 3716 2464 3775; x_wconf 86' lang='lat' dir='ltr'>ni-</span> 
     </span>
     <span class='ocr_line' id='line_1_55' title="bbox 1383 3801 2464 3881; baseline -0.001 -20"><span class='ocrx_word' id='word_1_411' title='bbox 1383 3802 1498 3861; x_wconf 84' lang='lat' dir='ltr'>mis</span> <span class='ocrx_word' id='word_1_412' title='bbox 1523 3802 1697 3881; x_wconf 86' lang='lat' dir='ltr'>longe</span> <span class='ocrx_word' id='word_1_413' title='bbox 1726 3812 2027 3863; x_wconf 90' lang='lat' dir='ltr'>remotum</span> <span class='ocrx_word' id='word_1_414' title='bbox 2063 3811 2233 3864; x_wconf 87' lang='lat' dir='ltr'>esset.</span> <span class='ocrx_word' id='word_1_415' title='bbox 2320 3801 2464 3861; x_wconf 89' lang='lat' dir='ltr'>Vir-</span> 
     </span>
     <span class='ocr_line' id='line_1_56' title="bbox 1380 3888 2465 3969; baseline -0.001 -22"><span class='ocrx_word' id='word_1_416' title='bbox 1380 3888 1554 3967; x_wconf 85' lang='lat' dir='ltr'>gilius</span> <span class='ocrx_word' id='word_1_417' title='bbox 1575 3888 1661 3947; x_wconf 84' lang='lat' dir='ltr'>ita</span> <span class='ocrx_word' id='word_1_418' title='bbox 1682 3888 2013 3969; x_wconf 86' lang='lat' dir='ltr'>scripturus</span> <span class='ocrx_word' id='word_1_419' title='bbox 2029 3890 2249 3948; x_wconf 82' lang='lat' dir='ltr'>suerat:</span> <span class='ocrx_word' id='word_1_420' title='bbox 2276 3908 2465 3967; x_wconf 82' lang='lat' dir='ltr'>quam</span> 
     </span>
     <span class='ocr_line' id='line_1_57' title="bbox 1391 3973 2457 4052; baseline -0.004 -19"><span class='ocrx_word' id='word_1_421' title='bbox 1391 3976 1608 4033; x_wconf 74' lang='lat' dir='ltr'>Troius</span> <span class='ocrx_word' id='word_1_422' title='bbox 1662 3973 1832 4033; x_wconf 79' lang='lat' dir='ltr'>heros</span> <span class='ocrx_word' id='word_1_423' title='bbox 1914 3974 2232 4052; x_wconf 80' lang='lat' dir='ltr'>adfatus</span> <span class='ocrx_word' id='word_1_424' title='bbox 2309 3985 2457 4045; x_wconf 58' lang='grc' dir='ltr'>πω</span> 
     </span>
     <span class='ocr_line' id='line_1_58' title="bbox 1378 4057 2461 4139; baseline -0.002 -22"><span class='ocrx_word' id='word_1_425' title='bbox 1378 4058 1485 4118; x_wconf 89' lang='lat' dir='ltr'>sed</span> <span class='ocrx_word' id='word_1_426' title='bbox 1516 4068 1649 4138; x_wconf 87' lang='lat' dir='ltr'>post</span> <span class='ocrx_word' id='word_1_427' title='bbox 1684 4059 1862 4139; x_wconf 88' lang='lat' dir='ltr'>plura</span> <span class='ocrx_word' id='word_1_428' title='bbox 1906 4060 2258 4139; x_wconf 81' lang='lat' dir='ltr'>interposita</span> <span class='ocrx_word' id='word_1_429' title='bbox 2304 4057 2461 4116; x_wconf 91' lang='lat' dir='ltr'>obli-</span> 
     </span>
     <span class='ocr_line' id='line_1_59' title="bbox 1375 4142 2459 4226; baseline -0.002 -22"><span class='ocrx_word' id='word_1_430' title='bbox 1375 4154 1479 4204; x_wconf 89' lang='lat' dir='ltr'>tus</span> <span class='ocrx_word' id='word_1_431' title='bbox 1503 4154 1746 4226; x_wconf 83' lang='lat' dir='ltr'>coeptae</span> <span class='ocrx_word' id='word_1_432' title='bbox 1775 4145 2062 4205; x_wconf 82' lang='lat' dir='ltr'>orationis</span> <span class='ocrx_word' id='word_1_433' title='bbox 2080 4189 2096 4219; x_wconf 93' lang='lat'>,</span> <span class='ocrx_word' id='word_1_434' title='bbox 2129 4152 2266 4202; x_wconf 78' lang='lat' dir='ltr'>ante</span> <span class='ocrx_word' id='word_1_435' title='bbox 2290 4142 2459 4219; x_wconf 86' lang='lat' dir='ltr'>illud,</span> 
     </span>
     <span class='ocr_line' id='line_1_60' title="bbox 1377 4228 2461 4310; baseline -0.002 -20"><span class='ocrx_word' id='word_1_436' title='bbox 1377 4232 1543 4310; x_wconf 87' lang='lat' dir='ltr'>quod</span> <span class='ocrx_word' id='word_1_437' title='bbox 1583 4232 1702 4291; x_wconf 81' lang='lat' dir='ltr'>iam</span> <span class='ocrx_word' id='word_1_438' title='bbox 1736 4229 1902 4309; x_wconf 88' lang='lat' dir='ltr'>sequi</span> <span class='ocrx_word' id='word_1_439' title='bbox 1941 4228 2226 4303; x_wconf 84' lang='lat' dir='ltr'>debebat,</span> <span class='ocrx_word' id='word_1_440' title='bbox 2271 4230 2461 4306; x_wconf 78' lang='lat' dir='ltr'>adsa-</span> 
     </span>
     <span class='ocr_line' id='line_1_61' title="bbox 1378 4314 2461 4393; baseline -0.001 -18"><span class='ocrx_word' id='word_1_441' title='bbox 1378 4329 1476 4375; x_wconf 75' lang='lat' dir='ltr'>tus</span> <span class='ocrx_word' id='word_1_442' title='bbox 1526 4330 1611 4376; x_wconf 79' lang='lat' dir='ltr'>est</span> <span class='ocrx_word' id='word_1_443' title='bbox 1631 4362 1648 4393; x_wconf 92' lang='lat'>,</span> <span class='ocrx_word' id='word_1_444' title='bbox 1709 4316 1917 4376; x_wconf 85' lang='lat' dir='ltr'>inserit</span> <span class='ocrx_word' id='word_1_445' title='bbox 1949 4314 2099 4375; x_wconf 87' lang='lat' dir='ltr'>haec</span> <span class='ocrx_word' id='word_1_446' title='bbox 2125 4340 2139 4373; x_wconf 72' lang='grc' dir='ltr'>ε</span> <span class='ocrx_word' id='word_1_447' title='bbox 2195 4316 2461 4374; x_wconf 67' lang='lat' dir='ltr'>Demi-sit</span> 
     </span>
    </p>
   </div>
   <div class='ocr_carea' id='block_1_17' title="bbox 1380 4398 2458 4480">
    <p class='ocr_par' dir='ltr' id='par_1_20' title="bbox 1380 4398 2458 4480">
     <span class='ocr_line' id='line_1_62' title="bbox 1380 4398 2458 4480; baseline -0.003 -19"><span class='ocrx_word' id='word_1_448' title='bbox 1380 4404 1686 4461; x_wconf 59' lang='lat' dir='ltr'>lacrima&amp;</span> <span class='ocrx_word' id='word_1_449' title='bbox 1744 4398 1920 4480; x_wconf 85' lang='lat' dir='ltr'>Wr.)</span> <span class='ocrx_word' id='word_1_450' title='bbox 2032 4400 2176 4465; x_wconf 86' lang='lat'><strong>456.</strong></span> <span class='ocrx_word' id='word_1_451' title='bbox 2216 4403 2458 4459; x_wconf 78' lang='lat' dir='ltr'>nuntius</span> 
     </span>
    </p>
   </div>
  </div>
 </body>
</html>
