2882 5028
319 413 474 484 262
727 404 1467 481 EXCURSUS
1567 407 1823 482 XXV.
1879 408 2173 484 XXVI

793 674 1644 765 EXCURSUS
1756 678 2096 765 XXV.

460 848 1009 937 Implere
1110 870 1628 914 amorem
1721 847 2427 936 genitoris.

488 1019 536 1095 1,
579 1024 725 1086 716.
768 1022 852 1080 D
878 1019 1356 1099 mag-memsalszs
1391 1019 1647 1097 inplevit
1664 1021 1953 1100 genitoris
1982 1040 2271 1080 amorem.
2336 1018 2570 1080 Videa-

318 1124 452 1165 mus
479 1106 682 1187 paullo
721 1106 1059 1165 accuratius
1109 1104 1185 1164 de
1229 1103 1291 1166 h.
1338 1105 1399 1181 1.,
1455 1106 1519 1164 in
1560 1126 1683 1184 quo
1727 1104 1876 1166 mihi
1909 1104 2382 1169 dissentiendum
2416 1115 2513 1166 est
2538 1126 2577 1163 a

318 1191 561 1253 doctiss.
588 1193 940 1290 Interprete.
1027 1190 1211 1265 Nam,
1252 1209 1406 1269 quae
1448 1191 1644 1271 prime
1679 1191 1927 1270 legentis
1966 1191 2313 1271 cogitationi
2353 1199 2575 1251 occur—

317 1286 447 1356 rat,
501 1278 802 1340 sententia
843 1295 978 1335 esse
1012 1276 1265 1336 videtur
1305 1276 1488 1352 haec,
1532 1286 1604 1336 ut
1655 1277 1946 1337 Ascanius
1984 1278 2168 1338 salsus
2207 1276 2575 1337 desiderium

251 1364 256 1369 ’
315 1364 538 1443 petris,
597 1384 635 1422 a
676 1384 798 1443 quo
839 1363 1168 1422 absentiam
1205 1361 1316 1422 filii
1367 1363 1749 1442 impatienter
1789 1364 2023 1423 ferente
2060 1363 2376 1423 arcessitus
2419 1372 2572 1438 erat,

314 1449 524 1529 primis
563 1449 940 1530 amplexibus
964 1458 1027 1507 et
1063 1449 1278 1508 osculis
1309 1449 1598 1529 expleret.
1666 1449 1772 1509 Ita
1799 1470 2097 1529 mag-mem
2124 1468 2390 1510 amorem
2418 1450 2574 1508 bene

317 1535 510 1610 dixit,
550 1536 838 1614 etfdsus
862 1537 1100 1613 genitor
1137 1543 1229 1593 est
1249 1535 1483 1609 elusus,
1528 1534 1850 1616 deceptus,
1892 1535 1993 1596 vel
2035 1535 2228 1615 simpl.
2257 1534 2430 1595 cuius
2456 1553 2572 1595 ve-

314 1640 421 1681 rus
466 1620 623 1681 filius
657 1624 845 1681 Amor
885 1640 1007 1679 non
1031 1628 1217 1689 esset.
1287 1622 1551 1699 Imple‘re
1584 1643 1884 1697 amorem,
1942 1629 2051 1698 ut,
2108 1622 2402 1695 dolorem,
2466 1621 2571 1680 lu-

313 1720 511 1781 ctum,
558 1708 709 1768 bene
743 1706 997 1783 dicitnr3
1041 1709 1415 1767 communius
1443 1708 1698 1785 explere.
1761 1707 2146 1766 Burmannus
2175 1716 2379 1766 tamen
2413 1706 2573 1766 Cor-

312 1792 561 1869 ndum,
629 1793 733 1873 qui
784 1793 872 1851 ita
916 1802 1310 1872 exposuerat,
1374 1791 1795 1873 reprehendit,
1850 1792 2217 1871 alteramque
2272 1792 2572 1852 rationem

311 1837 629 1959 proponit,
673 1887 743 1940 ut
775 1878 884 1937 sit.
934 1891 1143 1956 partes
1162 1878 1337 1953 filii,
1387 1891 1630 1956 patrem
1675 1878 2045 1938 uehementer
2070 1880 2373 1953 mztis,
2424 1877 2571 1936 hene

311 1966 477 2040 egie5
538 1983 676 2043 erga
709 1973 938 2045 patrem
990 1983 1257 2023 amorem
1298 1964 1567 2023 ostendit
1611 1964 1889 2025 omnibus
1936 1964 2200 2024 numeris
2241 1964 2330 2022 ita
2365 1964 2568 2043 perfe-

314 2057 515 2124 ctum,
556 2060 629 2108 ut
655 2051 705 2109 is
753 2049 1057 2125 crederet,
1113 2068 1238 2108 esse
1274 2068 1489 2109 verum
1520 2049 1629 2110 filii
1661 2050 1960 2111 affectum.
2047 2052 2204 2109 Sane
2244 2070 2419 2108 amor
2448 2070 2570 2128 ge-

311 2137 520 2194 nitoris
549 2145 639 2195 est
679 2136 861 2195 etiam
902 2155 1073 2195 amor
1109 2134 1175 2195 in
1213 2136 1577 2215 genitorem·
1562 2180 1580 2212 ,
1624 2146 1685 2195 et
1714 2146 1783 2197 ut
1824 2137 2067 2214 impleri
2093 2135 2373 2214 ‹ffstcium
2405 2134 2567 2195 dici-

313 2229 454 2298 tur,
497 2221 595 2281 cui
631 2221 1055 2295 satisfacimus,
1117 2223 1206 2281 ita
1235 2243 1409 2282 amor
1429 2231 1595 2282 recte
1621 2222 1867 2282 videtur
1899 2221 2096 2281 dictus
2120 2222 2377 2299 impleti,
2428 2240 2569 2280 cnm

313 2304 549 2365 debitus
576 2327 747 2366 amor
769 2315 1130 2387 praestatur.
1216 2305 1336 2366 Sed
1364 2307 1627 2389 primum
1666 2308 1780 2367 toti
1804 2307 2028 2368 rationi
2070 2307 2307 2367 subesse
2338 2306 2571 2384 aliquid

313 2391 509 2450 coacti
549 2413 621 2452 ac
664 2392 805 2451 duri
849 2391 1128 2468 videtui-3
1194 2412 1336 2468 nec,
1397 2396 1689 2471 quorsum
1723 2414 1993 2472 magnus
2036 2413 2205 2452 amor
2245 2392 2567 2472 pertineat,

312 2477 510 2537 dicere
532 2477 597 2538 in
625 2487 874 2559 promtu
898 2487 1018 2556 est3
1062 2487 1125 2538 et
1153 2478 1385 2538 Aeneae
1412 2478 1774 2540 desiderium
1801 2479 1998 2560 potius
2029 2484 2157 2538 erat
2179 2477 2569 2561 explendum,

311 2564 484 2623 cuius
513 2565 705 2624 omnis
731 2565 798 2624 in
829 2564 1083 2624 Ascanio
1125 2586 1271 2624 cura
1311 2565 1509 2625 stabat
1537 2576 1596 2627 et
1624 2567 1858 2626 animus
1890 2565 2198 2626 haerebat.
2283 2566 2567 2625 Ceterum

310 2650 553 2711 Servius
593 2650 793 2711 locum
832 2650 1082 2710 obscure
1133 2651 1596 2732 interpretatur,
1667 2672 1781 2713 nec
1818 2653 2090 2712 Donatus
2134 2650 2233 2713 vel
2271 2652 2562 2731 Pompon.

310 2735 446 2797 Sab.
477 2737 806 2816 quidquam
836 2736 1069 2797 iuvant.

1234 2948 1650 2958 uss—”W

785 3175 1628 3266 EXCURSUS
1705 3176 2082 3263 XXVI

700 3347 916 3433 qui.
1032 3345 1486 3434 qualis.
1601 3357 2180 3433 quantus.

479 3515 954 3592 Ῑ,750-753.
1005 3520 1097 3576 M
1089 3518 1220 3576 ulta
1249 3540 1431 3596 super
1462 3519 1720 3579 Priamo
1750 3520 2047 3597 rogitans,
2094 3539 2277 3596 super
2300 3518 2562 3576 IIectore

306 3601 539 3673 multem
586 3602 796 3678 Nunc,
840 3601 1055 3681 quihus
1086 3604 1360 3662 ,Am-orae
1389 3606 1641 3662 venisset
1656 3604 1840 3679 filim
1863 3608 2089 3678 armis;
2137 3605 2349 3680 Nunc,
2396 3625 2562 3684 qua-

306 3688 393 3745 les
419 3688 736 3747 Diomedis
763 3690 941 3769 equs}
991 3689 1211 3763 Nunc,
1258 3701 1523 3769 quantus
1549 3689 1843 3747 Achilles.
1933 3689 2269 3750 Memnonis
2310 3686 2412 3772 (de
2439 3708 2562 3767 quo

307 3771 433 3832 vid.
477 3772 726 3835 Excurs.
773 3773 922 3833 XIX
961 3794 1090 3854 sup.
1132 3774 1212 3833 ad
1252 3773 1405 3856 489)
1446 3796 1623 3833 arma
1675 3794 1788 3833 nec
1833 3776 1997 3856 apud
2039 3776 2401 3849 Pindarum,
2448 3794 2585 3832 nec.

307 3878 382 3936 ιη
369 3857 473 3917 ud
498 3858 715 3937 Dictyn
756 3868 820 3918 et
845 3858 1142 3933 Quintum
1172 3859 1501 3939 quidquam
1536 3858 1764 3919 habent
1801 3863 2130 3941 praecipui.
2215 3859 2397 3940 Apud
2429 3858 2560 3918 He-

307 3943 541 4002 siodum
586 3942 806 4023 Theog.
845 3946 972 4009 984
1019 3945 1302 4005 Memnon
1329 3942 1844 4026 χαλκοκορυστής,
1909 3948 2015 4007 sed
2048 3947 2167 4006 hoc
2212 3945 2560 4026 simpliciter

305 4041 594 4104 arnustus,
637 4039 705 4088 ut
724 4030 942 4109 passim
973 4031 1071 4091 alii
1109 4030 1339 4092 heroes.
1424 4030 1550 4090 Nisi
1590 4032 1792 4109 itaque
1823 4043 1999 4114 poeta
2040 4032 2303 4093 fabulam
2341 4052 2562 4112 parum

307 4135 470 4176 nunc
492 4123 699 4173 notam
726 4124 1014 4193 sequutus
1055 4126 1175 4191 est,
1209 4137 1322 4175 nec
1345 4118 1824 4177 commentitium
1858 4129 1979 4194 est,
2026 4118 2192 4197 quod
2218 4118 2282 4177 in
2312 4117 2560 4176 Servia-

305 4201 398 4260 nis
428 4199 678 4279 legitur,
728 4221 765 4258 a
794 4201 1064 4261 Vulcano
1089 4203 1251 4268 sacta
1276 4202 1456 4262 fuisse
1498 4201 1552 4260 ei
1581 4224 1774 4280 arma5
1831 4205 1910 4264 ad
1953 4205 2334 4264 barbaricum
2377 4222 2561 4262 exer-

305 4287 458 4346 citus
495 4285 817 4345 Memnonii
869 4296 1256 4366 apparatum,
1301 4309 1336 4346 a
1373 4288 1636 4348 Troiano
1683 4310 1849 4350 more
1905 4291 2244 4365 diversum,
2285 4291 2561 4350 referen-

303 4373 451 4433 dum
489 4382 596 4433 est.
643 4373 720 4431 cf.
759 4372 978 4452 Dictyn
1005 4373 1106 4447 1v,
1153 4374 1193 4436 4
1231 4382 1291 4432 et
1330 4375 1388 4441 5.
1477 4374 1664 4447 Quod
1702 4376 1814 4435 nisi
1853 4377 2112 4457 probare
2145 4375 2351 4451 malis,
2397 4374 2561 4433 acci-

303 4457 522 4538 pienda
562 4459 746 4518 verba
782 4469 927 4519 sunt
965 4457 1342 4539 simpliciter,
1404 4468 1479 4519 ut
1518 4459 1598 4520 sit
1631 4462 1864 4534 variata
1902 4463 2093 4523 oratio
2134 4480 2248 4542 pro
2297 4459 2559 4540 vulgari:
