2882 5028
474 357 669 431 ’πο
1071 295 2153 424 ἘΧουΒευῈι

514 538 747 600 Eumeli
790 538 1085 599 Corinthii
1127 541 1238 599 sub
1278 540 1706 620 olympiadum
1748 539 1942 615 initia,
2000 560 2104 601 seu
2147 541 2376 600 Arctini
2398 584 2414 617 ,
2456 538 2701 600 Corinthii

516 624 667 707 (non
709 623 964 705 Milesii),
1011 624 1566 703 Gigantomachiae,
1635 624 1944 708 Φορωνὶς,
1999 628 2267 702 Δαναῒς,
2315 627 2525 700 Eoeae,
2571 625 2702 684 Nau·

511 710 780 792 pactica,
844 708 1189 792 Ἡρακλεία,
1264 711 1695 791 Argonautica,
1766 713 2001 792 Θηβαΐς
2058 708 2339 792 (xvxi-amp*
2400 709 2600 791 dicta),
2645 706 2700 772 ια’

513 795 629 876 ἔπη
672 792 746 857 τοὶ
792 795 879 870 εἰς
934 792 1044 858 τόν
1090 791 1350 875 πόλεμον
1401 802 1527 860 τῶν
1573 790 1949 879 Ἐπιγόνων,
2001 790 2424 877 Ἀλκμαιωνὶς,
2474 792 2701 869 Μινωὶς,

509 881 824 963 Αἰγίμιος,
870 882 1155 961 Οἰχαλίας
1198 877 1450 960 ἅλωσις,
1496 879 1751 964 Κήῦκος
1789 877 2020 964 γάμος,
2061 877 2445 962 Ἀμαζονικᾶ,
2487 883 2701 960 Θηοηίςς
2789 921 2796 950 1

510 986 589 1026 ex
631 968 823 1027 altero
869 976 1068 1026 autem
1109 967 1426 1045 Arctinus,
1470 968 1750 1043 Lesches,
1794 968 2062 1027 Stasinus
2106 968 2377 1049 Cyprius.
2457 968 2701 1027 confusus

514 1072 655 1112 cum
708 1051 803 1112 his
878 1052 1059 1133 cyclis
1114 1055 1315 1133 cyclus
1384 1057 1624 1132 spicue,
1689 1073 1868 1132 quem
1920 1053 2288 1134 grammatici
2342 1051 2700 1125 Alexandrini,

507 1136 893 1199 Aristarchus
948 1147 1011 1198 et
1067 1138 1498 1220 Aristophanes
1552 1140 1949 1221 Byzantinus,
2014 1142 2446 1199 constituerant
2463 1183 2480 1215 ,
2520 1137 2700 1198 dilectu

507 1223 667 1283 inter
701 1234 910 1303 poetas
952 1225 1150 1305 epicos
1186 1234 1419 1287 veteres
1460 1228 1638 1303 sacto,
1683 1236 1746 1285 et
1785 1225 2152 1306 principibus
2196 1234 2494 1304 tamquam
2530 1225 2586 1283 in
2619 1243 2700 1281 ca-

507 1328 730 1369 nonem
771 1319 832 1369 et
873 1310 938 1370 in
981 1331 1221 1371 censum
1264 1309 1504 1388 relatis3
1547 1313 1713 1372 suere
1753 1312 1841 1370 illi
1881 1311 2213 1389 Homerus,
2265 1309 2577 1386 Hesiodus,
2621 1307 2700 1367 Pi-

508 1395 757 1470 sander,
807 1395 1121 1476 Panyasis,
1166 1397 1561 1457 Antimachus
1606 1395 1691 1473 (v.
1736 1397 2028 1471 Quinctil.
2073 1399 2154 1472 X,
2203 1403 2259 1472 1,
2304 1398 2381 1463 51
2429 1416 2546 1475 sqq.
2581 1394 2701 1453 Pro-

507 1481 635 1540 cius
671 1479 1111 1542 Chrestomath.
1153 1491 1217 1541 et
1257 1481 1402 1543 hinc
1441 1484 1659 1543 Tzetza
1704 1483 1930 1563 Proleg.
1985 1483 2052 1543 in
2093 1482 2339 1543 Hesiod.
2395 1491 2456 1541 et
2506 1482 2566 1540 in
2604 1479 2698 1557 Ly-

507 1563 762 1647 cophr.).
862 1568 1244 1628 Translatum
1301 1578 1395 1628 est
1449 1568 1570 1629 hoc
1623 1589 1844 1629 nomen
1898 1570 2053 1649 cycli
2094 1569 2246 1649 epici
2305 1568 2482 1627 etiam
2521 1565 2591 1624 ad
2623 1563 2699 1624 ills

506 1651 631 1712 duo
676 1652 1038 1733 cyclicor'um
1081 1674 1315 1733 genera,
1359 1665 1657 1733 quatenus
1684 1675 1781 1715 res
1810 1655 2104 1715 Troianae
2131 1665 2192 1714 et
2218 1653 2416 1734 mythi
2457 1652 2694 1711 hexame-

505 1739 619 1797 tris
664 1748 838 1798 erant
884 1740 1155 1820 expositi.
1240 1741 1530 1801 Tractum
1574 1741 1896 1820 aliquando
1939 1760 2156 1801 nomen
2212 1740 2294 1799 ad
2351 1739 2470 1800 duo
2521 1733 2697 1796 carmi-

504 1844 653 1883 num
693 1843 942 1903 genera,
1012 1826 1230 1903 quibus
1287 1835 1596 1905 tamquam
1649 1837 1797 1887 nota
1841 1827 2037 1906 aliqua
2092 1847 2162 1885 eo
2205 1827 2337 1906 ipso
2380 1826 2696 1884 inureretur:

503 1909 787 1985 alterum,
833 1911 1065 1988 quoties
1106 1920 1317 1992 poetae
1359 1913 1424 1971 in
1468 1922 1822 1991 argumento
1877 1913 1996 1972 iam
2040 1913 2115 1971 ab
2160 1912 2290 1971 aliis
2332 1917 2606 1984 tractato,
2648 1905 2696 1963 in

502 1994 682 2055 rebus
726 1997 884 2055 notis
928 2017 998 2055 ac
1038 1998 1216 2073 tritis,
1260 2000 1423 2057 circa
1466 1999 1656 2057 vilem
1676 2000 2081 2078 patulumque
2121 2007 2503 2057 morarentur
2541 1992 2696 2053 orbem

504 2076 737 2160 (Horat.
781 2080 913 2144 Art.
964 2082 1146 2164 132):
1202 2083 1490 2161 alterum,
1548 2104 1718 2161 cum,
1778 2084 1930 2164 epici
1970 2084 2248 2144 carminis
2282 2090 2523 2142 naturae
2544 2089 2597 2138 et
2616 2096 2695 2135 sr-

502 2166 580 2224 tis
630 2166 849 2245 ignari,
908 2172 1316 2228 narrationem
1373 2190 1408 2228 a
1465 2169 1674 2249 primis
1732 2172 1822 2229 rei
1862 2169 2206 2250 primordiis
2260 2167 2568 2248 repetitam
2615 2180 2699 2242 per

500 2251 756 2331 singulas
779 2262 1012 2332 partes,
1053 2262 1361 2333 tamquam
1398 2257 1722 2334 scriptores
1749 2255 2088 2336 pedestres,
2134 2262 2531 2336 exponerent:
2569 2245 2698 2326 quod

499 2356 560 2397 v.
603 2357 654 2396 ο.
697 2339 927 2399 Statius
967 2340 1034 2399 in
1063 2339 1394 2400 Achilleide
1436 2341 1727 2402 tentavit:
1772 2342 1850 2400 ad
1893 2341 2011 2401 hoc
2050 2360 2236 2419 genus
2280 2347 2506 2420 spectat
2538 2333 2697 2414 Epigr-

498 2421 563 2482 in
606 2421 850 2484 Anthol.
892 2425 964 2501 11,
1010 2425 1095 2492 40
1133 2446 1195 2507 p.
1243 2430 1364 2491 163
1406 2425 1612 2507 Steph.
1696 2427 1850 2487 Nata
1889 2426 2033 2486 hinc
2072 2427 2200 2485 illa:
2243 2425 2410 2507 apud
2448 2424 2697 2484 Aaronem

495 2508 562 2568 in
617 2508 832 2570 Horat.
884 2510 1177 2592 cyclicum
1232 2522 1474 2593 poetam
1527 2532 1681 2589 esse,
1745 2514 1853 2593 qui
1906 2514 2142 2574 variare
2201 2532 2301 2573 res
2360 2510 2597 2585 nesciat,
2651 2510 2698 2562 et

494 2594 709 2656 Isidor.
752 2596 851 2670 Vl,
900 2603 980 2663 17
1023 2616 1092 2656 ea
1135 2599 1398 2657 carmina
1444 2600 1667 2679 cyclica
1711 2601 1949 2676 vocari,
2006 2618 2158 2678 quae
2214 2599 2501 2676 cuiusque
2538 2602 2697 2654 mate·

487 2667 618 2740 Bae
661 2681 912 2762 simplici
948 2684 1142 2743 sorma
1183 2685 1340 2744 sacta
1383 2685 1522 2744 sint.
1609 2685 1790 2745 Hunc
1832 2687 1896 2744 in
1939 2684 2188 2745 modum
2221 2685 2586 2745 diversarum
2615 2695 2696 2771 πῖ

496 2786 635 2827 rum
680 2767 1022 2828 discrimine
1069 2771 1263 2846 facto,
1314 2771 1521 2831 licebit
1561 2771 1808 2831 tandem
1850 2770 2076 2850 aliquid
2117 2771 2270 2830 certi
2329 2779 2387 2829 et
2443 2766 2696 2848 explorata

495 2852 571 2913 de
598 2858 798 2933 poetis
838 2857 1078 2933 cyclicis
1118 2856 1377 2917 tradere.

664 2941 899 3003 Horum
955 2951 1270 3020 poetarum
1322 2962 1535 3022 opera,
1602 2950 1897 3020 quantum
1939 2961 2016 3002 ex
2059 2942 2432 3021 fragmentis,
2487 2949 2602 2998 tum
2637 2950 2696 2989 ex

491 3023 710 3099 Quinti
754 3027 1068 3105 Smyrnaei
1108 3027 1464 3103 imitatione,
1524 3038 1584 3086 et
1643 3049 1720 3087 ex
1775 3029 2140 3107 argumentis
2184 3027 2537 3108 Cypriorum
2576 3021 2694 3078 Cu·-

489 3109 722 3169 minum
766 3121 829 3196 ⁰².
869 3104 1129 3176 Νόστων
1186 3112 1349 3192 apud
1392 3114 1706 3188 Proclum,
1763 3114 2035 3194 colligere
2079 3114 2247 3190 licet,
2311 3122 2440 3173 tota
2482 3108 2553 3168 ad
2591 3105 2694 3199 Ho-

488 3195 638 3254 meri
686 3215 811 3255 non
854 3203 975 3254 tam
1018 3205 1212 3256 artem
1254 3218 1434 3277 quam
1478 3219 1811 3259 sermonem
1851 3201 2053 3279 potius
2093 3220 2163 3259 ac
2205 3200 2467 3259 colorem
2496 3204 2553 3253 et
2589 3209 2693 3268 epl-

489 3299 618 3339 cam
662 3280 984 3341 dictionem
1041 3282 1161 3342 fuit
1223 3285 1568 3364 composita.
1672 3286 1794 3345 Nec
1852 3295 2051 3345 tamen
2112 3306 2208 3345 res
2263 3285 2427 3344 intra
2478 3278 2693 3363 poetic·2⁸

486 3364 680 3445 spatia
721 3366 1022 3444 substitit,
1076 3367 1182 3427 sed
1223 3369 1466 3429 liberius
1528 3382 1618 3431 est
1672 3380 1934 3451 evagata.
2020 3371 2206 3446 Nam,
2262 3391 2402 3431 cum
2444 3359 2692 3450 pedestris

486 3471 591 3510 ora
600 3451 775 3511 tionis
832 3472 976 3513 usus
1034 3463 1095 3513 et
1144 3455 1340 3515 cultus
1380 3457 1820 3517 increbrescere
1877 3458 2037 3517 inter
2098 3459 2361 3517 Graecos
2430 3450 2691 3532 coepisset,

483 3537 779 3616 multique
821 3547 1048 3615 essent,
1090 3539 1195 3618 qui
1237 3542 1678 3621 antiquissimos
1720 3543 1963 3623 mythos
2005 3541 2406 3621 historiasque
2435 3536 2692 3628 Graecias-⁸,

482 3623 705 3701 partim
747 3623 1117 3704 singularum
1161 3626 1406 3687 urbium
1450 3629 1700 3705 fabulis,
1759 3629 2140 3709 religionibus
2182 3649 2254 3687 ac
2296 3629 2507 3700 sacris,
2560 3623 2692 3681 festu

483 3727 555 3767 ac
595 3709 847 3785 ritibus,
901 3712 1172 3771 locorum
1215 3713 1395 3773 etiam
1441 3716 1876 3792 monumentis,
1936 3717 2421 3796 templorumque
2464 3703 2691 3771 donari'u

482 3804 890 3871 consecratas,
960 3797 1187 3878 partim
1257 3818 1334 3857 ex
1394 3800 1608 3879 priscis
1667 3801 2061 3877 carminibus,
2142 3819 2294 3879 quae
2360 3797 2689 3880 supererant,

482 3879 764 3940 collectas
807 3882 1024 3941 litteris
1069 3884 1462 3961 mandarent,
1518 3887 1675 3945 inter
1716 3907 1867 3964 quos
1911 3887 2278 3966 Pherecydes
2317 3879 2687 3969 Athenien-³3³3

481 3974 544 4024 et
586 3968 918 4026 Acusilaus
970 3968 1283 4045 Argivus,
1356 3973 1712 4032 Hecataeus
1748 3971 2055 4032 *Milesius
2073 4019 2088 4047 ,
2150 3982 2212 4031 et
2266 3981 2405 4052 post
2455 3967 2561 4027 hos
2610 3959 2688 4019 alil

482 4054 827 4133 Θεογονιῶν
867 4062 1143 4113 suctores
1160 4098 1177 4130 ,
1220 4057 1569 4135 genealogiis
1613 4057 1865 4117 deorum
1911 4077 1980 4116 ac
2023 4056 2412 4136 cosmogoniis
2453 4049 2688 4113 conden-

477 4136 570 4196 dis
611 4137 885 4217 inprimis
927 4138 1366 4217 inclaruerant;
1407 4155 1820 4204 successerunt
1864 4143 1996 4218 alii,
2042 4145 2148 4223 qui
2190 4145 2552 4204 Graecorum
2578 4138 2688 4216 post

476 4219 810 4302 mythicum
854 4233 1091 4305 tempus
1139 4224 1448 4303 historias,
1493 4248 1680 4308 eoque
1725 4231 1902 4289 etiam
1946 4230 2170 4291 bellum
2213 4229 2535 4289 Troianum
2572 4239 2688 4301 ΡΗ·

474 4309 832 4386 scriberent,
877 4309 1038 4371 inter
1080 4330 1231 4391 quos
1274 4313 1474 4373 nescio
1517 4335 1592 4374 an
1633 4317 1828 4395 primo
1856 4317 1988 4375 loco
2016 4318 2413 4376 Hellam‘eum
2438 4307 2690 4370 Lesbiam

472 4414 723 4475 ponam,
786 4396 955 4460 <xnus
1001 4418 1283 4481 magnum
1327 4419 1480 4482 opus
1524 4401 1809 4484 ἱστοριῶν
1865 4402 2044 4463 fiiisse
2087 4402 2363 4478 videtur,
2434 4397 2511 4458 ⁸³
2547 4385 2686 4474 ‘1¹¹⁰d
