2882 5028
528 444 1145 522 AENmDos
1200 448 1412 542 Lm.
1466 448 1600 544 v1,
1646 451 2079 530 580—593
2287 457 2436 530 937

187 635 365 712 Ibat
398 657 680 729 ovans,
737 631 1171 734 divomque
1204 631 1354 705 sibi
1392 632 1774 732 poscebat
1803 632 2230 733 honorem,

184 744 577 816 Demens!
632 736 767 836 qui
795 736 1114 811 nimbos
1143 748 1223 811 et
1254 758 1422 809 non
1457 736 1836 812 imitabile
1864 735 2175 814 fulmen
2290 746 2443 820 590

186 848 397 919 Aere
430 851 509 915 et
551 839 1080 939 cornipedum
1107 837 1340 937 pulsu
1370 837 1776 914 simularet
1804 864 2226 941 equorum.

188 952 292 1022 At
316 956 544 1043 pater
577 945 1091 1042 omnipotens
1141 941 1385 1017 densa
1423 941 1633 1016 inter
1656 941 1930 1018 nubila
1951 943 2208 1020 telum
2236 938 2252 954 ⁸

193 1046 638 1140 Contorsit3
692 1069 860 1120 non
888 1045 1022 1122 ille
1055 1042 1305 1142 faceS‚
1359 1068 1514 1121 nec
1546 1043 1818 1123 fumea
1844 1046 2096 1125 taedis

297 1174 472 1248 591.
519 1188 966 1243 SmULARAr

336 1340 439 1395 589
472 1340 711 1393 bonores
734 1340 882 1393 multi
907 1341 1061 1395 codd.
1094 1352 1146 1395 et
1169 1343 1291 1395 edd.
1358 1343 1466 1396 Sed
1489 1340 1546 1394 id
1566 1341 1830 1411 pedestris
1870 1358 2081 1411 quoque
2124 1342 2295 1396 oratio
2333 1344 2448 1396 fre-

195 1419 431 1477 quentat.
568 1412 675 1465 590
712 1424 769 1463 et
793 1410 1111 1465 inevitabile
1132 1413 1370 1466 Parrhas.
1509 1414 1611 1467 591
1648 1430 1777 1463 aere
1803 1412 2175 1483 cornupedum
2217 1414 2320 1464 duo
2358 1431 2448 1482 ap.

195 1482 370 1532 Burm.
441 1479 607 1548 pulsu
633 1481 814 1531 Heius.
841 1480 1044 1550 recepit
1078 1499 1141 1533 ex
1165 1483 1358 1535 Medic.
1385 1499 1416 1534 a
1445 1500 1513 1533 m.
1540 1499 1623 1550 pr.
1668 1489 1723 1531 et
1764 1481 1900 1533 Gud.
1939 1491 2148 1548 praeter
2184 1483 2319 1534 alios
2364 1501 2449 1553 ap.

195 1551 371 1600 Rurm.
408 1559 464 1600 et
490 1548 741 1601 maiorem
772 1559 973 1618 partem
1002 1551 1168 1617 Pier.‚
1207 1552 1348 1603 inter
1390 1566 1523 1620 quos
1565 1552 1745 1612 Rom-3
1795 1550 1929 1601 adde
1969 1551 2156 1618 fragm.
2200 1550 2373 1605 Vatic.
2418 1568 2452 1603 a

196 1637 264 1671 m.
291 1636 378 1687 pr.
412 1620 518 1685 (est
545 1635 608 1669 ea
629 1618 780 1687 prior
804 1630 856 1669 et
882 1618 1109 1672 Medicei
1147 1630 1203 1672 et
1243 1623 1451 1688 Fragm.
1488 1622 1611 1671 Vat.
1652 1619 1833 1673 lectio.
1887 1620 2032 1688 Wr.)
2099 1621 2253 1673 Haud
2291 1620 2451 1673 dubie

201 1688 509 1756 elegantius.
578 1688 682 1739 Alii
712 1699 767 1739 et
795 1688 913 1739 edd.
954 1689 1077 1742 inde
1118 1691 1185 1741 ab
1229 1691 1363 1742 Aldo
1409 1688 1922 1757 interpretamentum
1976 1690 2205 1747 habent:
2256 1709 2450 1752 συν-σας

200 1757 296 1825 (ita
328 1758 523 1812 Palam
560 1760 745 1808 eadem
775 1767 857 1808 est
880 1757 1046 1810 altera
1071 1759 1263 1812 Medic.
1290 1770 1342 1811 et
1369 1760 1554 1825 fragm.
1581 1760 1704 1811 vat.
1727 1757 1906 1811 lectio·
1949 1760 2094 1825 Wr.)
2144 1759 2234 1812 alii
2265 1778 2452 1811 curru.

198 1827 451 1878 Rottend.
477 1844 554 1896 pr.
583 1845 614 1877 a
640 1845 707 1879 m.
731 1845 836 1878 sec.
874 1846 1088 1881 cursus.
1157 1830 1445 1881 simularet
1487 1828 1688 1895 aliquot
1723 1827 1862 1880 Pier.
1903 1837 1959 1879 et
2007 1828 2234 1897 quinque
2279 1831 2453 1881 Burin.

202 1914 317 1949 cum
348 1897 533 1963 fragm.
554 1896 727 1948 Vatic.
762 1914 792 1947 a
826 1914 894 1948 m.
933 1914 1045 1964 pr„
1095 1896 1185 1948 alii
1232 1894 1540 1950 simulabat.
1591 1897 1826 1964 (Wakef.
1865 1897 1934 1949 ad
1973 1898 2180 1950 Lucret.
2224 1900 2292 1963 V,
2326 1898 2451 1953 744.

202 1965 491 2018 simularet
518 1965 680 2033 legit3
715 1965 905 2016 vellem
927 1967 1207 2018 adiecisset
1233 1985 1456 2018 causam.
1524 1965 1738 2019 Scilicet
1769 1967 1824 2016 in
1855 1965 1952 2018 tali
1994 1968 2238 2019 oratione
2277 1967 2323 2018 si
2367 1984 2453 2018 res

201 2036 345 2086 redit
367 2035 436 2086 ad
461 2036 841 2100 narrationem,
873 2037 1157 2103 requiritur
1181 2035 1525 2094 indicativus3
1560 2037 1672 2098 sin,
1709 2036 1834 2105 qnid
1872 2035 2153 2088 sentiamus
2182 2037 2250 2088 de
2279 2036 2455 2104 aliqua

204 2122 294 2165 re,
332 2104 622 2169 indicatur,
658 2105 1043 2168 coniunctivus3
1076 2106 1184 2157 vid.
1212 2108 1281 2158 V.
1301 2105 1363 2157 L.
1392 2105 1461 2156 ad
1485 2106 1550 2169 ll,
1586 2103 1708 2160 346.
1776 2104 1913 2156 Illud
1953 2107 1999 2156 si
2041 2102 2303 2175 sequeris,
2350 2106 2457 2158 hoc

204 2173 338 2225 dicit
365 2173 648 2241 Virgilius:
684 2174 947 2226 dementia
979 2175 1088 2226 eius
1120 2175 1175 2225 in
1207 2192 1272 2226 eo
1301 2174 1641 2238 cernebatur,
1675 2175 1818 2242 quod
1854 2175 2048 2226 fulmen
2072 2193 2195 2227 aere
2219 2185 2275 2228 et
2296 2174 2457 2244 pulsu

205 2260 458 2312 equorum
500 2243 787 2306 simulavit3
832 2245 937 2296 hoc
987 2245 1032 2296 si
1074 2244 1440 2313 amplecteris,
1498 2243 1631 2295 haec
1672 2244 1846 2295 existit
1881 2245 2166 2296 sententia:
2215 2244 2459 2310 credidit,

205 2311 261 2368 id
292 2312 440 2382 quod
463 2312 722 2363 dementis
750 2322 832 2364 est
866 2314 1110 2379 credere,
1145 2331 1186 2365 s.
1215 2314 1357 2382 quod
1380 2312 1590 2364 minime
1616 2313 1670 2363 in
1692 2313 1913 2365 animum
1937 2314 2186 2367 inducere
2214 2314 2460 2378 debebat,

204 2382 408 2433 fulmen
440 2399 497 2432 se
526 2382 769 2434 simulare
799 2399 955 2452 posse
981 2402 1103 2435 aere
1133 2393 1189 2434 et
1213 2383 1365 2451 pulsu
1393 2400 1659 2452 equorum.
1730 2384 1837 2435 Iam
1861 2384 2016 2436 facile
2045 2393 2285 2455 apparet,
2305 2382 2459 2453 prio-

207 2469 319 2503 rem
350 2450 606 2502 rationem
632 2451 997 2504 alienissimam
1026 2470 1141 2504 esse
1170 2454 1236 2504 ab
1266 2453 1369 2504 hoc
1398 2452 1551 2518 loco,
1584 2468 1692 2502 non
1725 2469 1822 2521 per
1845 2470 1933 2518 se,
1981 2454 2075 2504 sed
2116 2462 2337 2523 propter
2379 2470 2460 2517 ea,

208 2539 347 2592 quae
380 2539 454 2571 vs.
481 2524 601 2577 586.
630 2522 903 2590 leguntur3
940 2523 1053 2592 quis
1079 2523 1213 2574 enim
1244 2522 1344 2574 sibi
1376 2522 1718 2590 persuadeat,
1752 2521 1886 2573 intra
1921 2540 2116 2590 paucos
2160 2541 2338 2574 versus
2377 2523 2461 2575 bis

207 2600 562 2643 narratam
596 2609 711 2643 esse
742 2609 853 2643 rem
890 2593 1107 2644 eandem
1136 2610 1166 2643 a
1189 2591 1458 2660 Virgilio?
1523 2591 1678 2643 Salvo
1718 2591 1879 2658 igitur
1915 2610 2067 2643 versu
2105 2594 2260 2657 586„
2297 2622 2364 2631 —
2406 2600 2464 2644 et

210 2661 327 2729 quis
367 2659 557 2711 eiicere
585 2679 698 2711 eum
725 2662 899 2713 ausit?
926 2692 992 2700 —
1020 2660 1065 2712 si
1091 2661 1175 2712 vel
1202 2662 1373 2712 nullus
1403 2660 1571 2713 codex
1609 2660 1833 2712 haberet
1872 2660 2250 2713 coniunctivum
2267 2699 2283 2725 ,
2328 2677 2464 2713 con-

211 2731 413 2782 lectura
441 2730 795 2782 restituendus
836 2741 978 2783 esset
1012 2730 1058 2783 is
1109 2730 1275 2782 Verbi
1322 2732 1540 2793 modus;
1582 2739 1638 2780 at
1683 2727 1877 2797 legitur
1920 2731 2204 2781 simularet
2244 2729 2299 2780 in
2343 2730 2462 2799 ipso

210 2798 405 2852 Medic.
442 2800 580 2869 apud
607 2802 647 2850 F
652 2801 826 2867 oggin.
846 2838 863 2863 ,
896 2802 1022 2851 item
1047 2800 1101 2850 in
1130 2800 1371 2851 Mediceo
1403 2799 1624 2867 aliisque
1661 2797 1811 2850 libris
1842 2799 2031 2863 Pierii,
2067 2800 2353 2867 eademque
2383 2808 2465 2850 est

212 2871 363 2938 prior
389 2869 550 2919 lectio
578 2868 762 2937 fragm.
792 2871 996 2935 vatic„
1031 2869 1174 2921 cuius
1199 2870 1367 2921 altera
1408 2869 1569 2920 lectio
1617 2876 1697 2918 est
1739 2868 2053 2931 simularat,
2105 2869 2247 2935 quod
2296 2877 2467 2920 exstat

216 2938 376 2990 etiam
398 2938 451 2989 in
475 2937 639 2989 Palat.
709 2940 981 3002 Ceterum,
1025 2957 1092 2990 ne
1134 2939 1248 3007 quis
1285 2940 1428 2989 forte
1470 2937 1745 2989 simularit
1785 2937 2116 2988 scribendum
2151 2938 2313 2989 fuisse
2348 2940 2467 2989 exi-

213 3010 394 3059 stimet
423 3046 438 3074 ,
501 3007 785 3061 simulares
837 3010 1018 3078 accipe
1073 3008 1140 3059 de
1194 3025 1258 3059 eo
1320 3008 1512 3059 dictum
1538 3046 1553 3071 ,
1611 3005 1751 3074 quod
1806 3006 2014 3075 saepius
2071 3007 2251 3059 fiebat.
2322 3006 2466 3074 Wr.)

216 3079 319 3133 592
358 3078 716 3147 omnipudens
737 3077 889 3130 Leid.
958 3078 1136 3130 media
1156 3079 1191 3129 i.
1220 3096 1275 3128 n.
1304 3076 1465 3127 Goth.
1494 3094 1597 3127 sec.
1734 3075 1840 3130 593
1875 3095 1976 3127 nec
2003 3074 2057 3147 s.
2099 3075 2303 3144 aliquot
2329 3075 2467 3127 Pier.

218 3157 272 3198 et
311 3148 512 3198 Burm.:
552 3156 607 3197 et
636 3146 711 3198 sic
738 3147 933 3198 editum
963 3145 1182 3217 primum
1211 3146 1275 3197 ab
1302 3145 1527 3214 Egnatio
1558 3147 1707 3200 1507.
1781 3148 1901 3213 (nec
1921 3143 1975 3216 s
2023 3163 2179 3214 quum
2219 3154 2389 3197 exstet
2414 3145 2470 3197 in

218 3215 349 3268 edit.
377 3218 442 3267 D.
471 3216 675 3267 Heinsii
707 3218 857 3271 1636.
876 3256 891 3281 ,
924 3226 1082 3286 atque
1113 3217 1184 3266 ita
1215 3215 1446 3267 ediderit
1473 3216 1590 3267 Nic.
1622 3213 1898 3280 Heinsius,
1944 3214 2002 3266 id
2043 3215 2251 3267 videtur
2293 3215 2382 3267 hic
2415 3215 2471 3266 in

219 3286 323 3338 suis
353 3286 503 3337 libris
527 3280 816 3347 invenisse3
847 3296 901 3337 et
922 3286 996 3338 ita
1031 3295 1111 3337 est
1136 3285 1190 3336 in
1216 3286 1409 3337 Medic.
1434 3302 1515 3353 ap.
1542 3286 1706 3352 Fogg.
1734 3293 1787 3334 et
1807 3284 1861 3334 in
1887 3285 2073 3351 fragm.
2102 3284 2293 3349 vatic„
2317 3284 2472 3336 etiam

219 3355 677 3493 {ffifflssjss'gea
695 3355 1033 3494 ffinfiff‘ffi?
1071 3351 2475 3494 {2:3221352¹:33.”ssz..{:1.3.f¹.⁰233203.2232

358 3462 373 3476 .
690 3464 705 3489 ,
2157 3460 2172 3476 .

222 3512 304 3564 pr.
336 3494 520 3549 Hamb.
549 3512 648 3564 pro
668 3512 776 3546 var.
801 3495 924 3546 lect.
956 3504 1010 3545 et
1040 3495 1200 3547 Goth.
1229 3512 1364 3559 sec.,
1397 3492 1537 3544 idem
1563 3500 1618 3544 et
1636 3530 1653 3558 ,
1685 3495 1858 3544 tectis.

226 3635 615 3714 conflagrasse
656 3636 852 3694 fertur
913 3634 1076 3715 apud
1118 3634 1305 3714 Apol-
1390 3658 1533 3708 πιος
1559 3632 1727 3693 Iliad.
1758 3634 1815 3713 β,
1853 3636 1934 3699 88
1973 3643 2032 3693 et
2074 3634 2148 3694 al.
2179 3632 2474 3714 Σχέτλιος,

226 3721 348 3781 lod.
377 3723 421 3796 l,
461 3725 521 3796 9,
557 3726 615 3785 7.
702 3723 799 3797 Si,
844 3720 1008 3798 quod
1046 3740 1123 3779 ex
1163 3740 1308 3799 poe·
1393 3716 1465 3794 ὃς
1493 3730 1599 3778 etc.
1629 3718 1795 3778 lliad.
1828 3742 1873 3794 ε,
1907 3718 2032 3784 408
2081 3721 2157 3779 de
2201 3721 2476 3796 Hercule,

228 3808 383 3868 ticae
427 3807 715 3866 orationis
764 3827 878 3865 usu
922 3808 1114 3866 facere
1151 3807 1309 3881 licet,
1393 3806 1500 3884 qui
1552 3805 1865 3865 Plutonem
1918 3805 2131 3884 sagitta
2171 3825 2479 3884 percusse-

230 3894 421 3973 ipsam
457 3893 669 3952 urbem
693 3937 710 3969 ,
772 3892 999 3951 Elidem
1027 3937 1043 3967 ,
1105 3891 1310 3951 decla-
1395 3902 1512 3952 rat.
1615 3891 1760 3955 591.
1804 3913 1939 3950 aere
1976 3904 2031 3949 et
2068 3893 2257 3972 pulsu
2293 3913 2476 3970 equo-

231 3988 425 4038 ratam
450 3998 573 4037 esse
614 3979 954 4054 contendis,
999 3987 1071 4037 ut
1113 3980 1314 4037 Elidis
1396 4000 1531 4036 rum
1562 4001 1580 4036 .-
1663 3996 1837 4036 aereo
1895 3997 2136 4053 curru,
2182 3986 2245 4035 et
2303 3979 2480 4053 sorte,

234 4064 370 4122 urbs
410 4065 570 4124 dicta
624 4067 699 4125 sit
756 4086 865 4145 pro
922 4063 1088 4123 Elide
1120 4109 1137 4139 ,
1202 4086 1317 4142 per
1398 4064 1565 4141 quod
1617 4063 1891 4122 additum
1940 4062 2014 4121 ab
2069 4061 2198 4120 aliis
2223 4107 2239 4133 ‚
2299 4063 2483 4121 aereis

235 4172 373 4208 eam
411 4152 674 4210 mediam
712 4151 837 4209 ibat
878 4161 989 4210 etc.
1034 4160 1164 4210 tum
1215 4150 1313 4208 di—
1397 4149 1634 4208 laminis
1676 4150 1739 4208 in
1780 4149 1908 4208 solo
1947 4146 2292 4223 substratis,
2336 4168 2483 4226 quas

236 4235 491 4295 cendum
522 4283 536 4312 ,
598 4247 835 4317 poetam
874 4257 1085 4316 parum
1135 4255 1315 4295 accu-
1398 4255 1692 4314 equorum
1797 4233 2052 4312 ungulae
2159 4232 2483 4311 pulsarent.

235 4330 367 4380 rate
397 4342 504 4402 per
544 4323 843 4403 prolepsin
883 4324 1092 4381 urbem
1130 4320 1316 4380 serius
1403 4322 1685 4403 (--592.
1748 4322 1831 4378 De
1883 4319 1947 4378 vi
2010 4318 2338 4398 particulae
2401 4322 2485 4379 Aa

238 4408 536 4481 conditam
608 4428 976 4468 memorasse.
1049 4408 1121 4466 cf.
1174 4408 1315 4468 Var.
1400 4408 1527 4467 vid.
1577 4408 1654 4480 Q.
1715 4407 1784 4467 V.
1840 4404 2150 4480 xxxvn,
2196 4404 2255 4470 5.
2307 4405 2484 4487 Wr.)

238 4493 396 4551 Lect.
499 4494 641 4559 590.
697 4496 993 4563 Deme-ns,-
1050 4511 1125 4552 ex
1186 4489 1315 4573 Νή-
1403 4496 1550 4558 593.
1593 4512 1709 4550 non
1776 4492 1878 4550 itte
1919 4489 2104 4571 faces
2149 4487 2268 4550 hoe
2314 4491 2489 4551 valde
