2882 5028
545 437 1157 517 AENEIDOS
1211 439 1418 518 LIB.
1472 441 1605 534 VI,
1674 445 2110 520 744--745

193 632 479 705 Donec
510 625 744 724 longa
780 625 989 725 dice,
1042 623 1407 729 perfecto
1439 628 1827 729 temporis
1854 628 2076 735 orbe,

195 788 430 847 ditione
455 831 470 861 ,
527 805 646 864 qua
690 795 834 845 sunt
875 786 1077 846 Manes
1092 809 1110 864 ;
1184 787 1297 845 etsi

197 875 290 932 sic
342 872 640 932 Ausonius
692 869 1080 953 (quamquam
1149 870 1298 934 mihi

198 978 331 1020 non
363 958 505 1016 satis
524 957 903 1037 exploratum
931 957 1075 1040 hoc)
1103 959 1298 1019 videri

201 1055 408 1126 potest
433 1053 493 1103 et
529 1044 655 1122 ipse
677 1043 1112 1123 interpretatus
1153 1063 1296 1119 esse,

203 1131 481 1191 imitatus
507 1149 751 1189 versum
782 1130 947 1189 hunc
991 1133 1054 1191 in
1092 1130 1298 1210 Ephe—

205 1236 361 1275 mer.
404 1218 520 1280 57.
574 1217 631 1272 εἰ
671 1219 982 1293 poenitet,
1047 1218 1296 1298 altaque

207 1323 417 1361 sensus
456 1300 739 1360 Formido
779 1304 1114 1380 excruciat,
1173 1317 1297 1362 tor-

208 1399 530 1466 mentaque
583 1408 716 1444 sera
756 1388 1070 1462 gehennae
1113 1391 1298 1447 Anu·-

199 1478 382 1550 cipat
419 1516 436 1547 ,
511 1476 857 1553 patiturque
920 1495 1059 1533 suos
1134 1493 1299 1531 men-3

211 1561 433 1618 saucia
509 1560 757 1617 Manes.
856 1559 1050 1617 Etiam
1124 1558 1299 1618 Statii

213 1663 495 1717 versum,
543 1642 644 1701 ubi
678 1642 854 1702 Pluto
904 1645 983 1704 ad
1014 1643 1304 1724 Amphia-

213 1750 397 1790 raum
431 1728 583 1803 VIII,
621 1726 704 1792 84
745 1731 833 1787 At
852 1730 964 1788 tibi
988 1753 1136 1810 quos
1157 1775 1173 1803 ,
1206 1734 1307 1788 in-

217 1821 355 1896 quit
376 1859 392 1885 ,
443 1815 713 1872 Manes?
755 1818 864 1894 qui
898 1818 1088 1874 limite
1118 1837 1307 1893 prae-

219 1923 363 1978 cepa
393 1900 470 1958 ,Ν
469 1922 544 1957 οη
577 1901 737 1958 licito
772 1922 887 1978 per
930 1905 1109 1960 inane
1152 1905 1302 1977 mis,

218 1988 311 2046 ita
354 1986 835 2063 interpretantur
872 2007 1007 2045 cum
1046 1986 1310 2059 Lutatio,

221 2082 301 2131 ut
342 2072 462 2130 sint
501 2090 744 2150 poenae.
829 2072 914 2131 At
942 2084 1156 2152 potest-
1184 2073 1312 2132 aliis

225 2176 469 2234 quoque
526 2158 719 2217 modis
790 2160 1088 2238 suppleri:
1160 2177 1313 2236 quos

224 2243 437 2304 Manes
491 2242 657 2302 adire
700 2243 933 2303 animus
985 2246 1105 2304 fuit
1158 2244 1314 2303 tibi?

228 2332 312 2390 Et
337 2328 539 2386 statim
567 2349 625 2389 v.
656 2333 756 2393 90.
792 2334 867 2393 91
901 2337 1127 2389 sanctia
1154 2334 1315 2389 Ma-

229 2414 408 2475 nibus
454 2414 686 2492 vulgari
726 2434 905 2474 sensu
953 2417 1174 2476 iterum
1221 2416 1318 2474 di-

234 2511 423 2561 ctum.
509 2500 736 2561 Sanctii
783 2502 1203 2583 interpretatio
1252 2503 1318 2560 in

234 2588 510 2649 Minerva
581 2607 711 2667 pag.
775 2590 919 2652 825.
986 2594 1141 2658 826,
1227 2598 1319 2660 ut,

236 2672 745 2751 quemadmodum
808 2675 946 2734 mali
1010 2677 1323 2754 patiuntur

236 2763 520 2819 Lemures
550 2768 611 2817 et
638 2759 860 2818 Larvas
899 2780 1140 2834 eorum,
1171 2780 1325 2837 quos

236 2847 544 2905 laeserunt
583 2845 684 2903 vel
721 2856 1050 2922 necarunt,
1093 2847 1179 2905 sic
1211 2846 1329 2904 bo-

243 2933 308 2991 ni
382 2931 692 3009 patiantur
758 2934 1037 3012 proprios
1106 2932 1328 3003 Manes,

242 3026 528 3076 contorta
567 3025 674 3075 est.
762 3018 951 3077 Cerda
989 3021 1130 3097 pati
1170 3021 1330 3076 Μα-

244 3125 350 3163 nes
384 3103 616 3163 dictum
661 3103 827 3179 vult,
872 3114 976 3177 ut,
1012 3107 1156 3182 pati
1197 3104 1331 3161 Fu.-

245 3193 398 3249 rias.
490 3188 608 3246 Sed
673 3186 793 3247 hoc
858 3189 1011 3249 nihil
1066 3188 1334 3268 expedit,

249 3294 364 3334 nec
394 3275 444 3333 si
470 3273 614 3333 deos
657 3274 882 3334 inferos
922 3276 1168 3335 omnino
1212 3292 1337 3331 esse

249 3360 315 3420 h.
340 3360 380 3418 l.
417 3359 642 3418 dixeris
685 3359 922 3434 Manes,
966 3371 1038 3420 ut
1083 3362 1188 3419 Ge.
1239 3359 1340 3432 IV,

253 3446 383 3509 489
445 3455 507 3504 et
577 3444 734 3506 alibi.
835 3450 994 3505 Pau·
1046 3449 1336 3525 aliquem,

256 3530 610 3611 pati-deos,
664 3531 917 3608 Manes;
976 3532 1083 3590 vix
1136 3531 1345 3590 Latine

258 3617 530 3691 dicitur3
592 3619 788 3696 puella
857 3619 1086 3696 patitur
1144 3618 1345 3676 virum

259 3706 433 3781 longe
474 3705 589 3761 alio
631 3705 830 3763 modo.
918 3706 1012 3763 Ad
1042 3703 1194 3762 duos
1223 3704 1347 3761 Ge·-

262 3791 427 3863 nios,
472 3790 574 3867 qui
614 3788 840 3849 homini
886 3792 1146 3864 adsunt,
1186 3790 1349 3848 refe-

264 3876 440 3935 rebat
492 3875 685 3935 altero
740 3877 872 3935 loco
920 3876 1190 3950 Servius3
1244 3873 1351 3933 sed

267 3964 528 4021 alienum
555 3962 621 4020 id
651 3961 726 4021 ab
753 3960 815 4021 h.
852 3963 893 4020 l.
977 3961 1190 4021 Melius
1217 3962 1353 4020 Ru-

269 4068 411 4107 aeus
471 4047 794 4108 daemonas
842 4047 965 4108 huc
1029 4057 1212 4108 vocat
1276 4066 1355 4105 ex

270 4136 516 4194 Platone
550 4132 634 4213 (v.
667 4156 718 4194 c.
741 4136 803 4194 in
833 4134 1151 4194 Phaedone
1183 4157 1241 4214 p.
1272 4138 1356 4197 80

269 4222 337 4281 Β.
390 4221 577 4302 Frt'.);
621 4222 726 4281 sed
769 4241 1063 4299 nusquam
1107 4222 1182 4280 ab
1242 4221 1358 4280 hoc

272 4308 590 4367 memorari
615 4308 793 4366 video
814 4354 829 4378 ‚
863 4309 1195 4368 cruciatum
1229 4310 1362 4366 ani-

273 4394 485 4452 mabus
528 4394 733 4453 inferri
776 4395 850 4451 ab
890 4395 1015 4454 ullo
1056 4396 1364 4455 daemone.

275 4480 470 4538 Valer.
500 4478 587 4537 Pl.
623 4480 720 4557 111,
749 4483 896 4557 389,
932 4480 1036 4559 qui
1062 4480 1229 4544 hunc
1267 4482 1366 4541 lo·-

1397 2756 1587 2824 μ870.ι

2302 455 2453 526 969

2302 642 2458 718 745

1379 804 1518 843 cum
1552 795 1693 844 ante
1736 787 1939 847 oculos
1976 788 2223 865 habuit,
2268 788 2459 848 inter-

1378 873 1773 950 pretationem
1806 873 1870 932 in
1908 884 2187 934 neutram
2228 884 2464 955 partem

1377 956 1674 1033 inflectit;
1730 978 1869 1017 nam
1931 960 2106 1019 aliam
2146 960 2322 1041 plane
2366 960 2465 1019 ille

1377 1042 1676 1102 rationem
1719 1044 1882 1105 iniit:
1924 1045 2174 1105 Animae
2200 1046 2467 1106 violenta

1381 1137 1573 1188 morte
1610 1130 1739 1188 vita
1794 1134 2075 1210 expulsae
2117 1153 2211 1211 ap.
2256 1132 2471 1191 Pluto-

1381 1233 1520 1273 nem
1574 1215 1650 1273 de
1700 1216 1916 1276 iniuria
1979 1228 2471 1296 conqueruntur;

1383 1309 1517 1360 tum
1552 1300 1686 1359 illae
1729 1323 1846 1361 una
1888 1304 2211 1365 Furiarum
2253 1304 2474 1363 comite

1382 1386 1591 1445 addita
1634 1389 1894 1448 redeunt
1921 1434 1939 1462 ,
1992 1399 2065 1448 ut
2116 1411 2150 1449 a
2198 1390 2472 1448 sontibus

1383 1491 1607 1552 poenas
1652 1484 1965 1554 expetant:
2029 1477 2291 1556 Quisque
2331 1496 2472 1534 suos

1386 1569 1580 1615 sontes
1602 1560 1965 1641 thimicaque
1980 1575 2228 1640 pectora
2257 1562 2472 1638 poenis

1388 1644 1717 1720 Implicat5
1764 1659 1820 1704 et
1852 1651 2031 1707 varia
2069 1650 2305 1714 meritos
2325 1648 2474 1724 Jon-

1390 1729 1616 1787 midcne
1670 1733 1945 1806 pulsant.
2049 1732 2330 1814 (Nescio,
2399 1752 2477 1789 an

1394 1813 1590 1872 Latini
1629 1814 1717 1873 ita
1753 1817 2019 1877 dixerint
2061 1840 2123 1878 se
2158 1822 2342 1897 pati,
2406 1825 2481 1875 ut

1393 1907 1549 1958 esset
1608 1899 1651 1959 i.
1710 1921 1764 1978 q.
1826 1903 2179 1964 delictorum
2231 1922 2480 1963 suorum

1394 2005 1618 2066 poenas
1642 1988 1795 2066 pati·
1781 2032 1799 2063 ‚
1840 1989 2042 2048 idem
2025 2011 2144 2051 lam
2178 1991 2294 2050 erit
2320 1990 2483 2047 Ma-

1396 2093 1500 2130 nes
1530 2093 1671 2131 auos
1710 2077 1889 2150 pati;
1950 2075 2210 2135 Manes
2263 2072 2482 2131 videli-

1398 2165 1534 2231 cet,
1590 2158 1757 2234 quod
1801 2162 1996 2239 agitur
2038 2163 2112 2220 de
2155 2158 2486 2240 purgandis

1400 2242 1563 2322 apud
1590 2243 1815 2303 inferos
1857 2247 2200 2322 animabus,
2257 2268 2303 2305 s.
2351 2243 2487 2302 Ma-

1401 2329 1596 2388 nibus.
1684 2351 1801 2389 sua
1831 2336 2107 2412 exempla
2147 2335 2291 2411 pati
2332 2329 2491 2388 dixit

1401 2414 1656 2474 Phaedr.
1703 2416 1746 2487 Ι,
1795 2423 1898 2491 26,
1963 2423 2060 2482 12.
2147 2419 2245 2476 Bis
2292 2416 2490 2492 Virgi-

1402 2500 1554 2559 lium
1605 2504 1933 2579 respexisse
1990 2505 2168 2564 Silius
2226 2504 2491 2572 videtur,

1404 2585 1567 2660 ΧΙΙΙ,
1586 2584 1730 2650 544.
1745 2605 1760 2640 τ
1774 2588 2312 2660 „Rhadamanthus
2325 2607 2493 2644 mor-

1407 2682 1532 2730 tem
1587 2684 1829 2732 exercet
1868 2675 2193 2752 inanem;“
2254 2683 2313 2731 et
2350 2671 2495 2730 ibid.

1643 2760 1899 2831 „merito
1943 2781 2104 2819 mors
2148 2760 2275 2838 ipsa
2324 2758 2497 2815 labo-

1410 2848 1592 2919 rat;“
1619 2849 1823 2903 merito
1844 2890 1859 2917 ,
1904 2847 2065 2922 quod
2098 2846 2345 2924 quisque
2371 2861 2500 2900 me·-

1410 2932 1567 2987 ritus
1625 2939 1732 2988 est.
1830 2932 2097 2992 Bauerus
2159 2930 2236 2989 ad
2297 2933 2499 2986 Sanct.

1415 3016 1671 3074 mjnerv.
1697 3016 1828 3076 vol.
1858 3017 1927 3076 11.
1956 3039 2017 3097 p.
2045 3020 2171 3081 365
2209 3035 2295 3092 sq.
2341 3017 2502 3072 Ma-

1415 3122 1521 3159 nes
1559 3101 1634 3159 ad
1676 3102 1876 3161 locum
1922 3111 2190 3183 spectare
2229 3100 2505 3160 iudicans

1416 3186 1578 3246 hanc
1606 3189 1891 3267 proponit
1923 3187 2505 3266 interpretationem:

1423 3272 1734 3348 „Patimur
1791 3294 1930 3333 suos
1981 3275 2230 3353 quisque
2286 3272 2508 3344 Manes,

1424 3360 1465 3417 i.
1494 3378 1545 3419 e.
1573 3379 1712 3418 suos
1736 3362 1986 3437 quisque
2028 3361 2256 3420 Inferos
2272 3403 2290 3434 ,
2332 3376 2509 3417 suum

1427 3438 1636 3529 ᾅδην,
1704 3445 1809 3504 ubi
1869 3447 2137 3527 castigati
2192 3446 2513 3520 vexatique

1428 3534 1814 3608 purgemur.“
1907 3532 2128 3592 Parum
2185 3529 2514 3590 commode.

1431 3616 1711 3675 Proxime
1737 3616 1811 3675 ad
1843 3618 2139 3677 rationem
2181 3638 2216 3675 a
2264 3636 2360 3674 me
2396 3614 2515 3673 ini-

1429 3712 1557 3761 tam
1585 3703 1818 3762 accedit
1851 3704 2229 3764 Muenscberi
2253 3701 2518 3781 explica-

1432 3790 1524 3846 tio
1564 3788 1895 3848 Obamatt.
1938 3795 2004 3849 in
2046 3794 2107 3849 V
2105 3796 2222 3867 irg.
2264 3794 2416 3847 Aen.
2453 3806 2518 3863 p.

1435 3879 1572 3938 22:
1616 3895 1819 3933 omnes
1845 3896 2089 3936 suorum
2117 3875 2368 3954 quisque
2391 3871 2524 3929 Ma-

1436 3961 1607 4019 nium
1635 3973 1913 4022 naturam
1937 3981 2045 4021 seu
2067 3960 2391 4021 maioribus
2418 3976 2526 4015 seu

1439 4047 1774 4108 minoribus
1836 4049 2002 4107 vitiis
2057 4045 2525 4108 contaminatam

1438 4133 1638 4194 luunt.
1726 4135 1856 4194 Non
1886 4134 2141 4194 multum
2191 4130 2392 4190 differt
2433 4131 2525 4188 al-

1444 4230 1578 4279 tera
1624 4221 1699 4279 ab
1754 4219 1963 4280 eodem
2026 4219 2169 4278 ibid.
2220 4218 2528 4297 proposita

1445 4307 1889 4387 interpretatio:
1913 4326 2078 4365 suam
2107 4307 2356 4382 quisque
2384 4324 2533 4361 con-

1451 4394 1738 4453 ditionem
1765 4395 1825 4452 in
1850 4392 2055 4452 inferis
2083 4392 2348 4472 patitur,
2390 4389 2450 4449 h.
2484 4411 2534 4451 e.

1450 4501 1560 4540 suo
1615 4481 1865 4559 quisque
1905 4478 2086 4540 modo
2128 4474 2538 4560 purgationem
