2882 5028
1344 264 1377 283 p

462 424 619 499 640
680 433 685 436 ·
824 441 831 464 2
949 423 1031 496 P.
1084 419 1620 524 VIRquLll
1683 418 2238 495 MARoms

465 606 759 683 Omnia
790 603 1317 700 conlustrans,
1371 606 1576 682 hanc
1605 608 1956 707 primum
1992 606 2088 681 ad
2125 605 2353 682 litora
2386 604 2678 679 classem

463 709 857 808 Conspexi
887 709 1366 788 venientem.
1420 710 1623 786 Huic
1650 735 1809 802 me,
1830 733 2385 811 quaecumque
2416 705 2682 803 fuisset,

461 809 779 888 Addixi:
834 812 1015 887 satis
1050 827 1167 888 est
1204 826 1531 909 gentem
1571 811 1945 911 effugisse
1984 810 2440 889 nefandam.

458 919 625 992 Vos
654 915 1001 990 animam
1030 914 1236 992 hanc
1264 918 1531 1016 potius
1563 940 2078 1018 quocumque
2112 912 2680 991 absumitelem.
2730 950 2733 953 ’

564 1019 706 1095 Vix
776 1043 867 1095 ea
937 1016 1143 1095 fatus
1200 1033 1410 1099 erat:
1485 1045 1806 1096 summo
1854 1044 2105 1121 quum
2158 1032 2439 1095 monte
2490 1015 2681 1200 νὶἀὸεὲ

1012 1125 1017 1136 ’
1627 1148 1807 1200 mus
2554 1130 2599 1201 6

459 1227 729 1324 Ipsum
766 1225 974 1301 inter
1002 1226 1357 1327 pecudes
1385 1241 1595 1304 vasta
1628 1252 1713 1304 se
1736 1224 1960 1302 mole
1990 1237 2458 1302 moventem

457 1332 872 1404 Pastorem
924 1329 1551 1431 Polyphemum,
1612 1344 1693 1408 et
1744 1329 1975 1406 litora
2022 1341 2214 1406 nota
2259 1341 2680 1430 petentem:

458 1436 911 1509 Monstrum
965 1432 1504 1529 horrendum,
1573 1432 1964 1522 informe,
2028 1435 2351 1531 ingenS,
2422 1432 2538 1508 cui
2580 1429 2678 1505 lu-

1628 1562 1822 1615 men
1857 1535 2292 1615 ademtum.

461 1641 779 1716 Trunca
802 1665 1051 1717 manu
1084 1641 1318 1742 pinus
1345 1642 1582 1742 regit,
1639 1655 1718 1719 et
1744 1641 2064 1738 vestigia
2094 1638 2383 1720 firmat.

470 1848 475 1852 ·
598 1816 700 1870 651
736 1816 880 1867 Itane
904 1827 1120 1884 purtem
1149 1816 1225 1867 ad
1250 1817 1420 1869 litora
1451 1816 1684 1869 Donatus
1714 1815 1876 1884 legit,
1916 1815 2060 1885 quod
2089 1817 2185 1867 Ge.
2215 1814 2459 1867 Fabricio
2487 1811 2674 1863 videba-

456 1894 543 1935 tur
573 1883 770 1936 habere
797 1884 995 1954 aliquid
1020 1884 1363 1954 antiquitatis.
1432 1890 1577 1938 hane
1604 1889 1784 1958 primo
1816 1905 1853 1937 a
1894 1886 2059 1938 litore
2095 1884 2340 1937 Nonuius
2363 1884 2419 1935 in
2444 1883 2675 1934 lustrate:

457 1954 599 2023 quod
630 1954 891 2022 placuisse
918 1953 1138 2006 Heinsio
1169 1954 1405 2017 mireris,
1454 1974 1565 2008 eum
1609 1956 1808 2024 primae
1847 1954 2049 2006 littoris
2086 1954 2228 2024 parti
2271 1954 2361 2005 vix
2398 1952 2597 2004 credere
2629 1964 2675 1998 se

495 2023 724 2089 amerit,
758 2024 848 2092 qni
879 2023 1110 2075 latebras
1139 2026 1452 2091 quaerebam
1495 2036 1553 2077 ut
1579 2038 1719 2076 recte
1745 2025 1850 2076 iam
1873 2025 2046 2076 Burin.
2077 2022 2293 2076 monuit.
2367 2025 2434 2074 Et
2461 2021 2528 2074 cf.
2551 2017 2675 2070 Ovid.

519 2094 586 2142 {v
616 2093 746 2144 Met.
771 2096 877 2147 218
898 2109 980 2161 sq.
1010 2092 1127 2146 loco
1160 2109 1190 2144 e
1218 2093 1446 2162 Virgilio
1479 2111 1757 2163 expresso:
1799 2095 1983 2146 ¹Haud
2017 2093 2226 2165 procul
2263 2092 2496 2165 adspexi
2534 2090 2675 2157 longe

448 2175 583 2233 post
615 2174 854 2232 tempore
891 2164 1078 2214 navim
1121 2162 1190 2213 ad
1229 2162 1485 2231 littusque
1524 2164 1744 2216 cucurri.
1808 2166 2048 2235 primum
2089 2165 2149 2214 in
2202 2163 2372 2215 litore
2415 2163 2535 2210 Ven.
2566 2160 2674 2208 Bur-

455 2248 628 2283 mann.
668 2231 843 2283 malit:
905 2232 1052 2283 lianc
1083 2234 1318 2303 primam
1354 2235 1429 2284 ad
1470 2234 1507 2284 I.
1545 2235 1779 2286 classim.
1851 2234 1939 2301 (Et
1977 2233 2084 2297 ita,
2136 2235 2397 2301 primam,
2444 2237 2599 2280 exstat
2631 2225 2673 2276 in

455 2302 611 2353 Bafn.
638 2302 704 2352 11.
752 2304 872 2354 Wr.
909 2330 975 2339 —
1014 2299 1069 2353 si
1110 2301 1328 2353 classem
1367 2301 1650 2354 Troianam
1691 2304 1928 2374 primum
1970 2301 2039 2353 ad
2075 2301 2201 2352 litus
2246 2300 2535 2352 venientem
2565 2311 2672 2348 eon-

454 2369 627 2440 spexit
655 2370 1066 2434 Achemenides,
1100 2371 1201 2422 fuit
1227 2388 1288 2422 ea
1310 2373 1523 2442 prima,
1558 2389 1692 2441 qnae
1717 2372 1783 2423 ab
1829 2373 1925 2423 illo
1975 2380 2257 2439 conspecta
2298 2381 2397 2422 est.
2451 2367 2590 2422 Welt.
2619 2391 2672 2404 -

446 2443 683 2513 primum
713 2440 768 2491 h.
802 2439 870 2500 l..
907 2451 963 2491 ut
1002 2457 1159 2506 snpra
1203 2457 1278 2492 vs.
1324 2443 1475 2494 108.:
1527 2443 1796 2502 „Teucrus
1841 2441 2108 2492 Rhoeteas
2147 2440 2433 2509 primum
2479 2447 2554 2488 est
2592 2433 2673 2485 sd-

454 2523 632 2561 vectns
664 2510 730 2562 ad
758 2514 932 2561 oras.“
1004 2510 1230 2561 classim
1261 2527 1364 2579 quo
1408 2510 1651 2578 exemplo
1694 2509 1967 2581 scripserit
2004 2511 2207 2574 Bur-m„
2256 2508 2477 2578 ignoro,
2518 2521 2672 2574 quam-

450 2597 602 2648 quam
629 2582 799 2634 claui
819 2588 969 2631 sexto
1002 2597 1123 2631 casu
1151 2579 1348 2647 legitur
1375 2579 1512 2632 infra
1539 2583 1679 2643 vm,
1713 2586 1826 2635 11.:
1852 2581 2175 2643 „Adventum
2197 2587 2407 2631 Aenean
2439 2576 2533 2630 cla
2546 2574 2672 2627 υἰέ*

404 2666 415 2677 ‘
457 2652 604 2711 Wnl
747 2652 851 2705 652
887 2652 1158 2719 Prespeaei
1198 2648 1391 2701 Medic.
1440 2651 1578 2701 Gud.
1613 2668 1714 2720 pro
1757 2652 1863 2703 div.
1899 2651 2021 2702 lect.
2062 2650 2234 2701 Colot.
2281 2649 2548 2709 Parthas,
2595 2641 2670 2694 sed

450 2718 553 2771 iam
584 2722 867 2790 Pro-spicio
892 2739 939 2770 v.
968 2720 1090 2773 648.
1167 2721 1447 2791 conspicio
1477 2721 1644 2786 Ven.‚
1679 2720 1820 2771 idem
1855 2723 2004 2772 Hine
2030 2738 2130 2771 me.
2174 2718 2314 2770 alter
2359 2715 2539 2769 Hamb.
2569 2715 2671 2764 Huc

449 2808 550 2841 me.
584 2824 590 2829 ·
691 2789 797 2844 654
834 2790 1096 2871 assume&
1122 2796 1232 2839 tres
1261 2807 1345 2854 ap.
1387 2791 1558 2842 Bur-m.
1713 2791 1818 2845 655
1864 2792 1923 2842 in
1969 2801 2150 2840 monte
2186 2788 2395 2858 aliquot
2440 2787 2592 2836 Burm-
2626 2786 2670 2831 εἰ

450 2860 618 2910 Goth.
655 2878 737 2929 pr.
808 2857 950 2926 (cum
994 2876 1200 2910 canuno
1238 2859 1358 2910 Alb.
1417 2861 1564 2925 Wr.)
1705 2858 1810 2913 656
1854 2871 2132 2930 gerentem
2169 2874 2251 2925 pr.
2300 2856 2480 2919 Hamb.
2546 2849 2669 2904 Unde

449 2930 622 2980 Burm.
662 2928 799 2981 coni.
844 2927 1142 2998 serentem.
1211 2928 1316 2979 Sed
1346 2928 1607 2997 vulgatum
1635 2946 1694 2980 se
1721 2939 2023 2981 moventem
2047 2926 2215 2979 multo
2245 2923 2554 2994 praeclarius
2576 2935 2669 2972 esse

449 3017 564 3051 oum
596 3011 756 3050 vasca
779 2998 919 3049 mole
951 2996 1210 3061 iunctum,
1282 2996 1360 3048 uis
1391 3015 1499 3049 nou
1529 2997 1751 3051 videat?
1891 2999 1995 3053 659
2032 3016 2199 3048 manu
2237 2995 2427 3047 Medic.
2479 2991 2668 3062 (adiecta

446 3080 619 3121 tamen
648 3067 714 3120 ab
741 3067 925 3130 altera,
950 3083 1133 3134 eaque,
1157 3075 1214 3117 ut
1286 3067 1498 3135 ogginio
1524 3068 1747 3127 videtur,
1770 3064 2086 3129 recentiore,
2109 3084 2263 3118 manu
2292 3066 2523 3117 literam.
2548 3055 2664 3123 [Vt-l

448 3155 561 3188 cnm
586 3134 1063 3207 praestantioribus
1091 3135 1329 3186 omnibus
1356 3137 1538 3187 Heins-
1569 3146 1626 3188 et
1667 3136 1803 3190 Pier.
1852 3147 1908 3187 et
1948 3136 2156 3204 utrique
2189 3135 2243 3186 id
2284 3135 2570 3205 probatum:
2613 3133 2664 3178 Μ

447 3208 617 3258 Burm.
650 3216 880 3257 veterem
914 3203 1196 3255 lectionem
1222 3223 1443 3257 manum
1471 3218 1835 3266 revocaverat,
1870 3207 2168 3257 recentibus
2207 3215 2407 3256 tantum
2452 3199 2590 3255 codd·
2623 3205 2664 3246 ‘t

445 3274 850 3329 auctoritatibus
872 3272 1160 3338 firmatam,
1190 3282 1421 3327 attamen
1448 3276 1502 3327 in
1538 3276 1793 3342 Quinctil.
1830 3277 1958 3328 Inst.
2000 3276 2140 3341 vm,
2182 3272 2236 3338 4,
2268 3273 2343 3329 24
2393 3273 2592 3332 lectam,
2623 3273 2665 3315 ἃ

444 3416 622 3478 video
637 3414 1045 3474 necessitatem
1063 3413 1343 3495 iungendi
1362 3416 1540 3496 Cycl-
1621 3438 1765 3499 pro,
1840 3435 1935 3477 me
1991 3415 2225 3494 tradere
2286 3412 2547 3486 decrevi,
2606 3414 2662 3466 ut

444 3524 599 3580 opas
652 3501 732 3560 ab
795 3522 942 3579 rupe
971 3522 996 3573 ,·
1060 3510 1121 3559 et
1165 3501 1367 3561 obstat
1407 3502 1536 3562 sin-
1620 3505 1763 3563 alias
1789 3502 2002 3578 morti,
2047 3501 2357 3577 servituti,
2405 3498 2549 3559 malo
2562 3539 2585 3578 t
2612 3508 2662 3549 ⁸⁸

442 3587 664 3667 gularis
693 3608 863 3664 rupe.
907 3588 1012 3647 W
1003 3585 1133 3669 ch.)
1221 3586 1365 3648 Mox
1406 3591 1533 3654 649
1617 3588 1752 3668 quis
1781 3587 2021 3648 addicit.
2108 3587 2418 3648 Addicunt
2444 3604 2501 3644 se
2540 3598 2659 3661 pm·

451 3676 696 3734 Victum
733 3671 1061 3751 infelicem,
1106 3673 1301 3754 simpl.
1345 3674 1528 3733 mise·
1614 3674 1777 3754 prie,
1834 3674 1935 3753 qui
1983 3693 2044 3733 se
2096 3673 2402 3748 vendunt,
2454 3677 2522 3729 ut
2553 3664 2658 3746 gh·

439 3779 608 3833 rum,
666 3768 923 3822 tenuem.
1026 3758 1318 3839 Argutum
1357 3770 1529 3840 puto,
1614 3760 1894 3820 diatores.

443 3844 518 3904 de
568 3844 781 3905 infelici
826 3844 1039 3904 arbore
1067 3844 1353 3924 accipere.
1423 3848 1527 3905 la-
1699 3847 1843 3911 658.
1899 3843 2112 3924 Πέλωρ
2132 3890 2151 3920 ,
2194 3838 2490 3923 πελώριον
2526 3836 2654 3898 &2¹3-

434 3930 661 4010 pido-m
709 3952 890 3989 coma
931 3931 1007 3989 ab
1048 3949 1215 4007 osse,
1260 3932 1427 4010 quod
1461 3932 1526 3991 in
1613 3957 1698 4014 μα
1726 3931 1888 4012 apud
1918 3931 2248 3991 Homerum
2274 3928 2314 3987 l.
2340 3947 2389 3988 c.
2414 3923 2650 4004 insonus,

439 4036 502 4076 se
539 4015 779 4077 habent.
857 4013 1031 4098 (vols.
1092 4017 1227 4074 rad.
1284 4016 1522 4095 herbae,
1611 4027 1686 4078 ut
1718 4014 2035 4098 ἄμορφον,
2083 4015 2366 4076 deforme.
2447 4010 2539 4069 eui
2571 4006 2651 4062 Iu-

437 4103 477 4163 i.
514 4122 564 4162 e.
600 4103 831 4163 radices
864 4101 1210 4162 herbarum.
1259 4137 1328 4148 —
1380 4104 1525 4169 652.
1612 4125 1748 4162 men
1791 4105 2134 4176 ademtam,
2206 4099 2264 4159 h.
2309 4118 2358 4158 e.
2404 4107 2650 4155 excseov
2682 4118 2690 4129 ·

415 4188 677 4267 suisset,
741 4186 864 4249 vid.
915 4186 984 4248 V.
1030 4188 1090 4247 L.
1142 4186 1219 4248 ad
1269 4185 1416 4248 Aen.
1458 4189 1529 4264 11,
1610 4198 1778 4266 tum3
1844 4188 2192 4248 deformitas
2244 4204 2397 4244 nova
2454 4184 2649 4261 praeiet

443 4279 581 4341 136.
615 4272 784 4357 Wr.)
831 4273 975 4339 653.
1008 4272 1278 4332 Addixi:
1326 4274 1527 4354 signa-
1611 4275 1967 4336 naturalem.
2034 4275 2176 4341 659.
2201 4269 2270 4330 In
2297 4289 2476 4328 manu
2497 4274 2646 4355 trunj·

437 4368 502 4420 to
526 4360 714 4420 verbo
729 4358 1013 4441 exprimit
1030 4360 1528 4439 desperationem,
1614 4362 1965 4442 cuspineu‘s
1997 4362 2150 4440 regit
2174 4377 2345 4432 eum,
2399 4364 2452 4412 et
2495 4357 2643 4407 usti-

435 4447 521 4506 ait
569 4449 770 4527 Serv.;
821 4454 887 4507 at
933 4446 1274 4525 quatenus?
1328 4467 1409 4509 sc.
1437 4456 1531 4508 est
1609 4451 1726 4527 gia
1765 4446 2023 4523 firmae,
2103 4443 2339 4504 firmum
2389 4439 2641 4497 inustum
