2882 5028
550 426 1163 504 AENEmos
1218 428 1426 504 Lm.
1482 428 1626 525 v1‚
1671 434 2021 508 27—40
2244 435 2394 509 859

145 615 282 690 Bis
308 613 613 789 patriae
642 612 1005 689 cecidere
1031 636 1332 689 manus».
1439 615 1653 708 Quin
1695 625 2082 713 protenus
2128 616 2396 692 omnia

146 721 311 794 Per
342 729 671 815 egerent
699 716 987 794 oculis:
1031 717 1114 791 ni
1140 718 1297 791 iam
1330 718 1806 816 praemissus
1835 716 2173 794 Achates

149 818 530 916 Adforet‚
578 833 814 920 atque
839 844 999 896 una
1030 819 1340 897 Phoebi
1368 820 1839 921 Triviaeque
1861 821 2255 920 sacerdOS,
2295 829 2398 903 35

147 923 581 1024 Deiphobe
613 922 928 1015 Glauci3
980 920 1191 999 fatur
1217 948 1419 1024 quae
1449 924 1624 999 talia
1652 925 1854 1021 regi:

149 1033 342 1105 Non
369 1026 526 1103 hoc
560 1028 703 1102 ista
729 1027 875 1102 sibi
908 1040 1226 1126 tempus
1252 1026 1690 1126 spectacula
1718 1028 1991 1127 poscit.

153 1136 391 1208 Nunc
425 1153 662 1228 grege
694 1131 796 1206 de
828 1132 1118 1206 intacto
1155 1143 1464 1230 septem
1498 1144 1839 1208 mactare
1873 1132 2248 1207 iuvencos

156 1235 674 1329 Praestiterit‚
727 1232 1070 1309 totidem
1100 1233 1339 1310 lectas
1380 1233 1483 1310 de
1510 1256 1740 1310 more
1776 1234 2135 1312 bidentis».

269 1337 590 1414 Talibus
628 1334 883 1412 adfata
924 1341 1249 1414 Aenean
1280 1344 1465 1434 (nec
1493 1361 1704 1412 sacra
1729 1351 2150 1413 morantur
2302 1341 2404 1415 40

300 1545 372 1602 33
408 1546 588 1599 omnia
622 1545 1085 1597 Grammaticorum
1122 1554 1178 1596 et
1210 1545 1527 1614 optimorum
1559 1544 1713 1597 codd.
1729 1585 1744 1610 ,
1794 1545 1980 1615 quibus
2013 1545 2197 1615 fragm.
2231 1543 2404 1598 Vatic.

159 1614 332 1680 adde,
367 1627 449 1667 est
480 1615 656 1668 lectio.
693 1633 743 1666 v.
777 1614 914 1666 Pier.
950 1624 1007 1666 et
1040 1614 1251 1680 noina„
1302 1625 1362 1666 ut
1397 1632 1496 1683 per
1529 1614 1790 1681 syuizesin
1838 1616 2042 1668 scilicet
2087 1613 2408 1668 efferendum

160 1684 232 1736 sit
267 1688 465 1752 omnja.
502 1684 628 1752 (vid.
664 1684 732 1735 de
766 1683 870 1736 hoc
905 1683 1238 1753 synizeseos,
1289 1684 1356 1736 ab
1392 1683 1621 1736 indoctis
1666 1683 1896 1737 librariis
1948 1703 2107 1755 saepe
2152 1684 2408 1748 sublatae,

157 1771 357 1823 genere
392 1756 458 1806 V.
492 1753 555 1806 1..
592 1754 660 1805 ad
695 1756 734 1815 1,
769 1755 821 1807 2.
862 1754 1011 1820 Wr.)
1080 1752 1437 1805 Librariorum
1471 1752 1676 1805 inscitia
1724 1754 1943 1806 mutavit
1990 1755 2044 1806 iu
2100 1773 2283 1819 omne,
2329 1755 2408 1822 (ut

160 1832 247 1874 est
280 1822 337 1874 iu
374 1821 534 1875 Paris.
569 1825 622 1878 2.
664 1823 810 1890 Wr.)
845 1824 987 1892 quod
1020 1820 1135 1892 ipse
1172 1823 1429 1874 Romanus
1466 1823 1654 1886 habet,
1693 1842 1925 1889 omnem,
1973 1825 2070 1891 (ita
2115 1826 2169 1878 7.
2217 1824 2270 1876 9.
2324 1826 2406 1876 10.

162 1896 250 1949 11.
289 1895 372 1947 12.
417 1892 559 1958 Wr.)
598 1911 808 1957 omnes,
845 1912 1015 1945 omne.
1085 1894 1142 1941 In
1179 1892 1295 1944 Ald.
1330 1911 1411 1961 pr.
1449 1901 1565 1944 erat
1595 1901 1835 1945 omnem:
1890 1894 1984 1945 sed
2031 1892 2133 1943 iam
2181 1891 2248 1942 ad
2294 1889 2409 1943 cal-

159 1980 277 2083 {3¹3
311 1960 1606 2082 ⁰153⁵³0Assssiizissssihrssssffldissifiiisstussmississa
1679 1963 1783 2082 1:13?
1831 1980 1962 2099 ’ἕξεί
1987 1960 2199 2083 ῗῗῖηξέ
2209 1960 2411 2080 ,3ξὲῐέ

157 2101 216 2152 in
253 2100 705 2170 hypermetrorum
739 2118 954 2152 numero
990 2100 1188 2151 habeut
1221 2100 1515 2151 Macrobius
1553 2111 1604 2151 et
1638 2101 1910 2163 Heinsius;
1958 2101 2062 2154 vid.
2112 2099 2409 2153 Weichert.

161 2171 235 2223 de
279 2174 331 2221 V
329 2187 457 2221 crau
491 2172 838 2240 hyper-metro
871 2189 925 2238 p.
958 2171 1044 2224 23.
1115 2170 1415 2221 Defendunt
1454 2169 1732 2220 lectionem
1768 2190 1923 2222 omne
1958 2170 2175 2223 Wakef.
2212 2178 2268 2219 et
2303 2171 2412 2219 Bo-

157 2240 310 2291 thius
338 2239 396 2289 iu
443 2240 675 2309 Virgilio
716 2242 814 2291 Vir
852 2240 1039 2291 e'limao.
1081 2240 1224 2304 Wr.)
1371 2237 1444 2293 34
1493 2239 1842 2310 Pellegerent
1891 2258 1923 2292 a
1975 2239 2202 2307 Virgilio
2250 2238 2413 2290 fuisse

160 2320 461 2373 exaratum,
498 2309 768 2360 contendit
854 2308 1083 2360 erentius
1118 2313 1339 2362 Scaurus
1387 2309 1456 2360 de
1504 2308 1907 2378 Orthographia.
1975 2311 2060 2361 Ne
2107 2325 2233 2360 vero
2276 2326 2414 2379 per-

163 2379 383 2450 legeret
418 2378 748 2429 scribendum
781 2387 964 2446 putes,
1000 2388 1086 2443 ut,
1118 2378 1317 2430 Achate
1352 2377 1673 2446 praemissu,
1722 2378 1864 2430 solus
1913 2383 2111 2430 Aeneas
2158 2378 2225 2430 ad
2272 2387 2413 2427 tem-

160 2447 312 2520 plum
346 2447 636 2510 restiterit,
682 2447 1092 2512 recordandum,
1141 2454 1369 2499 Aeneam
1414 2447 1650 2518 pluribus
1685 2449 1962 2500 comitibus
2014 2448 2217 2499 exiisse.
2288 2447 2414 2497 Mox

160 2536 213 2570 v.
249 2518 324 2572 40
358 2518 475 2569 Nec
507 2534 670 2569 caera
706 2530 994 2569 morantur
1026 2520 1191 2569 Iussa
1226 2520 1350 2569 viri.
1487 2519 1559 2573 36
1592 2516 1926 2589 Deiphoebe,
1959 2517 2233 2589 Deiphobe
2254 2518 2416 2568 aber-

160 2598 289 2640 rant
320 2585 541 2639 librarii.
611 2592 679 2638 At
712 2598 793 2638 est
823 2582 1112 2655 Δηιφόβη.
1219 2606 1324 2638 uae
1343 2584 1516 2656 satur
1548 2589 1752 2654 Menag.
1801 2606 1913 2657 pn,
1954 2596 2123 2638 totum
2173 2586 2416 2638 hemisti-

162 2657 342 2710 chium
378 2654 642 2709 nonnullis
676 2656 861 2708 deesse
896 2667 1046 2708 uotat
1077 2657 1176 2708 Cer
1214 2674 1261 2708 a.
1332 2658 1494 2707 Forte
1528 2656 1808 2708 sustulerat
1844 2656 2062 2725 aliquis,
2097 2674 2229 2708 voce
2269 2658 2418 2725 regis

164 2726 416 2779 offensus.
483 2726 588 2777 Sed
621 2725 761 2787 idem
793 2730 994 2776 Aeneas
1030 2744 1124 2777 rex
1155 2725 1248 2777 inf.
1283 2726 1368 2788 55,
1404 2742 1519 2793 sup.
1567 2727 1609 2791 1,
1656 2726 1758 2780 544
1812 2735 1867 2777 et
1912 2726 1978 2777 al.
2029 2726 2095 2776 cf.
2143 2728 2416 2776 Burmann.

162 2798 236 2853 37
274 2797 411 2847 haec
443 2794 555 2845 ista
588 2794 828 2846 Parrhas.
937 2808 1132 2846 oscum
1164 2797 1314 2845 Rom.
1352 2803 1407 2845 et
1440 2794 1663 2860 Medic.,
1700 2794 1784 2845 hic
1819 2813 1850 2846 a
1885 2812 1964 2863 pr.
2000 2812 2086 2858 m.,
2118 2812 2216 2845 uec
2250 2793 2416 2845 male:

206 2874 348 2917 otest
383 2864 518 2915 adeo
554 2864 857 2932 exquisitius
893 2814 1088 2915 {ictum
1122 2864 1320 2915 videri:
1354 2867 1466 2915 ista
1512 2864 1825 2935 spectacula
1870 2876 2109 2933 poscunt
2157 2861 2262 2915 sibi
2304 2881 2417 2914 non

160 2884 273 2988 goe
306 2946 549 3004 tempus,
582 2934 678 2985 sed
711 2932 872 2985 aliud.
938 2934 1169 2985 Eandem
1203 2934 1482 2985 lectionem
1514 2933 1734 3000 respicit
1760 2933 1927 2984 Servii
1952 2942 2095 2983 nota.
2163 2934 2419 3004 (poscunt

168 3014 254 3057 est
289 3004 437 3073 prior
473 3003 697 3055 Medicei
731 3002 919 3067 leode,
962 3003 1114 3054 alteri
1131 3041 1147 3067 ,
1188 3005 1393 3073 poscit,
1447 3019 1598 3069 quam
1649 3002 1805 3053 etiam
1854 3001 2017 3053 Palat.
2065 3019 2178 3053 cum
2226 3001 2419 3053 ceteris

164 3083 379 3137 tuetur,
412 3072 571 3141 louge
604 3072 1005 3140 posthabenda3
1059 3072 1163 3124 vid.
1197 3076 1261 3136 Q.
1310 3073 1376 3122 V.
1413 3073 1551 3135 VIII,
1596 3074 1650 3137 2,
1706 3091 1752 3123 a.
1805 3071 1949 3135 Wr.)
2018 3074 2193 3141 possit
2237 3073 2419 3123 Frauc.

158 3145 325 3216 posci
359 3142 514 3192 etiam
566 3140 675 3210 legi
722 3158 880 3211 posse
929 3141 1173 3193 Heinsius
1221 3141 1411 3192 aiebat.
1552 3142 1623 3195 38
1672 3143 1835 3192 Hunc
1884 3142 2068 3192 Frauc.
2135 3159 2306 3211 grege
2353 3140 2422 3192 de

167 3214 333 3265 niveo
370 3210 491 3263 edd.
525 3211 783 3263 Macrobii
821 3213 897 3262 IV
930 3216 1035 3263 Sat.
1083 3215 1137 3276 2,
1188 3210 1351 3272 male3
1406 3227 1520 3261 cum
1571 3210 1674 3261 diis
1721 3210 1902 3261 inferis
1953 3228 2098 3277 sacra
2152 3219 2419 3278 parentur.

169 3291 228 3334 ct
264 3290 502 3332 vetustae
535 3282 769 3332 Macrob.
800 3280 963 3332 Editt.
999 3300 1169 3352 grege
1201 3284 1409 3331 intacto
1446 3279 1715 3331 exhibent.
1855 3280 1924 3334 39
1975 3297 2042 3330 ex
2091 3297 2238 3332 more
2290 3282 2422 3334 Van.

166 3351 283 3402 Erf.
321 3359 378 3401 et
407 3350 594 3416 fragm.
631 3351 803 3403 Vatic-
940 3350 1012 3404 40
1042 3363 1291 3402 moratur
1325 3349 1489 3400 Goth.
1525 3368 1605 3418 pr.
1625 3382 1628 3385 >
1651 3349 1747 3401 sed
1791 3350 1947 3401 ius-sa
1993 3350 2102 3402 vin·
2141 3366 2246 3401 non
2294 3366 2415 3401 mo-

168 3431 379 3485 rantur,
413 3418 688 3471 confestim
723 3419 1006 3487 expediunt
1023 3458 1040 3486 ,
1070 3419 1305 3490 paranda
1338 3437 1502 3471 sacra.

174 3596 398 3655 affectu
423 3603 486 3653 et
511 3614 588 3654 ex
614 3594 977 3675 apostrophe
1017 3596 1095 3655 ad
1128 3596 1257 3658 Ica-
1344 3595 1482 3653 dem
1509 3596 1733 3653 cervice
1758 3596 2064 3666 iao-ems.
2098 3593 2290 3653 dictae
2309 3593 2423 3652 ho-

171 3701 316 3743 rum
340 3679 653 3759 proficisci.
739 3681 934 3740 Verba
962 3681 1262 3741 Ausonius
1344 3674 1476 3739 ειίᾶ
1561 3684 1572 3694 ‘
1625 3682 1636 3693 '
1720 3700 1781 3738 ea
1804 3703 1822 3737 .·
1883 3679 2147 3740 Macrob.
2201 3676 2301 3755 111,
2365 3681 2424 3744 5.

174 3766 449 3826 imitatus
487 3775 578 3824 est
614 3767 677 3826 in
736 3767 980 3827 Mosella
1028 3788 1087 3828 v.
1134 3771 1261 3831 300
1345 3786 1402 3845 p.
1426 3694 1571 3830 42².
1643 3763 1948 3844 Deiphobe
1985 3775 2186 3825 autem
2213 3765 2426 3825 Glauci

173 3871 299 3930 aeq.
359 3848 594 3931 (smeret
621 3853 811 3928 dolor,
845 3853 887 3912 i.
915 3873 965 3912 e.
1003 3853 1063 3912 si
1101 3853 1261 3911 sine·
1344 3851 1466 3909 filia
1504 3870 1629 3908 non
1659 3850 1812 3908 male
1852 3850 2089 3928 editur,
2145 3852 2426 3928 quoniam

175 3948 308 4013 ret3
350 3936 475 3995 vid.
506 3937 574 3997 V.
600 3938 665 3997 L.
697 3938 773 3996 ad
811 3939 855 4011 1,
904 3940 1049 4003 572.
1106 3938 1260 3996 adde
1343 3936 1444 3995 ille
1469 3935 1629 3994 inter
1668 3935 1810 3995 deos
1851 3938 2124 3997 fatidicos
2161 3935 2428 3996 habeba-

178 4025 449 4083 Gronov.
512 4022 682 4082 Obss.
756 4023 855 4099 lv,
900 4028 1001 4089 20.
1076 4022 1254 4103 Wr.)
1343 4032 1484 4096 tur3
1525 4031 1598 4079 ut
1622 4022 1774 4081 bene
1805 4023 1998 4082 Guell.
2026 4023 2278 4084 monuit.

186 4109 353 4186 Quin
378 4105 485 4169 καὶ
512 4105 637 4188 μήν
664 4108 768 4170 καὶ
785 4157 802 4183 ,
847 4118 908 4168 et
949 4130 1083 4169 vero
1117 4129 1261 4167 sane
1429 4105 1514 4173 40
1544 4127 1671 4185 sqq.
1715 4109 2009 4169 Locorum
2037 4109 2219 4168 situm
2246 4115 2310 4165 et
2332 4106 2430 4163 fa-

176 4194 410 4271 reliqua
433 4212 672 4272 quoque
702 4195 866 4274 signa
904 4195 1263 4273 perlustras·
1349 4194 1497 4253 ciem
1553 4195 1729 4273 plane
1778 4194 2021 4273 legentis
2066 4194 2265 4252 animo
2307 4191 2429 4250 eri·-

177 4289 331 4339 sent.
418 4277 570 4338 Mox
600 4299 660 4339 v.
691 4284 792 4345 88.
835 4300 1023 4358 grege
1069 4293 1124 4338 te
1165 4283 1266 4337 in-
1347 4280 1527 4360 piunt
1561 4280 1944 4359 interpretes,
1990 4278 2135 4338 dum
2177 4277 2278 4338 hio
2318 4297 2431 4337 an-

176 4378 338 4425 tacto
356 4407 376 4439 ,
422 4358 598 4444 g'rege
628 4365 811 4425 boum
841 4366 977 4444 iugo
1002 4366 1265 4425 intacto-
1352 4374 1522 4426 trum
1549 4366 1616 4425 in
1642 4365 1829 4444 adyto
1853 4365 2060 4444 templi
2090 4364 2154 4423 in
2180 4364 2432 4423 Cumani

174 4470 321 4511 rum
336 4492 356 4527 ,
402 4450 508 4511 Ge.
551 4450 651 4511 1v.
696 4449 825 4515 540
863 4453 1092 4511 intaeta
1124 4450 1268 4511 'toti-
1355 4452 1522 4511 collis
1551 4450 1732 4512 latere
1757 4450 2019 4532 positum
2047 4468 2170 4511 esse
2197 4458 2432 4531 putant.
