2882 5028
449 330 600 403 470

936 315 1017 397 P.
1071 323 1589 400 VIRGILII
1641 324 2199 401 MA'RONIS

452 518 662 588 Tum
692 523 1129 587 memorat:
1195 514 1438 605 Nate,
1488 509 1739 585 Iliacis
1773 511 2109 586 exercite
2143 509 2341 606 satis,

454 615 642 693 Sola
674 614 875 690 mihi
905 613 1078 689 talis
1106 637 1325 688 casus
1360 613 1795 690 Cassandra
1831 614 2179 693 canebat.

448 726 680 798 Nunc
705 732 1014 820 repete,
1045 716 1243 793 haec
1271 717 1546 815 generi
1575 716 2067 818 portendere
2103 717 2371 793 debita
2399 733 2701 813 nostro,

447 827 551 901 Et
570 848 820 924 saepe
851 822 1357 922 Hesperiam,
1405 845 1643 922 saepe
1671 821 1863 898 Itala
1891 844 2136 920 regna
2166 846 2474 901 vocare.
2560 833 2702 905 185

455 925 618 1003 Sed
650 928 825 1027 quis
856 925 957 1003 ad
988 925 1418 1027 Hesperiae
1452 939 1835 1001 venturos
1864 923 2095 1001 litora
2127 930 2486 1001 Teucros

453 1029 888 1108 Crederet?
930 1043 1063 1106 aut
1092 1053 1336 1129 quem
1367 1043 1542 1105 tum
1572 1042 1788 1105 vates
1821 1027 2254 1106 Cassandra
2283 1039 2704 1109 moveret?

453 1133 852 1211 Cedamus
878 1132 1255 1227 Phoeb0‚
1311 1146 1395 1208 et
1423 1133 1712 1208 moniti
1746 1132 2085 1208 meliora
2117 1158 2571 1235 sequamur.

338 1335 343 1340 .
451 1238 579 1314 Sic
615 1239 753 1316 ait:
811 1251 891 1314 et
920 1239 1180 1314 cuncti
1214 1236 1429 1314 dicto
1467 1261 1839 1337 paremus
1871 1250 2214 1316 ovantes

589 1447 693 1500 182
724 1447 937 1499 Italicis
968 1451 1148 1515 Sprot.
1209 1449 1453 1518 flammis
1481 1446 1643 1498 Goth.
1680 1456 1800 1498 tert.
1840 1465 1872 1498 a
1896 1463 1963 1498 m.
1995 1464 2075 1515 pr.
2113 1443 2291 1518 sactis
2313 1444 2501 1513 fragm.
2527 1447 2701 1499 Vatic-

453 1514 552 1568 183
588 1533 754 1566 casua
781 1517 925 1568 talea
950 1516 1057 1568 duo
1087 1520 1259 1569 Burm.
1311 1519 1387 1586 (et
1434 1515 1510 1567 ita
1557 1516 1665 1584 legi
1721 1515 1867 1568 iubet
1899 1516 2042 1568 Cort.
2092 1516 2160 1566 ad
2193 1516 2386 1566 Lucan.
2422 1516 2515 1579 1V,
2547 1517 2702 1577 346.;

448 1602 741 1654 perperam.
784 1589 869 1638 W
862 1586 931 1652 r.)
979 1585 1215 1638 canebas
1245 1604 1328 1656 pr.
1370 1586 1560 1637 Hamb.

449 1671 532 1723 pr.
600 1656 661 1705 ln
687 1653 846 1709 Witt.
871 1655 958 1706 hie
987 1674 1165 1708 versus
1201 1666 1327 1736 pout
1352 1665 1658 1723 sequentem
1684 1655 1983 1723 legebatur3
2019 1672 2314 1724 perperam.

448 1726 569 1776 Exc.
602 1725 776 1777 Burm.
918 1727 1020 1780 185
1069 1738 1284 1779 vocasset
1332 1727 1537 1791 Hagen.

449 1794 614 1846 litore
645 1795 781 1847 Ven.
817 1811 880 1845 ex
914 1793 1221 1866 interpolat.
1329 1795 1430 1850 187
1466 1806 1528 1845 ut
1563 1812 1716 1876 quem
1750 1793 2007 1845 nonnulli.
2079 1812 2234 1864 quem
2269 1806 2330 1843 cu
2366 1792 2474 1844 alii.

1616 1584 1868 1638 monebat
1905 1603 2009 1637 sec.
2046 1586 2240 1636 Moret.
2291 1582 2510 1636 tenebat
2535 1586 2700 1637 Goth.

2428 1656 2528 1708 184
2557 1657 2704 1707 Nam

1679 1726 1779 1780 186
1823 1725 2027 1776 Italiae
2074 1723 2331 1775 Montalb.
2403 1721 2474 1774 ab
2521 1728 2598 1776 ΙΙ.
2651 1745 2704 1778 v.

2547 1813 2706 1864 quem

450 1866 613 1915 etiam
646 1863 815 1917 Wall.
884 1878 1128 1917 moneret
1161 1863 1316 1915 multi
1350 1864 1492 1935 apud
1525 1864 1664 1916 Pner.
1702 1873 1758 1915 et
1790 1866 1963 1914 Burm.
2014 1864 2091 1930 (et
2127 1880 2155 1913 e
2189 1861 2436 1914 Parisinia
2472 1864 2525 1916 2.
2561 1870 2614 1917 4.
2654 1866 2701 1918 8-

451 1933 534 1987 11.
578 1932 719 1999 Wr.)
788 1952 1037 1986 movere-5
1079 1953 1160 2004 pr.
1197 1933 1382 1986 Hamb.
1418 1952 1451 1984 a
1485 1950 1553 1983 m.
1589 1950 1692 1985 aec.

1835 1934 1936 1988 188
1975 1932 2272 1984 Credamus
2304 1933 2437 1984 Ven.
2509 1936 2708 1986 moniti

448 2014 504 2052 et
537 2001 798 2054 Montalb.
867 2005 1078 2055 maiora
1113 2021 1156 2056 s.
1198 2003 1331 2055 alter
1366 2002 1651 2071 Hamburg.
1720 2002 2063 2069 comparatur
2110 2000 2258 2053 Iliad.
2307 2018 2366 2068 α,
2417 2005 2542 2058 216.
2578 2022 2707 2054 scn-

448 2071 616 2122 tentia
652 2072 917 2124 duntaxat.

1027 2075 1127 2128 189
1166 2073 1311 2125 dicto
1345 2073 1529 2123 Heina.
1565 2089 1594 2123 e
1629 2071 1962 2137 melioribus,
1997 2079 2054 2123 et
2084 2081 2348 2141 tamquam
2383 2072 2705 2124 concinnius.

448 2142 542 2192 Eat
572 2140 775 2193 scilicet
808 2141 1029 2195 alterum
1058 2143 1220 2195 dictis
1251 2141 1565 2212 prosaicum.
1635 2142 1796 2194 dictis
1844 2141 2028 2192 cuncti
2058 2140 2223 2193 multi.
2293 2142 2492 2193 Versus
2533 2144 2710 2200 192—-

452 2211 552 2266 195
587 2210 793 2262 videbis
826 2210 921 2263 inf.
956 2213 1024 2278 V,
1059 2214 1273 2278 8-11,
1308 2212 1405 2265 aed
1438 2210 1633 2281 partim
1665 2210 1913 2263 variatos.

448 2395 656 2446 vetera
682 2386 1132 2467 interpretanda
1152 2408 1169 2463 ;
1197 2386 1363 2466 quod
1382 2387 1532 2446 duaa

449 2483 678 2548 terras,
725 2493 761 2532 a
801 2472 1021 2553 quibus
1063 2473 1265 2554 stirpis
1315 2472 1532 2533 Troia-

449 2578 561 2619 nae
589 2569 864 2620 auctores
900 2560 1041 2620 olim
1078 2560 1362 2641 originem
1398 2569 1534 2629 tra-2

446 2645 604 2706 xime
629 2656 804 2706 vetus
833 2648 990 2705 fama
1018 2655 1169 2722 erat,
1213 2666 1381 2707 nunc
1402 2666 1533 2707 non

449 2730 840 2809 distinxerat,
888 2731 994 2791 aed
1024 2732 1267 2792 alterius
1296 2732 1531 2792 adven-

446 2827 577 2893 tus,
632 2818 899 2879 Dardani
940 2818 1196 2894 scilicet,
1241 2837 1319 2877 ex
1362 2817 1535 2877 ltalia

446 2903 789 2980 immemor,
833 2905 895 2963 in
925 2905 1114 2964 altera
1146 2913 1328 2979 terra,
1371 2903 1538 2963 unde

448 2990 679 3049 Teucer
716 2990 914 3065 venit,
972 2999 1212 3050 tantum
1248 2988 1538 3049 haeserat.

446 3075 638 3153 Igitur
668 3088 866 3135 vetera
894 3077 1063 3151 loca,
1106 3085 1305 3135 terrae
1332 3086 1537 3137 vetere

448 3160 651 3237 aliqua
707 3161 867 3220 fama
926 3161 1288 3236 celebratae,
1377 3171 1539 3220 tam-

449 3265 633 3324 quam
669 3264 790 3321 eae,
852 3245 1017 3305 unde
1056 3247 1300 3305 Troiani
1339 3247 1526 3326 origi-

448 3350 587 3391 nem
636 3329 964 3407 haberent3
1020 3342 1083 3392 et
1118 3354 1305 3393 novus
1345 3354 1522 3409 error,

449 3425 745 3496 quatenus
791 3437 827 3476 a
881 3436 943 3476 ae
997 3438 1195 3494 nune,
1258 3417 1529 3496 adeoque

448 3503 674 3563 seriore
701 3522 884 3579 aevo,
932 3514 1217 3564 erratum·
1240 3511 1333 3563 est
1372 3505 1532 3563 circa

446 3587 597 3648 haec
658 3588 793 3649 loca
861 3590 1343 3670 interpretanda:
1421 3590 1535 3649 etsi

446 3696 637 3734 novus
664 3676 840 3735 solito
871 3696 1037 3736 more
1064 3686 1204 3757 post
1227 3690 1394 3736 vetus
1422 3697 1528 3736 or·

448 3768 626 3819 nat-na
662 3782 869 3822 caussa
912 3763 1235 3824 adiectum.
1281 3759 1406 3843 (sic
1424 3783 1529 3821 so-

450 3845 577 3906 lent
602 3867 636 3905 a
661 3848 856 3927 poetis
884 3849 1047 3927 iungi
1078 3849 1410 3925 contraria,
1457 3858 1531 3908 ut

449 3933 703 3992 alterum
744 3934 985 3993 alterius
1012 3934 1354 3995 illustrandi
1389 3956 1530 4013 gra-

446 4019 529 4079 tia
558 4018 909 4095 adiiciatur,
952 4029 1023 4079 ut
1047 4041 1141 4101 ap.
1168 4021 1351 4100 Βοιὼ.
1377 4021 1529 4081 Oed.

448 4105 519 4165 R.
551 4105 712 4165 init.:
767 4096 863 4182 „ai
904 4103 1086 4169 τέκνα
1114 4101 1374 4186 Κάδμου
1419 4111 1532 4170 τοῦ

448 4185 695 4253 πάλαι
754 4190 879 4253 νέα
921 4186 1183 4272 moeni-‘⁴
1271 4193 1391 4251 Nec
1422 4194 1533 4252 de-

448 4276 858 4337 siderarentur
892 4278 1037 4337 talia
1069 4299 1445 4359 magnopere,
1484 4281 1529 4338 si

447 4363 744 4440 abessent3
775 4375 846 4424 ut
867 4364 1028 4425 infra
1054 4386 1141 4426 va.
1173 4370 1354 4430 716.:
1397 4368 1534 4442 „Sic

1615 2397 1788 2468 pater
1836 2387 2095 2461 Aeneas,
2146 2386 2398 2445 intentis
2456 2390 2709 2448 omni-

1614 2474 1790 2552 bus,
1813 2493 2014 2536 unus
2043 2472 2192 2532 Fata
2216 2474 2576 2535 renarrabat
2607 2476 2709 2536 di-

1617 2582 1778 2626 vom.
1796 2563 1835 2596 “
1901 2557 2070 2642 Wr.)
2170 2559 2327 2618 Satis
2382 2563 2711 2641 expeditus

1616 2647 1862 2709 videtur
1887 2648 2086 2720 locus,
2130 2656 2388 2704 vexatus
2428 2667 2464 2705 a
2488 2649 2709 2708 Servio

1617 2733 1878 2810 aliisque.
1924 2733 1999 2792 cf.
2026 2732 2171 2790 Exc.
2201 2731 2279 2790 vl
2307 2730 2384 2790 ad
2416 2730 2481 2795 h.
2510 2733 2618 2795 lib.

1708 2822 1933 2883 182—-
1954 2820 2095 2883 188.
2141 2816 2513 2877 Cassandrae
2540 2821 2711 2879 vati-—

1620 2903 1792 2964 ciniis
1839 2922 2148 2981 nunquam
2191 2903 2434 2962 creditis
2478 2906 2711 2985 egregie

1620 2991 1818 3050 utitur
1859 2997 2057 3069 poeta.
2123 2989 2198 3048 cs.
2244 2989 2322 3048 de
2358 2990 2431 3048 iia
2469 2989 2580 3050 ins.
2627 2994 2708 3067 X,

1622 3081 1723 3141 67.
1742 3079 1845 3140 68.
1888 3073 2141 3153 Disquia.
2173 3076 2223 3134 u
2253 3095 2298 3134 a.
2320 3075 2416 3134 vt.
2465 3074 2712 3158 (iliacis

1621 3165 1869 3220 exercite
1885 3160 2067 3239 salis,
2100 3180 2176 3219 ne
2191 3182 2461 3242 pannum
2480 3173 2711 3223 temere

1611 3247 1894 3306 adsutum
1943 3255 2153 3327 putes,
2225 3247 2451 3326 accipe:
2526 3267 2710 3326 quem

1614 3332 1818 3392 adhuc
1835 3342 2118 3393 exercent
2134 3334 2255 3392 sata
2271 3334 2470 3393 Iliaca.
2517 3336 2571 3393 N
2574 3354 2709 3396 em·

1614 3438 1690 3500 pe
1728 3420 1927 3479 fuerat
1967 3418 2086 3478 hoc
2118 3419 2184 3477 in
2224 3420 2361 3480 satis
2401 3421 2711 3482 Troiano-

1616 3526 1794 3583 rum,
1835 3514 1910 3565 ut
1937 3505 2333 3582 Cassandrae,
2377 3505 2524 3566 licet
2560 3527 2711 3569 vera

1620 3591 1884 3653 monenti
1901 3635 1918 3667 ,
1994 3591 2142 3650 fides
2185 3613 2309 3652 non
2354 3588 2708 3655 haberetur.

1621 3680 1728 3739 W
1718 3675 1801 3760 r.)
1890 3678 2042 3736 talea
2069 3699 2269 3755 casua,
2319 3676 2483 3739 hane
2513 3680 2708 3740 nostri

1613 3765 1842 3843 generis
1870 3764 2210 3839 scu-tunam,
2252 3773 2326 3826 ut
2358 3764 2437 3826 ad
2473 3765 2708 3848 Hespe-

1611 3850 1799 3927 riam,
1841 3849 2038 3909 ·unde
2095 3850 2414 3910 Dardanus
2476 3855 2707 3931 generi·

1616 3945 1824 3995 auctor
1869 3946 2001 3996 erat
2029 3936 2357 4013 oriundus,
2415 3940 2596 4000 nobi:
2631 3940 2708 3999 sit

1614 4023 2061 4083 revertendum.
2166 4022 2308 4088 184.
2341 4026 2486 4089 185.
2534 4027 2706 4086 Nunc

1615 4110 1768 4169 bene
1799 4123 1993 4189 repeto
2021 4109 2336 4184 memoria,
2384 4129 2517 4170 eam
2554 4134 2705 4192 por*

1618 4199 1847 4255 letalem
1871 4243 1888 4272 ,
1951 4196 2330 4276 praedicere,
2406 4195 2527 4257 hoc
2581 4218 2706 4258 esse

1618 4282 1879 4342 debisum
1898 4329 1915 4358 ,
1995 4284 2153 4359 sato,
2209 4286 2423 4361 generi
2475 4294 2705 4358 nostro,

1620 4377 1680 4426 et
1727 4391 1853 4429 eam
1894 4370 2153 4429 multum
2199 4389 2534 4432 memorare
2578 4371 2706 4431 He·
