2882 5028
443 340 587 412 190

922 329 1003 404 Ρ.
1061 326 1585 405 VIRGILII
1634 322 2191 403 MARONIS

434 513 862 608 Extulerat‚
917 513 1191 587 matris
1220 512 1488 589 Ledae
1522 510 1889 601 mirabile
1925 510 2257 592 donum.

435 626 858 697 Praeterea
902 628 1330 714 sceptrum,
1383 616 1640 694 Ilione
1670 615 1894 717 quod
1924 630 2275 715 gesserat
2303 614 2529 715 olim,

434 729 804 801 Maxuma
842 734 1206 795 natarum
1249 722 1564 819 Priami,
1622 719 2002 821 colloque
2035 718 2343 796 monile

437 831 898 919 Baccatum‚
969 835 1050 898 et
1121 822 1525 925 duplicem
1597 825 1940 921 gemmis
2021 845 2381 925 auroque
2462 844 2701 898 coro·

577 1066 684 1121 652
717 1063 1041 1119 Abstulerat
1068 1063 1189 1129 alii,
1219 1065 1374 1118 male.

1607 950 1815 1006 nam.
2544 927 2699 1006 655

1444 1065 1729 1119 Commode
1768 1064 1952 1118 laudat
1994 1066 2163 1118 Burm.
2202 1066 2271 1119 ad
2311 1069 2531 1119 sueton.
2580 1064 2697 1115 Ne·-

309 1198 316 1199 7
441 1154 558 1190 ron.
577 1134 665 1201 49,
698 1136 789 1187 ubi
815 1135 953 1187 adde
982 1145 1092 1188 not.
1120 1135 1323 1187 Ernesti
1356 1144 1409 1186 et
1454 1135 1794 1204 Oudendorp.
1866 1137 1952 1188 Sic
1997 1139 2088 1188 Gr.

2239 1132 2267 1189 ε’
2302 1152 2401 1190 ειν.
2437 1128 2694 1202 ἐξαίρειν.

442 1208 628 1277 Odyss.
679 1222 731 1270 v,
783 1206 882 1261 137
941 1196 1110 1257 πόλλ’
1145 1195 1242 1259 ὅθ’
1280 1196 1354 1257 ἂν
1407 1199 1687 1258 οὐδέποτε
1734 1205 1942 1275 Τροίης
1980 1201 2183 1275 ἐξῄρατ
2242 1199 2259 1223 ’
2310 1198 2547 1265 δυσσεός
2593 1213 2693 1254 etc.

442 1278 511 1329 cf.
543 1274 716 1327 Guell.

442 1427 529 1467 tur
549 1426 661 1466 tum
681 1412 803 1465 issa:
835 1415 983 1483 quod
1008 1424 1262 1484 gesserat
1282 1415 1426 1465 allm-

444 1536 611 1616 quod
647 1554 681 1594 e
710 1533 909 1595 Schol.
934 1533 1084 1593 MSt.
1112 1535 1186 1595 N.
1216 1536 1419 1597 Heins.
1448 1536 1527 1596 acl

444 1621 757 1683 Claudian.
784 1642 843 1701 p.
878 1622 1001 1685 180
1027 1621 1068 1678 b
1094 1623 1350 1682 notavit.
1384 1623 1528 1683 Cal-

442 1709 699 1790 purnius
744 1705 865 1766 Ecl.
900 1705 1001 1780 IV,
1033 1709 1116 1771 68
1153 1708 1402 1767 rutilum
1428 1706 1528 1768 di-

445 1796 560 1871 xit,
601 1794 708 1854 ubi
733 1794 784 1853 T
786 1794 1013 1872 ityrum
1043 1807 1388 1853 cantantem
1419 1817 1528 1855 ru-

446 1882 551 1939 a‘lo
583 1879 907 1957 spargebat
943 1880 1206 1938 acantho
1238 1883 1425 1942 Nais.
1468 1891 1532 1940 et

445 1965 752 2039 similiter,
806 1971 986 2044 pulo,
1031 1965 1346 2024 Sidonium
1382 1968 1529 2024 Sta-

445 2051 570 2110 tius
603 2049 670 2110 in
708 2051 842 2109 loco
880 2068 957 2108 ex
994 2059 1203 2110 nostro
1243 2070 1527 2130 expresso

446 2136 528 2196 111
563 2135 707 2195 silv.
736 2135 781 2210 Ι,
802 2139 904 2207 37,
935 2137 1017 2198 88
1054 2138 1184 2195 Hic
1208 2136 1317 2196 tibi
1340 2132 1530 2218 (Her-

448 2217 637 2302 cules)
682 2222 927 2279 Sidonio
971 2223 1196 2281 celsum
1235 2225 1535 2302 pulvinar

445 2306 710 2368 acantho
740 2305 828 2386 (h.
852 2324 902 2365 e.
932 2305 1030 2365 cui
1053 2307 1320 2367 intextus
1341 2309 1420 2368 sit
1452 2327 1529 2368 ex

446 2412 722 2475 purpura
767 2389 1097 2474 acanthus)
1149 2397 1394 2453 Texitur
1410 2439 1427 2468 ,
1475 2406 1533 2453 et

448 2481 644 2558 sig-mle
669 2479 874 2536 crescit
898 2489 1058 2537 lorus
1083 2499 1262 2559 asper
1277 2479 1532 2541 ebmm's.

450 2562 685 2647 (Vestes
725 2562 888 2644 apud
927 2565 1201 2625 Servium
1237 2584 1314 2626 ex
1346 2586 1532 2626 acan·-

445 2649 555 2711 tha
585 2650 685 2711 vel
716 2648 1017 2726 acanthio,
1063 2651 1271 2732 spinae
1298 2669 1530 2729 genere,

446 2739 673 2812 factae,
742 2735 1116 2816 bombycinis
1170 2737 1391 2798 similes
1444 2734 1532 2819 (v.

446 2823 597 2884 Plin.
626 2822 849 2899 xxiv,
874 2822 1004 2905 66),
1036 2822 1259 2882 alienae
1288 2833 1433 2883 sunt
1454 2823 1531 2882 ab

445 2908 508 2970 h.
555 2905 627 2991 l.)
697 2910 994 2968 Velamen
1042 2908 1118 2967 de
1149 2909 1327 2989 peplo
1371 2909 1533 2969 aeci-

446 2995 657 3076 piunt3
698 2993 941 3053 Servius
968 2994 1276 3072 cycladem
1299 2994 1534 3072 reddit3

448 3081 610 3139 forte
632 3078 798 3158 quod
825 3076 940 3136 hoc
966 3078 1129 3138 inter
1154 3081 1403 3140 feminea
1420 3098 1533 3141 ve·-

448 3163 726 3223 stimenta
790 3162 1065 3242 inprimis
1121 3174 1212 3225 est
1278 3165 1531 3226 lautum.

446 3250 583 3310 Non
639 3248 926 3308 satisfacit
945 3270 963 3326 ;
1030 3258 1120 3308 est
1171 3246 1533 3331 κρήδεμνον,

447 3335 547 3396 vel
575 3330 901 3414 καλύπτρα,
947 3354 1066 3412 qua
1099 3343 1280 3416 caput
1321 3344 1381 3396 et
1421 3356 1533 3396 ve-

449 3421 559 3481 lari
591 3430 682 3497 et,
727 3421 774 3478 si
824 3419 1317 3500 complicaretur,
1361 3441 1532 3481 coma

447 3506 681 3586 religari
705 3514 962 3587 poterat.
1036 3507 1359 3567 Homerico
1383 3526 1532 3568 vero

449 3612 617 3653 more
649 3612 707 3653 v.
738 3594 862 3658 650
881 3595 1104 3659 -652
1140 3594 1533 3654 commenda-

446 3687 549 3739 tur
577 3680 849 3737 velamen
875 3676 1028 3739 illud
1061 3680 1138 3740 ab
1164 3679 1422 3757 Helena,
1468 3679 1532 3739 in

447 3765 619 3825 cuius
658 3764 888 3823 mundo
930 3766 1150 3826 suerat.
1241 3766 1532 3827 Abstule-

445 3858 544 3911 rat
571 3859 771 3910 autem
801 3869 939 3909 cum
971 3851 1198 3912 Helena
1234 3846 1533 3934 (Ἀργείην

441 3934 690 4017 Ἑλένην
715 3935 930 3997 latiore
957 3957 1153 4014 sensu,
1197 3938 1307 3998 etsi
1340 3942 1531 4018 Spar-

448 4030 672 4097 tanam,
715 4021 834 4081 iam
865 4019 1164 4084 Homerus
1191 4024 1534 4105 appellave-

444 4107 588 4191 rat.)
638 4108 801 4168 Paris
835 4109 1055 4168 multas
1096 4117 1291 4169 vestes
1327 4119 1389 4169 et
1425 4129 1534 4169 or·-

446 4202 755 4268 uramenta,
821 4190 1137 4275 κειμήλια,
1200 4213 1354 4274 quae
1406 4195 1532 4276 ipsa

445 4301 584 4342 cnm
614 4280 844 4340 Helena
883 4279 1240 4361 repetebant
1282 4278 1534 4359 Achivi3

445 4387 503 4427 v.
539 4365 712 4428 nina.
745 4387 800 4451 y,
834 4369 919 4433 70
945 4374 1009 4428 et
1037 4364 1110 4428 al.

854 1275 960 1329 653
991 1275 1231 1338 Ilionae,
1269 1285 1327 1325 ut
1352 1273 1422 1325 sit
1445 1294 1505 1326 sc
1572 1286 1718 1326 tram
1741 1277 1975 1340 Ilionae,
2010 1276 2208 1327 habent
2236 1274 2449 1326 Mentel.
2477 1291 2559 1343 pr.
2586 1272 2693 1323 duo

444 1345 693 1399 nottend.
721 1353 775 1394 et
799 1341 967 1406 Laid„
1001 1358 1097 1395 nec
1119 1344 1186 1395 ab
1214 1360 1279 1394 eo
1306 1294 1713 1412 refugitesseim.
1777 1344 2054 1398 Enimvero
2081 1344 2232 1396 nimis
2261 1344 2400 1396 nude
2424 1357 2697 1414 poneren-

1699 1538 1848 1603 663.
1914 1535 2115 1597 Habes
2175 1542 2476 1617 soeptnun
2536 1534 2596 1594 h.
2643 1553 2698 1594 e.

1611 1621 1850 1682 hastam
1904 1623 2004 1682 vel
2055 1622 2408 1701 scipionem,
2462 1621 2698 1700 insigne

1612 1707 1844 1790 puellae
1870 1708 2080 1788 regiae,
2122 1714 2196 1767 ut
2221 1708 2464 1768 omnino
2489 1704 2700 1766 homi-

1611 1815 1760 1856 num
1817 1813 2030 1874 genere
2097 1794 2196 1855 vel
2256 1792 2489 1854 honore
2543 1790 2699 1852 insi-

1613 1881 1836 1960 gnium.
1866 1900 1926 1939 v.
1953 1883 2103 1939 Stat.
2131 1878 2318 1940 Theb.
2336 1880 2434 1954 Vl,
2453 1882 2557 1943 81.
2594 1882 2698 1937 Sic

1614 1987 1710 2046 ap.
1753 1965 1955 2045 Eurip.
2009 1966 2230 2025 Troad.
2283 1966 2403 2031 150
2448 1965 2699 2024 Hecub-

1614 2045 1920 2137 Σκήπτρφ
1962 2046 2254 2130 Πριάμου
2286 2049 2698 2129 διερειδομένα

1614 2136 1833 2197 choros
1861 2154 1923 2195 se
1939 2137 2264 2196 celebrasse
2291 2136 2459 2199 dicit.
2503 2137 2698 2196 Ilione

1615 2241 1648 2283 e
1665 2222 1879 2283 Priami
1903 2222 2139 2282 filiabus
2167 2222 2317 2282 fuit:
2353 2242 2413 2283 v.
2440 2222 2698 2282 Excurs.

1613 2309 1693 2369 ad
1721 2308 1785 2369 h.
1814 2325 1876 2369 v.

1701 2393 1845 2460 665.
1898 2393 2194 2452 Coronam
2252 2392 2514 2473 intelligo
2570 2391 2699 2453 du-

1612 2479 1757 2563 plici
1812 2479 2065 2539 materia
2087 2524 2105 2555 ,
2171 2477 2234 2539 h.
2293 2495 2344 2539 e.
2403 2477 2702 2556 diadema,

1613 2585 1756 2628 nam
1787 2564 1864 2624 de
1894 2583 1965 2625 eo
1991 2566 2207 2645 agitur,
2234 2582 2504 2641 aureum,
2527 2583 2703 2645 gem-

1613 2652 1726 2714 mis
1776 2650 2160 2728 distinctum,
2205 2669 2326 2730 quo
2374 2652 2439 2711 in
2473 2671 2704 2712 monn-

1614 2736 1862 2814 mentis,
1905 2735 2178 2817 inprimis
2215 2737 2522 2813 Italorum,
2560 2754 2705 2795 sae-

1614 2840 1692 2904 pe
1730 2822 1872 2882 deas
1915 2832 2161 2883 ornatas
2207 2822 2428 2883 videas.
2513 2819 2703 2884 ovid.

1615 2908 1760 2970 Met.
1801 2908 1964 2985 XIII,
1999 2906 2126 2972 704
2171 2908 2349 2967 Dant
2380 2920 2699 2988 patenam,

1615 2997 1967 3076 claramque
2003 3013 2151 3053 auro
2185 2998 2557 3074 gemmisque
2586 3014 2705 3054 oc>-

1616 3098 1852 3140 mnam,
1954 3097 2148 3156 neque
2208 3078 2382 3140 aliter
2444 3079 2706 3158 dictum,

1616 3183 1799 3248 quam
1867 3164 1944 3223 ad
2010 3163 2257 3244 Virgilii
2301 3165 2705 3226 imitationem

1616 3251 1942 3331 (sententia
1970 3259 2172 3310 tamen
2199 3271 2273 3310 ex
2300 3250 2563 3312 Homero
2579 3269 2698 3311 ex·

1616 3357 1819 3417 pressa
1868 3336 2032 3397 nied.
2081 3360 2149 3417 χ,
2189 3333 2348 3413 470,
2392 3334 2479 3419 1.)
2530 3334 2705 3417 apud

1619 3422 1811 3483 Valer.
1840 3423 1930 3482 n.
1968 3421 2117 3499 vm,
2159 3424 2304 3496 285,
2347 3422 2452 3482 ubi
2492 3422 2708 3483 Venus

1616 3507 1886 3567 Medeam
1924 3517 2136 3568 ornat:
2179 3512 2317 3587 ipsa
2356 3523 2534 3568 suam
2573 3511 2707 3568 du-

1610 3596 1837 3673 plicem
1886 3595 2171 3675 Cytherea
2222 3614 2500 3654 coronam
2551 3594 2708 3654 Do-

1613 3691 1762 3753 nat;
1810 3698 1947 3739 nam
1993 3679 2119 3759 ipse
2144 3679 2393 3739 Flaccus
2431 3697 2557 3748 sese
2596 3681 2707 3740 in-

1614 3774 1956 3846 terpretans
2008 3764 2277 3834 mbiidt:
2341 3776 2399 3824 et
2452 3786 2708 3826 arsuras

1615 3853 1749 3910 alia
1794 3873 1934 3910 eum
1983 3853 2216 3930 vti-gine
2264 3871 2543 3930 gemmas
2553 3873 2578 3924 ,-
2648 3858 2709 3912 et

1611 3937 1818 4019 paullo
1869 3945 2269 3997 antecesserat
2319 3936 2525 3996 sunilis
2564 3937 2708 3999 sor-

1617 4042 1745 4084 ma:
1788 4026 1928 4103 ipsa
1956 4043 2102 4081 suas
2140 4022 2239 4081 illi
2269 4031 2469 4082 croceo
2497 4022 2706 4083 subte-

1617 4112 1777 4167 mine
1814 4122 2002 4169 vestes
2043 4107 2267 4169 Induit.
2362 4107 2485 4170 Vix
2526 4125 2705 4170 aceo-

1618 4194 1778 4271 dsm,
1822 4195 1891 4271 si,
1928 4203 2002 4255 ut
2030 4193 2343 4256 interdum
2370 4195 2545 4273 solet,
2581 4196 2703 4256 du-

1605 4281 1836 4361 plicem
1887 4279 2238 4360 simpliciter
2295 4298 2413 4361 pro
2469 4299 2702 4363 magns,

1615 4366 1944 4448 praeclara,
1989 4365 2240 4449 accipias
2269 4366 2551 4448 positam.
2599 4367 2700 4427 nfi-
