2882 5028
587 348 1192 425 Amemus
1257 351 1440 426 Lm.
1484 351 1619 442 111,
1677 355 2111 433 423—435
2314 329 2516 434 507'

241 542 571 613 Praestat
603 537 978 611 Trinacrii
1011 551 1261 612 metas
1290 536 1616 612 lustrare
1647 536 1987 634 Pachyni

245 644 726 734 Cessantem,
781 639 1063 738 longos
1096 654 1176 716 et
1211 638 1829 717 circumflectere
1866 666 2158 736 cui-sm,
2319 653 2469 726 430

243 748 481 838 Quam
514 743 765 819 semel
797 741 1231 820 informem
1268 741 1487 819 vasto
1519 743 1805 820 vidisse
1837 746 1982 819 sub
2021 759 2249 820 antro

243 847 599 944 Scyllam,
649 861 728 922 et
756 847 1133 923 caeruleis
1165 847 1488 923 canibus
1521 850 1970 923 resonantia
2007 873 2202 924 saxa.

238 955 686 1044 Praeterea,
740 953 990 1050 siqua
1024 965 1142 1027 est
1175 951 1490 1027 Heleno
1521 951 1977 1052 prudentia,
2011 954 2185 1027 *vati

240 1055 493 1153 Siqua
525 1053 729 1130 fides
749 1116 769 1144 ,
817 1053 1169 1154 animum
1197 1058 1257 1130 si
1286 1056 1492 1130 veris
1520 1055 1776 1155 inplet
1802 1053 2110 1154 Apollo,

241 1160 523 1233 Unum·
573 1158 773 1233 illud
859 1159 1001 1235 tibi
1031 1219 1051 1257 ‚
1143 1174 1328 1236 nate
1410 1158 1559 1234 dea
1589 1215 1610 1250 ,
1700 1183 2013 1260 proque
2098 1158 2473 1234 omnibus

1386 1288 1644 1338 unum
2007 1255 2014 1274 ⁸
2320 1269 2473 1342 435

328 1369 495 1443 430.
554 1388 856 1455 eiacum
897 1386 1013 1445 PL.
1233 1370 1405 1446 435.
1459 1387 1822 1456 PRAEQUE

358 1552 463 1608 429
499 1552 775 1604 Pac-hinni
802 1553 1049 1607 scribitur
1076 1556 1130 1607 in
1158 1556 1326 1607 libris.
1445 1557 1552 1611 430
1586 1560 1875 1612 cessantes
1901 1553 2063 1606 Goth.
2091 1569 2196 1605 sec.
2252 1556 2473 1625 fluctus

240 1620 352 1682 alii,
388 1633 607 1675 notante
638 1623 936 1674 Parrhasio.
1008 1627 1304 1677 Praesertim
1351 1626 1644 1676 suaviorem
1686 1625 1979 1676 orationem
2021 1622 2471 1694 interpunctione:

241 1692 474 1774 Pachyni
486 1732 499 1753 ,
553 1698 860 1743 cessantem
908 1695 1106 1766 longos
1150 1709 1203 1747 et
1242 1699 1441 1747 circum
1468 1698 1702 1765 flectere
1745 1713 1957 1745 cursus.
2031 1695 2474 1762 (circumflectere

240 1759 435 1812 iunctim
462 1762 690 1831 scripsi,
726 1779 831 1830 quo
862 1762 946 1822 fit,
982 1776 1040 1816 ut
1065 1765 1380 1816 seutentiam
1407 1766 1619 1816 adiuvet
1643 1763 1933 1832 rhythmus.
1978 1763 2120 1826 Wr.)
2239 1762 2345 1818 433
2373 1763 2473 1813 Alii

241 1829 469 1898 iungunt:
506 1833 558 1882 si
582 1850 695 1900 qua
721 1844 805 1882 est
836 1834 1046 1884 Heleno
1072 1836 1371 1905 prudentia
1399 1836 1519 1885 vati
1532 1872 1546 1896 ,
1593 1836 1655 1885 Si
1684 1833 1971 1901 quafides.
2044 1832 2141 1898 (sic
2177 1833 2289 1884 fere
2318 1833 2472 1883 codi-

241 1916 349 1962 ces,
381 1901 572 1952 rectius
600 1901 859 1962 sortasse5
892 1903 1063 1954 firmat
1090 1914 1264 1954 tamen
1292 1904 1566 1963 rationem,
1604 1920 1739 1971 quae
1768 1901 2028 1962 Fabricio,
2065 1902 2300 1961 Heinsio,
2339 1905 2473 1952 Bur-

241 1983 436 2033 manuo,
472 1969 717 2038 Heynio,
753 1971 982 2038 placuit,
1030 1973 1267 2024 Servius:
1329 1975 1418 2036 „lu
1458 1973 1734 2023 homine
1771 1970 1906 2021 enim
1957 1971 2340 2040 prudentia
2376 1981 2473 2033 est,

241 2036 287 2086 in
319 2039 594 2091 vatibus
631 2038 886 2091 fides.“
930 2043 1075 2103 Wr.)
1148 2047 1218 2094 At
1243 2060 1323 2110 pr.
1359 2044 1546 2093 Moret.
1580 2058 1682 2092 non
1721 2040 2061 2108 ineleganter,
2108 2040 2277 2092 iudice
2307 2041 2473 2091 Hein-

241 2106 338 2169 sio,
370 2111 433 2160 Si
452 2128 563 2178 qua
591 2121 678 2159 ese
702 2112 773 2160 H.
792 2130 868 2181 p„
890 2109 1011 2180 saei
1034 2115 1098 2164 Si
1124 2131 1234 2182 qua
1253 2113 1421 2175 fide-¹3
1460 2130 1523 2163 ex
1548 2128 1654 2162 non
1682 2110 1876 2161 infelici
1908 2127 2101 2161 errore.
2210 2107 2326 2165 434
2344 2113 2472 2161 ani-

243 2194 364 2227 mam
393 2179 611 2228 Messius
641 2179 936 2231 Arusianus.
972 2199 1020 2232 v.
1052 2183 1322 2232 Burmann.
1356 2186 1468 2232 Sec.
1498 2181 1565 2231 ad
1591 2180 1874 2247 Antholog.
1903 2181 2021 2230 Lat.
2049 2200 2101 2249 p.
2137 2181 2254 2233 125.
2294 2182 2345 2230 si
2371 2185 2471 2231 ve·-

244 2264 329 2296 rus
351 2247 427 2297 vir
453 2248 643 2299 doctus
676 2249 828 2312 coni„
862 2267 1011 2317 quem
1037 2250 1236 2301 refellit
1253 2255 1470 2301 Ouwens
1484 2253 1640 2302 Noct.
1659 2252 1860 2316 Hagen.
1887 2267 1939 2318 p.
1963 2251 2084 2304 616.
2167 2250 2272 2304 435
2295 2253 2474 2301 Unum
2525 2255 2530 2262 '

242 2315 381 2366 illum
413 2317 544 2368 Gud.
575 2336 605 2369 a
650 2336 718 2368 m.
763 2336 844 2385 pr.
927 2322 1106 2370 Unum
1146 2321 1298 2371 istud
1322 2320 1394 2369 .iu
1433 2339 1598 2388 marg.
1635 2319 1877 2371 Parrhas.
1954 2322 2154 2370 Verum
2193 2320 2351 2370 aliud
2390 2337 2469 2388 pr.

242 2383 409 2435 Hamb.
516 2405 691 2455 toque
726 2387 971 2439 omnibus
1017 2388 1202 2440 Medic.
1248 2400 1301 2439 et
1349 2389 1440 2440 alii
1485 2390 1612 2440 boni
1654 2389 1807 2439 codd.
1850 2391 1927 2455 (et
1965 2388 2125 2438 Goth.
2160 2388 2284 2454 duo)
2316 2388 2472 2439 etiam

242 2455 417 2522 Georg.
464 2406 723 2517 ffabricfi,
776 2467 830 2508 et
870 2457 945 2508 sic
993 2459 1274 2508 Diomedes
1303 2470 1355 2508 et
1392 2461 1656 2521 Donatus;
1709 2457 1915 2526 hocque
1954 2468 2232 2526 receperat
2274 2458 2474 2521 Heius„

244 2523 326 2572 sed
363 2525 683 2594 reliquorum
733 2526 987 2578 librorum
1030 2528 1308 2580 lectionem
1351 2546 1597 2599 praeque
1634 2527 1899 2579 revocavit
1939 2530 2126 2590 Burm.‚
2179 2529 2316 2596 quod
2343 2527 2474 2578 mihi

242 2592 484 2661 vulgarius
513 2595 727 2646 videtur
758 2596 944 2648 altero.
989 2599 1219 2670 (proque
1242 2598 1444 2666 recepit
1473 2598 1710 2658 Iahnius,
1746 2609 1918 2655 recte3
1961 2614 2129 2662 neque
2160 2606 2240 2647 est
2271 2598 2473 2666 proba-

243 2661 371 2726 bile,
398 2683 568 2735 prae,
607 2665 749 2733 quod
779 2666 982 2716 facilius
1011 2667 1140 2717 etin
1172 2666 1266 2717 tuli
1300 2666 1541 2717 oratione
1567 2666 1806 2718 usitatius
1844 2677 1953 2729 est,
1988 2685 2019 2718 a
2042 2666 2272 2717 librariis
2298 2676 2474 2718 muta-

242 2739 340 2782 tum
368 2751 478 2784 esse
507 2733 562 2784 iu
583 2754 725 2806 pro3
762 2754 823 2786 ac
849 2737 1078 2788 fortasse
1113 2736 1569 2789 Grammaticorum
1596 2736 1814 2787 acumini
1837 2755 1979 2806 prae
2003 2736 2250 2786 debetur«
2315 2736 2475 2787 simi-

242 2798 353 2852 liter
384 2803 561 2854 Cicero
598 2803 668 2854 ad
695 2809 797 2855 Att.
826 2823 908 2874 ep.
938 2808 997 2868 11,
1035 2807 1117 2860 5.:
1155 2807 1318 2869 „Cato
1354 2806 1446 2856 ille
1477 2816 1685 2868 noster,
1735 2805 1824 2872 qui
1867 2805 1994 2854 mihi
2038 2822 2201 2867 unus
2241 2814 2320 2855 est
2353 2823 2473 2874 pro

244 2881 495 2923 centum
530 2872 917 2927 millibus.“
974 2885 1029 2925 ct
1057 2873 1171 2945 ipse
1200 2875 1351 2943 Virg.
1382 2875 1518 2925 inira
1546 2875 1665 2939 XII,
1700 2875 1845 2927 229.:
1882 2875 2038 2938 „Non
2064 2873 2259 2943 pudet,
2298 2891 2329 2924 o
2361 2875 2475 2925 Ru·-

243 3014 579 3092 corporibus
597 3059 614 3089 ‚
675 3014 739 3072 in
789 3034 943 3093 quae
981 3015 1309 3094 virgineum
1395 3035 1535 3075 suos
1552 3015 1624 3071 de
1641 3016 1896 3073 Peccata
1912 3011 2021 3095 (cf
2031 3014 2128 3072 the
2145 3010 2488 3094 ὁίἰιξἈτην

245 3108 434 3174 pectus
460 3120 504 3160 s.
544 3119 767 3178 corpus
805 3101 1049 3177 desinit3
1084 3102 1312 3181 simpli-
1399 3101 1645 3176 dixeris)
1690 3101 2002 3175 formasse,
2046 3100 2164 3159 iam
2207 3100 2304 3158 alii
2337 3120 2474 3159 mo-

248 3184 382 3242 citer
410 3185 538 3260 dic,
584 3187 851 3265 virgineo
899 3188 1139 3265 corpori
1165 3189 1311 3245 sub·
1395 3194 1683 3246 nuerunt.

245 3266 465 3330 iunctos
492 3272 665 3350 lupos
688 3272 948 3331 marinos
974 3273 1147 3331 fuisse
1166 3294 1312 3350 pro-

1483 3269 1865 3336 429—482.
1924 3268 2196 3328 variavit
2244 3269 2475 3329 Home-

249 3357 410 3414 tomis
452 3358 573 3416 suis
614 3358 772 3416 inter
816 3358 1037 3416 caudas
1075 3357 1312 3438 delphi—

249 3457 450 3500 norum
496 3444 1006 3522 prominentibus3
1063 3453 1136 3503 ut
1171 3463 1311 3504 ver-

250 3541 313 3582 su
333 3525 451 3591 432
474 3528 687 3586 elicias,
740 3530 931 3587 Canes
960 3539 1159 3588 autem
1173 3552 1314 3587 ma-

251 3614 401 3668 rinae
427 3613 714 3672 videntur
754 3615 1191 3687 intelligendae.
1239 3616 1311 3672 es.

253 3693 449 3773 Odyss.
492 3724 556 3777 μ,
598 3702 698 3763 96.
733 3698 835 3763 972
880 3700 1077 3759 Schol.
1128 3701 1314 3779 Apol·-

253 3776 382 3839 lonii
413 3783 506 3859 lV,
551 3785 694 3848 825.
782 3785 976 3844 Variis
1009 3786 1204 3844 modis
1237 3786 1312 3845 ab

257 3862 499 3928 Homero
542 3869 683 3928 inde
725 3871 955 3951 Scyllae
998 3873 1174 3930 facies
1202 3893 1314 3930 ex-

257 3946 447 4028 hibita,
471 3956 634 4014 varie
662 3959 842 4015 etiam
864 3957 926 4015 in
957 3974 1313 4016 monumen-

258 4034 326 4093 tis
368 4049 664 4117 veterum3
706 4043 925 4102 suflicit
970 4044 1313 4121 intelligere,

260 4138 366 4197 qua
412 4125 601 4203 specie
639 4128 915 4206 Virgilius
956 4128 1315 4189 exhibuerit.

261 4204 334 4264 De
381 4207 492 4269 liae
538 4232 597 4271 V.
640 4213 781 4275 lixo.
840 4216 932 4273 lv.
988 4215 1193 4274 Bucol.
1237 4216 1315 4275 ad

264 4290 371 4352 Ecl.
396 4294 488 4368 Vl,
533 4298 627 4360 75.
698 4302 975 4359 Ceterum
1009 4301 1086 4360 ad
1119 4301 1316 4380 Virgi-

261 4376 318 4434 lii
362 4380 431 4438 de
475 4384 659 4463 Scylla
723 4406 931 4447 versus
997 4387 1315 4447 Miltouum

1398 3361 1524 3419 rica
1548 3359 1587 3417 1.
1619 3376 1745 3415 c.v.
1766 3360 1907 3420 109.
1940 3360 2083 3419 110.
2126 3368 2315 3413 metas
2330 3359 2477 3414 Pa·-

1397 3445 1579 3523 chym'
1613 3443 1789 3501 docte
1821 3441 1881 3501 h.
1917 3461 1963 3501 e.
1992 3442 2478 3519 promontorium

1398 3530 1625 3588 Siciliae
1655 3527 1933 3600 australe,
1961 3539 2309 3600 cessantem,
2341 3548 2478 3586 mo-

1398 3625 1629 3675 rantem
1673 3614 1769 3691 (ut
1798 3611 2012 3689 Serv.)‚
2058 3612 2193 3689 plus
2235 3621 2477 3692 tempo-

1397 3702 1481 3760 ris
1515 3701 1575 3758 in
1611 3698 1988 3775 navigatione
2014 3708 2476 3757 consumentem.

1394 3788 1641 3856 vidisse,
1674 3783 1889 3843 modus
1927 3783 2215 3860 loquendi
2242 3784 2314 3842 ab
2343 3784 2478 3843 Ho-

1398 3891 1565 3930 mero
1603 3871 1823 3929 ductus
1872 3870 1908 3928 Ι.
1959 3891 2008 3927 c.
2053 3890 2109 3928 v.
2160 3872 2261 3932 87.
2306 3872 2388 3934 88
2417 3877 2479 3929 et

1399 3977 1590 4036 saepe.
1683 3956 1877 4015 Canes·
1923 3964 2065 4014 sunt
2126 3955 2228 4032 qui
2277 3956 2478 4034 paullo

1401 4053 1542 4102 ante
1571 4044 1724 4120 lupi.

1485 4132 1610 4193 433
1642 4147 1766 4205 sqq.
1811 4125 2024 4205 Magno
2054 4145 2191 4184 cum
2222 4144 2478 4204 appara·
2523 4122 2540 4137 ⁶

1398 4225 1468 4274 tu
1519 4214 1816 4273 monitum
1849 4233 1882 4269 a
1910 4222 2048 4272 vate
2073 4221 2134 4269 et
2171 4212 2380 4269 inferri
2419 4218 2482 4268 et

1399 4301 1697 4361 enuntiari
1739 4300 2009 4359 observa.
2082 4298 2157 4354 cf.
2202 4295 2304 4354 ins.
2352 4294 2479 4360 546

1401 4408 1488 4466 sq.
1523 4397 1582 4446 et
1609 4388 1749 4445 Exc.
1776 4387 1852 4444 X.
