2882 5028
501 376 651 452 ω4
1100 345 2145 446 ExcnRsU51

499 572 664 626 runt.
750 557 921 635 Quae
969 556 1036 616 in
1078 559 1427 618 memoriam
1466 557 1736 617 beneficii
1783 557 1964 619 huius
2007 559 2267 620 Romani
2303 558 2372 618 in
2407 557 2737 622 Acarnanes

499 647 893 719 contulerint,
936 642 1056 702 iam
1098 643 1176 703 ad
1212 644 1309 719 111,
1352 647 1478 709 500
1521 643 1742 704 notavi.

666 730 766 792 Fit
807 727 1049 789 tandem
1091 728 1377 789 traiectus
1419 728 1501 788 ad
1540 731 1765 788 Italiae
1805 728 1996 790 littus.
2078 727 2253 789 Dicat
2284 727 2513 808 aliquis,
2557 749 2735 809 quor-

498 840 631 881 aum
675 817 904 877 Aeneae
943 823 1067 874 tam
1107 813 1287 895 longo
1335 832 1543 875 errore
1584 834 1691 895 per
1732 833 1898 874 mare
1949 814 2189 875 Ionium
2235 833 2424 892 usque
2464 813 2546 874 ad
2583 816 2735 876 ainus

489 902 791 966 'Adriatici
834 921 1002 976 orae,
1061 900 1226 960 unde
1281 920 1426 960 mox
1482 899 1688 959 Italiae
1728 899 1902 960 littus
1958 920 2029 959 ac
2083 909 2219 960 tota
2260 900 2458 959 Sicilia
2498 900 2736 980 legenda

496 991 680 1052 classe
720 987 839 1049 fuit
855 1032 874 1064 ,
915 986 1041 1047 eive
1084 1006 1119 1044 a
1164 984 1405 1065 Virgilio
1447 984 1572 1045 aive
1615 986 1690 1044 ab
1734 985 2171 1064 antiquioribus
2209 985 2402 1066 poetis
2451 985 2735 1046 deductus

495 1085 615 1153 eat,
658 1095 797 1136 cum
839 1093 876 1131 a
898 1072 1076 1131 Creta
1118 1070 1299 1131 breve
1342 1091 1413 1130 ac
1453 1080 1690 1131 rectum
1729 1070 1846 1131 iter
1887 1090 2095 1132 versus
2135 1070 2367 1131 Italiam
2408 1079 2471 1130 et
2505 1072 2734 1132 Latium

496 1162 691 1222 esset?
774 1158 896 1220 Sed
938 1166 999 1216 et
1042 1165 1178 1216 tota
1215 1156 1540 1235 antiquitas
1580 1157 1671 1216 ita
1719 1154 2085 1233 tradiderat,
2140 1164 2200 1214 et
2251 1156 2598 1237 quicunque
2636 1158 2733 1219 illo

494 1258 764 1329 tempore
803 1264 881 1304 ex
919 1241 1185 1318 Graecia,
1226 1243 1419 1302 multo
1464 1243 1647 1322 magia
1687 1260 1767 1301 ex
1805 1241 1973 1319 Asia,
2012 1241 2312 1302 solventes
2351 1242 2589 1303 ltaliam
2627 1243 2733 1303 ad-

492 1334 584 1395 ire
623 1332 767 1393 dicti
808 1338 983 1405 sunt,
1042 1348 1210 1387 oram
1254 1327 1381 1388 eiua
1423 1328 1655 1387 Orienti
1697 1328 2012 1389 obversam
2052 1336 2427 1388 accesserunt
2443 1373 2462 1405 ,
2523 1328 2732 1410 quippe

496 1438 650 1499 quae
689 1429 827 1478 tum
869 1413 1112 1476 Graecia
1152 1412 1279 1473 sola
1321 1422 1455 1474 erat
1487 1423 1644 1473 -nota
1686 1422 1750 1473 et
1789 1414 2195 1493 frequentata3
2237 1434 2375 1474 cum
2413 1415 2732 1475 remoh'ora

492 1524 704 1565 veram
745 1500 1133 1563 Occidentem
1189 1499 1350 1559 inter
1390 1508 1584 1560 terrae
1624 1507 1864 1559 tantum
1907 1520 2033 1562 non
2071 1499 2402 1579 incognitae
2442 1509 2579 1559 tum
2617 1499 2725 1582 lga-

489 1591 797 1651 berentur.
879 1586 1087 1664 Itaque
1138 1593 1313 1665 poeta
1367 1585 1596 1665 egregie
1641 1585 1905 1646 fabulam
1948 1604 2121 1645 auam
2172 1585 2545 1664 antiquitatis
2596 1584 2728 1645 fidei

492 1685 911 1755 attemperasae
951 1670 1147 1732 videri
1199 1670 1408 1746 debet,
1470 1691 1639 1744 cum,
1697 1670 1907 1731 audito
1948 1690 2059 1751 per
2098 1690 2376 1731 somnum
2418 1691 2455 1729 a
2494 1671 2730 1730 Penafi-

488 1762 604 1823 bus
645 1760 878 1820 Italiam
919 1775 1043 1817 eoae
1084 1755 1405 1835 petendam
1450 1752 1536 1839 (v.
1561 1756 1660 1833 111,
1708 1761 1828 1822 168
1855 1759 2027 1835 sqq),
2071 1755 2151 1814 ad
2191 1755 2489 1828 inferioris
2531 1756 2729 1816 Italiae

488 1856 721 1930 partem
775 1842 1138 1904 exteriorem
1191 1840 1420 1901 Aeneas
1477 1861 1720 1902 marsum
1772 1840 2006 1921 dirigit,
2067 1859 2178 1901 nec
2230 1842 2346 1901 nisi
2387 1842 2462 1900 ab
2502 1839 2725 1902 Heleno

487 1943 631 1995 vate
671 1929 918 1991 edoctus
959 1935 1156 1987 mente
1187 1927 1433 1987 tandem
1477 1927 1828 2006 assequitur,
1873 1926 1954 1987 ad
1990 1927 2307 1987 interiores
2347 1925 2553 1987 Italiae
2594 1947 2726 1988 oran

488 2037 550 2079 ee
588 2038 625 2076 a
657 2017 794 2077 satia
843 2013 1001 2074 duci.
1047 2010 1132 2094 (v.
1159 2012 1257 2089 111,
1302 2016 1424 2078 381
1464 2010 1622 2095 sqq.)
1666 2014 1739 2072 cf.
1782 2032 1913 2092 aup.
1952 2013 2098 2074 Exc.
2143 2014 2262 2074 XV
2303 2011 2384 2072 ad
2418 2013 2522 2074 lib.
2561 2012 2635 2072 11.

656 2103 931 2161 Ceterum
983 2099 1165 2158 etiam
1219 2098 1283 2157 in
1335 2097 1453 2158 hac
1508 2117 1783 2158 errorum
1823 2098 2056 2157 Aeneae
2094 2108 2269 2178 parte
2320 2099 2511 2158 multa
2553 2099 2726 2159 fabu-

485 2188 612 2248 losa
639 2207 676 2245 a
708 2181 948 2246 Graecia
975 2184 1256 2265 adspersa
1296 2184 1481 2243 fuisse
1514 2183 1886 2263 intelligitur,
1928 2184 2150 2264 quippe
2190 2183 2408 2263 quibus
2449 2182 2568 2243 hoc
2602 2194 2724 2244 erat

483 2266 887 2355 propoeitum,
945 2279 1016 2329 ut
1068 2269 1332 2330 fabulam
1371 2268 1708 2329 multorum
1748 2269 1983 2349 ingenio
2027 2288 2326 2350 operaque
2365 2269 2573 2329 tritam
2612 2291 2724 2329 va-

483 2359 715 2419 riarent
756 2365 819 2417 et
861 2364 1181 2432 ornarent3
1249 2373 1360 2413 nec
1402 2363 1820 2434 argumentum
1862 2354 1937 2414 ab
1980 2374 2050 2415 eo
2095 2355 2339 2415 consilio
2380 2353 2721 2415 abhorrent.

483 2445 563 2504 Et
600 2444 865 2526 primum
904 2440 1149 2521 quidem
1199 2440 1574 2500 narrationes
1613 2442 1862 2500 suerunt
1902 2440 2104 2501 variae
2148 2440 2223 2499 de
2264 2460 2521 2501 occursu
2546 2440 2719 2501 modo

494 2532 727 2610 Ulyeeis
743 2528 798 2611 ⁸⁸)
856 2528 1036 2589 modo
1079 2526 1399 2586 Diomedis
1415 2525 1501 2608 **)
1558 2527 1622 2585 in
1680 2526 1800 2587 hoc
1841 2527 2043 2588 Italiae
2084 2527 2317 2604 littore3
2373 2526 2480 2586 aed
2520 2527 2721 2588 brevi-

481 2616 627 2677 tatia
668 2613 871 2674 studio
924 2614 1058 2674 loca
1109 2620 1350 2672 tantum
1403 2611 1817 2673 indicabimus.
1925 2613 2019 2672 Ex
2070 2612 2479 2691 antiquiaaimo
2525 2622 2720 2673 autem

479 2702 791 2782 acriptore,
835 2699 940 2781 qui
981 2698 1352 2758 sacerdotum
1389 2698 1768 2776 Argivorum
1807 2706 2110 2758 recensum
2126 2742 2146 2775 ,
2210 2694 2571 2781 συναγωγήν
2602 2702 2722 2761 τᾶν

481 2787 720 2870 ἱερειῶν
778 2784 846 2849 ἐν
883 2781 1126 2868 Ἀργει,
1183 2784 1536 2862 scripserat,
1589 2782 1834 2863 Dionya.
1890 2783 1937 2860 1,
1995 2788 2079 2848 72
2121 2791 2416 2843 memorat
2467 2783 2718 2843 Aeneam

478 2871 682 2933 atatim
735 2890 813 2931 ex
853 2869 1124 2930 Molossia
1180 2888 1319 2928 cum
1355 2868 1563 2947 myssa
1614 2868 1681 2928 in
1736 2869 1966 2929 Italiam
2017 2869 2333 2929 traiecisse.
2418 2869 2719 2950 singulare

476 2959 655 3040 plane
709 2964 801 3015 est
850 2954 1017 3035 quod
1072 2954 1274 3034 Dictys
1326 2953 1428 3013 lib.
1484 2952 1540 3015 V
1591 2963 1747 3015 extr.
1805 2957 1910 3015 Ita
1956 2966 2198 3014 coactus
2219 2998 2238 3030 ,
2297 2954 2529 3033 inquit,
2584 2975 2721 3014 cum

478 3042 643 3103 omni
677 3043 1040 3121 patrimonio
1084 3061 1127 3098 a
1186 3041 1367 3101 Troia
1403 3042 1666 3117 navigat
1704 3040 1945 3099 Aeneae
1964 3083 1984 3115 ,
2045 3040 2391 3120 devenitque
2432 3040 2523 3099 ad
2558 3060 2722 3099 man

475 3130 857 3189 Ado-iaticum
871 3169 892 3201 ,
939 3126 1163 3185 multas
1205 3126 1441 3182 interim
1477 3137 1685 3203 gentes
1726 3124 2071 3184 barbaricae
2103 3137 2544 3204 praetervectus
2558 3149 2577 3184 .-
2622 3124 2720 3184 uba·

475 3234 616 3273 cum
651 3212 749 3270 his
766 3255 784 3284 ‚
849 3213 957 3289 qui
996 3229 1196 3268 secum
1235 3212 1681 3288 navigaverant
1699 3254 1716 3285 ,
1785 3213 2088 3269 civitatem
2130 3210 2332 3269 condit
2352 3253 2371 3285 ,
2436 3212 2715 3290 appella·

475 3310 604 3357 tam
650 3296 967 3374 conymm
1022 3293 1400 3352 Melaenam.
1508 3294 1626 3354 Sed
1686 3295 1762 3355 de
1816 3296 2011 3355 insula
2054 3294 2173 3355 hac
2222 3295 2389 3355 ainus
2430 3294 2715 3357 Adriatici

475 3380 814 3450 accuratius
855 3377 1288 3461 dispiciendum
1330 3378 1412 3438 ad
1450 3379 1726 3459 Apollon.
1769 3379 1910 3461 Arg.
1953 3381 2053 3457 IV,
2097 3383 2225 3446 566
2268 3401 2355 3459 aq.

642 3465 921 3526 Traiectu
975 3464 1054 3523 ad
1094 3464 1296 3524 Italiae
1345 3464 1518 3523 littus
1573 3466 1734 3525 circa
1790 3466 2278 3547 promontorium
2321 3465 2712 3527 Sallentinum

472 3552 574 3615 vel
611 3550 924 3632 Iapygiam
975 3550 1134 3610 facto
1192 3549 1523 3610 secundum
1564 3551 1878 3631 Virgilium
1918 3551 2021 3628 111,
2080 3552 2207 3618 530
2262 3571 2411 3630 sqq„
2468 3555 2710 3612 Pomm

484 3639 553 3698 V
545 3640 732 3697 enen'e
774 3635 856 3697 ad
894 3636 1170 3697 Comum
1209 3634 1516 3697 Minervae
1555 3637 1817 3699 subeunt
1859 3637 2102 3700 Troiani
2157 3645 2221 3697 et
2257 3636 2494 3697 Palladi
2535 3637 2708 3698 luno-

605 3853 650 3922 ')
680 3856 758 3906 Ex
791 3854 866 3905 M,
901 3853 1115 3906 Octavio
1150 3853 1352 3907 Victor.
1385 3854 1531 3924 erig.
1566 3855 1632 3908 G.
1664 3855 1732 3909 R.
1768 3872 1816 3907 c.
1853 3855 1937 3909 12.
1984 3852 2251 3923 Lycophr.
2286 3869 2338 3905 v-
2377 3852 2519 3909 1242
2550 3871 2626 3923 aq.
2654 3860 2703 3902 et

469 3923 540 4047 ia-l.
562 3924 711 4047 (ἓξὲξ
740 3926 790 4045 g
829 3923 910 3976 ck.
925 3921 1240 4045 ¹:1³&ss
1230 3924 1348 3976 Ital.
1380 3922 1484 3977 inc·
1521 3943 1577 3995 p.
1610 3924 1735 3980 449.
1766 3924 1807 3976 f.
1869 3922 2119 3977 Schottua
2154 3922 2225 3975 ad
2271 3922 2516 3975 Proclum
2556 3942 2609 3993 p.
2636 3921 2703 3973 22

604 4080 672 4147 ”)
706 4079 870 4133 solia.
905 4097 950 4131 c.
987 4080 1039 4133 2.
1072 4082 1214 4131 Serv.
1248 4079 1317 4132 ad
1347 4085 1479 4133 Aen.
1507 4081 1597 4146 111,
1630 4080 1733 4135 4OE
1769 4090 1826 4131 et
1858 4079 1929 4133 al.
1963 4076 2228 4131 Plutarch.
2263 4078 2363 4141 Qu.
2396 4076 2548 4128 Rom.
2565 4076 2628 4127 Τ.
2650 4070 2697 4120 11

468 4154 607 4221 Opp-
637 4166 695 4217 p.
728 4150 834 4203 266
867 4148 925 4212 C,
976 4147 1068 4199 ubi
1106 4152 1308 4200 Aeneae
1356 4167 1470 4202 cum
1522 4167 1669 4203 sacra
1714 4151 1945 4215 faceret,
1997 4146 2267 4200 Diomedia
2304 4162 2519 4197 occursu
2553 4148 2695 4209 capet

466 4218 691 4284 velavit,
736 4215 973 4287 morique
1022 4216 1247 4268 souenni
1298 4218 1386 4287 (de
1421 4235 1525 4287 quo
1576 4220 1645 4273 cf.
1680 4224 1808 4272 Aen.
1843 4220 1911 4280 11,
1958 4216 2080 4273 403.
2118 4228 2170 4268 et
2203 4214 2353 4279 Not.)
2389 4229 2611 4265 caueam
2640 4216 2693 4258 et

466 4288 720 4358 originem
751 4286 895 4339 fecit.
963 4290 1133 4356 Super
1164 4286 1399 4339 Palladio
1432 4305 1466 4339 a
1512 4287 1765 4340 Diomede
1799 4293 2007 4340 Aeneae
2043 4284 2253 4338 reddito
2288 4282 2450 4335 multa
2498 4299 2557 4334 ex
2597 4293 2691 4328 ⁸¹¹-

464 4357 777 4429 tiquioribua
808 4354 1113 4409 fabulantur
1146 4355 1371 4408 seriores
1406 4357 1625 4410 Graeci:
1676 4357 1897 4411 Malcho
1928 4373 1985 4427 p.
2019 4357 2142 4414 w.
2177 4354 2399 4407 Cedren.
2427 4352 2596 4418 Comp-
2624 4345 2686 4397 Β·

462 4448 517 4502 p.
555 4428 673 4484 135.
705 4427 773 4480 cf.
806 4444 922 4496 sup.
955 4426 1167 4483 Excurs.
1202 4427 1284 4478 lx
1316 4426 1387 4479 ad
1418 4426 1517 4480 lib.
1551 4429 1617 4481 11.
