2882 5028
492 373 495 376 ,
565 317 1171 395 AENEIDos
1225 285 1433 394 Lm.
1489 319 1618 413 vl,
1674 321 2107 395 641—647

2296 321 2443 398 951

187 509 533 605 Iamque
568 504 854 582 eadem
903 504 1192 603 digitis,
1246 506 1404 579 iam
1438 504 1759 605 pectine
1804 500 2063 604 pulsat
2110 489 2450 584 eburnb.¹

334 660 440 716 647
473 665 702 732 Iamque
721 662 899 729 fidem
934 662 1229 715 emendatio
1267 672 1349 714 est
1379 658 1678 712 Μαι-1111111111
1724 658 1792 712 ad
1823 658 2044 711 Statium
2078 676 2134 728 p.
2173 661 2272 716 181
2325 660 2441 714 el’e-

189 730 499 798 gantissima
516 769 534 793 ,
585 748 737 799 qnam
788 741 843 783 at
877 732 994 801 ipse
1029 752 1061 785 a
1094 741 1254 802 poeta
1287 731 1582 800 profectam
1632 746 1749 781 esse
1780 728 1974 782 malim.
2041 732 2138 788 Est
2167 743 2444 799 praeterea

159 802 371 871 *lapsus
410 819 472 851 ex
505 800 793 852 litterarum
839 813 1012 854 certae
1060 802 1249 855 aetatis
1295 804 1455 853 ductu
1501 799 1778 851 facillimus
1827 816 1890 850 ex
1925 798 2101 866 fidem
2148 798 2203 850 in
2237 801 2440 853 eadem.

186 870 322 922 Cum
354 880 531 921 tamen
562 870 771 937 vulgata
807 881 860 921 et
894 871 1007 941 ipsa
1040 873 1179 923 bona
1213 872 1316 936 sit,
1365 870 1490 921 nolo
1537 868 1752 936 pessimi
1790 867 2026 936 'exempli
2074 878 2258 921 auctor
2305 886 2439 934 esse,

186 949 250 990 ut
287 956 393 989 non
425 939 631 992 librarii
666 955 898 991 errorem
933 943 1028 994 sed
1060 943 1233 1011 ipsum
1264 950 1480 1009 poetam
1513 939 1843 991 mendatam
1876 938 2005 989 dara
2038 938 2224 992 velim
2278 938 2439 1008 idque

181 1019 494 1138 {tum
526 1018 1016 1131 {3325255322‘4112
1031 1014 1234 1145 ‚⁰3:550
1262 1007 2023 1146 iffiiss’qiiidffiassff‘ssig
2039 1009 2440 1147 ἰἐὲῗέᾍῗὲἓῗ

185 1146 324 1198 sime
360 1147 468 1200 dici
501 1147 569 1199 de
602 1166 664 1199 re
698 1147 901 1204 variata
932 1150 1061 1203 satis
1095 1160 1315 1205 constat.
1354 1152 1438 1204 W
1433 1147 1503 1216 r.)

171 1279 337 1328 'suus
365 1262 594 1343 ἆοιδὸς,
615 1270 861 1348 lyricen,
904 1274 1009 1351 qui
1034 1293 1142 1332 seu
1168 1293 1273 1331 ac-

186 1354 419 1413 cineret
464 1374 571 1413 seu
597 1356 862 1434 praeiret
901 1368 1085 1418 cantu
1110 1369 1273 1418 tam-

186 1459 375 1518 quam
408 1437 716 1519 choragus.
782 1442 934 1515 Quis
961 1465 1108 1505 vero
1135 1464 1270 1504 ma-

182 1524 276 1604 gis
323 1526 681 1585 conveniens
718 1526 995 1607 Orpheo,
1051 1530 1155 1607 qui
1199 1530 1275 1588 de

182 1609 338 1669 locis
363 1612 565 1670 inseris
595 1612 853 1690 plurima
880 1621 1010 1675 erat
1036 1615 1275 1675 sabula-

183 1704 322 1772 tus,
362 1695 426 1756 h.
458 1716 508 1759 e.
535 1707 739 1756 vetere
774 1699 1270 1781 philosophorum

182 1800 359 1840 more
410 1802 481 1841 ac
540 1802 811 1843 sermone
867 1807 976 1866 per
1033 1788 1270 1866 poetica

181 1865 611 1947 phantasmata
639 1873 1044 1948 exposuerat?
1081 1875 1270 1951 longa

183 1973 329 2013 eum
373 1967 532 2014 vesta
546 1998 565 2030 ,
610 1954 1104 2017 citharoedorum
1154 1960 1271 2017 ali-

182 2037 462 2143 quando,
507 2041 846 2118 antiquiore
874 2053 1074 2103 autem
1120 2064 1269 2104 aevo

185 2126 452 2201 αοιδοῖν,
498 2135 744 2203 vatum,
787 2126 1034 2189 habitus
1074 2124 1273 2210 ποδή-

184 2233 302 2290 ρης
329 2211 513 2290 palla,
572 2222 647 2271 ut
675 2223 821 2273 nota
851 2235 948 2275 res
984 2223 1092 2274 est.
1142 2214 1271 2277 vid.

182 2294 396 2357 (ἔοι-(18.
498 2296 613 2356 Adi
655 2301 753 2359 vel
791 2301 1008 2361 Tibull.
1049 2301 1166 2377 111,
1210 2307 1272 2379 4,

181 2381 291 2446 85.
332 2387 434 2447 36.
520 2385 677 2442 Nota
719 2405 816 2445 res
858 2407 889 2446 e
928 2388 1106 2467 signis
1136 2389 1270 2469 pri-

182 2485 320 2526 scae
385 2470 532 2528 artis
575 2469 869 2550 Apollinis
912 2472 1269 2550 citharoedi,

182 2563 251 2613 et
279 2573 312 2612 e
346 2557 562 2616 numis.
606 2577 667 2617 v.
691 2558 985 2618 &Eckhel
1010 2559 1142 2620 Vol.
1170 2560 1267 2622 VI.

177 2661 245 2720 p.
304 2641 446 2707 275.
521 2644 827 2701 ‘Sacerdos
878 2654 1081 2704 autem
1119 2644 1184 2705 h.
1225 2646 1266 2706 1.

175 2733 384 2801 vates,
426 2737 674 2806 propter
699 2729 977 2789 instituta
1005 2731 1169 2809 orgia
1205 2741 1267 2789 et

177 2811 411 2870 teletas.
510 2812 665 2871 Male
724 2815 926 2893 itaque
983 2815 1267 2875 Barthius

177 2896 497 2955 contendit
540 2900 966 2961 sacerdotalem
992 2900 1265 2961 habitum

172 2981 426 3060 respici3
470 2985 576 3042 etsi
600 3005 813 3045 verum
842 2996 949 3061 est,
978 2987 1260 3046 sacerdo-

172 3078 274 3127 tes
320 3077 392 3126 ut
437 3079 706 3149 sceptro,
764 3072 849 3131 ita
878 3074 1056 3132 etiam
1084 3073 1259 3152 palla,

171 3172 355 3228 usos,
398 3163 459 3211 et
489 3156 600 3234 ipsi
636 3157 719 3215 dii
746 3177 815 3215 ea
847 3168 1014 3218 veste
1041 3179 1259 3218 occur-

171 3248 361 3315 runt,
405 3240 511 3299 sed
545 3251 607 3300 et
645 3262 840 3321 reges:
885 3266 1021 3304 nam
1057 3244 1260 3304 omni-

169 3344 262 3386 no
302 3327 485 3384 vestis
538 3328 789 3387 demissa
828 3350 897 3389 ac
941 3331 1134 3391 fluens
1183 3330 1262 3389 ad

178 3410 534 3489 dignitatem
576 3422 639 3472 et
670 3416 1023 3494 religionum
1071 3416 1262 3476 maie-

169 3505 398 3557 atatem
437 3499 616 3558 facit:
672 3510 746 3559 ut
774 3521 1261 3580 unumquemque

176 3602 328 3642 suus
350 3602 557 3644 sensus
586 3585 777 3646 docet.
835 3587 1114 3667 Orpheus
1144 3589 1262 3647 illis

167 3668 531 3729 saltantibus
573 3680 630 3729 et
669 3675 1051 3733 cantantibus
1092 3673 1259 3732 oblo—

165 3755 379 3833 quitur
432 3754 778 3836 (transitive
820 3758 880 3818 h.
924 3759 963 3818 1.
1008 3760 1258 3835 dictum,

164 3839 321 3900 facit
344 3840 531 3919 loqui,
574 3843 979 3927 φθέγγεσθαι,
1024 3865 1259 3922 sonare,

159 3925 415 4009 pulsat),
457 3933 739 4003 numetis,
787 3951 1120 4004 numerose,
1165 3952 1260 3989 se-

150 4024 335 4091 ptem
381 4014 731 4073 discrimina
769 4039 982 4074 vocum
1001 4062 1019 4091 ,
1088 4017 1257 4093 fideS,

161 4098 368 4175 lyram
404 4096 770 4181 ἕπτοὶχορδον
814 4103 1101 4181 (lortinus
1124 4123 1256 4181 pag.

161 4187 301 4247 292
347 4192 571 4264 septem
612 4208 791 4245 sonos
835 4189 1091 4247 musicos
1134 4189 1256 4248 Or-

153 4267 392 4350 pheum
439 4273 707 4331 accinere
760 4293 910 4331 voce
971 4273 1254 4355 volebat),

151 4356 492 4434 eademque
571 4358 752 4417 modo
812 4359 1008 4437 digitis
1073 4361 1254 4420 modo

1354 1270 1593 1350 pectine
1615 1268 1847 1348 pulsat5
1880 1266 2047 1345 quod
2076 1267 2149 1328 ab
2168 1266 2437 1326 doctiore

1356 1359 1477 1415 iam
1519 1363 1649 1413 arte
1690 1354 1927 1433 petiisse
1967 1352 2245 1428 videtur,
2291 1352 2437 1411 dum

1356 1449 1731 1521 temperatur
1756 1448 1968 1499 cantus
1995 1438 2179 1498 modo
2204 1438 2436 1519 plectro

1356 1527 1541 1586 modo
1571 1525 1775 1604 digito.
1829 1524 1955 1600 Illa,
1984 1526 2115 1582 iam
2140 1527 2290 1601 iam,
2322 1543 2433 1582 ex-

1359 1613 1614 1672 cludunt
1682 1610 2208 1691 interpretationes
2282 1609 2437 1668 alio-

1352 1718 1509 1759 rum.
1613 1696 1818 1774 Neque
1889 1696 2038 1754 adeo
2108 1695 2185 1755 de
2252 1703 2437 1753 cantu

1352 1785 1537 1866 ipsius
1615 1781 1844 1862 Orphei
1917 1780 2022 1841 hic
2092 1782 2402 1859 quaeritur
2417 1803 2436 1857 3

1353 1871 1458 1930 sed
1501 1870 1551 1929 si
1592 1878 1951 1947 quaeratur,
2005 1885 2180 1927 nemo
2239 1866 2434 1941 facile,

1353 1957 1460 2034 qui
1521 1956 1856 2015 Homerum
1906 1953 2049 2032 legit
2074 1996 2092 2028 ,
2177 1951 2434 2029 dubitet,

1352 2043 1618 2102 fueritne
1648 2042 1797 2100 alius
1810 2085 1830 2118 ,
1876 2039 1981 2117 qui
2010 2035 2254 2120 Orpheo
2273 2082 2292 2114 ,
2334 2038 2433 2116 ly-

1351 2149 1487 2187 ram
1516 2127 1799 2207 pulsanti,
1844 2124 2122 2184 accinuit.
2174 2123 2435 2182 Heroico

1356 2233 1505 2275 aevo
1534 2224 1859 2290 utrumque
1882 2211 2026 2270 facit
2049 2217 2238 2270 vates.
2282 2211 2433 2268 Nu-

1353 2303 1532 2358 men's
1565 2302 1691 2364 646
1734 2298 1813 2357 ad
1844 2298 2044 2376 ipsum
2083 2304 2286 2356 vatem
2328 2313 2433 2354 re·-

1353 2386 1504 2463 tuli,
1576 2377 1941 2467 εὕρῦθμως,
2007 2382 2218 2441 melius
2260 2389 2434 2461 puto,

1354 2491 1533 2551 quam
1583 2469 1662 2530 ad
1698 2470 1981 2529 saltantes
2026 2476 2087 2527 et
2126 2475 2433 2527 cantantes

1350 2580 1410 2619 v.
1451 2557 1595 2634 644,
1641 2564 1713 2615 ut
1751 2574 1961 2615 eorum
2008 2554 2272 2613 numeris
2319 2551 2432 2611 ob-

1347 2645 1654 2721 loquatur,
1697 2660 1802 2699 seu
1832 2640 2208 2719 respondeat.
2254 2635 2431 2719 (Wa-

1347 2730 1471 2789 kef.
1497 2729 1574 2787 ad
1609 2726 1964 2801 Lucret.lV,
2009 2725 2155 2788 589.
2178 2723 2325 2782 haec
2344 2723 2432 2781 ita

1346 2816 1811 2895 interpretatur:
1867 2830 1939 2888 „e
1983 2810 2287 2869 contrario
2326 2828 2430 2868 re·-

1349 2901 1610 2981 spondet
1644 2897 1936 2970 citharae,
1995 2905 2056 2954 et
2092 2895 2297 2963 reddit
2331 2913 2430 2953 se-

1345 2996 1514 3067 ptem
1542 2987 1806 3045 ssexuras
1830 2982 1995 3043 vocis
2012 3001 2152 3041 suae
2184 2990 2281 3040 tot
2304 3000 2426 3040 nu-

1342 3073 1523 3132 meris
1562 3081 1789 3151 septem
1817 3068 2240 3128 chordarum.“
2294 3066 2430 3125 Hoc

1342 3158 1394 3217 si
1418 3159 1617 3218 dicere
1638 3156 1924 3218 voluisset
1954 3153 2249 3233 Virgilius,
2291 3152 2428 3231 pla-

1344 3245 1482 3304 nius
1519 3245 1584 3303 id
1618 3243 1964 3302 elocuturus
1987 3241 2210 3299 suisset.
2295 3239 2427 3296 Ali-

1341 3340 1438 3389 ter
1469 3329 1785 3391 Forcellin.
1818 3328 1884 3386 in
1911 3328 2054 3386 Lex.
2088 3347 2133 3386 s.
2168 3346 2228 3387 v.
2258 3322 2427 3383 oblo-

1342 3437 1531 3497 quor.-
1588 3414 1941 3492 „Versibus‚
1990 3410 2218 3490 inquit,
2274 3430 2426 3488 quos

1344 3521 1448 3561 ore
1480 3502 1672 3576 canit,
1716 3499 2051 3578 interponit
2086 3517 2300 3556 sonum
2331 3497 2425 3555 ci·-

1343 3587 1556 3646 tharae
1611 3597 1839 3666 septem
1882 3585 2139 3644 chordas
2187 3582 2423 3643 haben-

1343 3674 1508 3749 tis;“
1574 3684 1636 3733 et
1680 3690 2181 3733 numerorum
2236 3688 2424 3728 voca-

1341 3759 1486 3818 bulo
1516 3780 1725 3820 versus
1747 3759 2053 3819 interdum
2085 3755 2423 3835 significari,

1341 3846 1501 3904 idem
1564 3846 1780 3926 probat
1840 3846 1953 3905 sub
2014 3865 2075 3904 v.
2124 3860 2419 3900 numer-tw.

1340 3932 1584 3991 Rectius
1627 3931 1775 3991 haec
1821 3928 2248 3991 Muenscherus
2293 3923 2421 3984 Ob·-

1341 4031 1583 4077 servatt.
1629 4023 1695 4076 in
1746 4022 1809 4078 V
1808 4021 1971 4096 irgc'l.
2004 4019 2163 4076 Aen.
2216 4034 2272 4092 p.
2315 4016 2418 4074 21.

1340 4103 1729 4185 interpretari
1752 4106 2015 4177 videtur,
2061 4102 2163 4180 qui
2190 4101 2275 4158 ita
2294 4106 2418 4155 sta-

1340 4191 1491 4250 tuit:
1555 4193 1802 4250 eandem
1832 4210 1956 4248 esse
1984 4188 2148 4248 verbi
2180 4185 2421 4262 obloqui

1341 4275 1401 4335 11.
1441 4278 1482 4337 1.
1530 4288 1930 4349 structuram,
1991 4294 2108 4352 qua
2159 4274 2249 4332 usi
2295 4272 2417 4329 sint
2468 4266 2492 4285 ”

1339 4364 1532 4422 Latini
1556 4366 1619 4424 in
1661 4365 1787 4423 aliis
1826 4362 2024 4422 verbis
2053 4358 2415 4441 compositis,
2496 4378 2499 4383 ·
