2882 5028
791 410 976 483 An
1082 408 1743 488 LIBRUM
1845 412 1990 507 ιις
2341 399 2522 495 417'

652 671 1582 771 EXCURSUS
1683 682 2015 770 VIII*

303 851 560 921 Hector
619 850 833 918 classi
884 850 1312 921 Achivorum
1368 852 1606 951 ignem
1660 853 1999 935 itfferens·
1973 899 1997 934 ,
2060 867 2122 921 et
2178 858 2404 925 victor

1026 937 1344 1006 Patrocli
1382 939 1679 1006 rediens.

394 1111 545 1172 Aen.
594 1109 668 1186 11,
709 1105 857 1174 274.
894 1113 954 1177 6.
1009 1110 1140 1171 Hei
1188 1109 1384 1169 mihi!
1426 1112 1629 1191 qualis
1671 1124 1836 1188 εναι,
1884 1125 2177 1194 quanucm
2218 1127 2486 1177 mutatus

218 1195 301 1255 ab
346 1197 460 1257 illo
503 1199 797 1271 Hectore,
858 1197 968 1276 qui
1004 1196 1157 1255 redit
1199 1199 1455 1256 exuvias
1510 1198 1755 1257 inclusus
1804 1199 2043 1259 Achilli
2058 1243 2077 1276 ,
2158 1202 2281 1261 Vel
2334 1204 2485 1263 Da-

226 1303 415 1341 naum
479 1283 793 1361 Pho‘gios
864 1282 1170 1341 ἰαοιιὶωιω
1228 1280 1541 1360 puppibus
1595 1285 1790 1361 ignes.
1851 1284 2234 1363 'Hectorem,
2291 1288 2485 1366 qualis

229 1369 428 1447 panno
473 1377 615 1427 ante
659 1387 777 1427 vss.
822 1371 969 1431 272.
1012 1371 1054 1432 3
1100 1366 1586 1445 describebatur,
1629 1370 1944 1446 Raptatus
1975 1370 2137 1449 bigis
2178 1385 2246 1431 ut
2289 1395 2482 1453 quotv-

230 1455 368 1512 dam
388 1499 411 1530 ,
458 1467 705 1534 aterque
751 1465 989 1511 omento
1034 1454 1291 1512 Pulvere
1309 1497 1330 1529 ,
1369 1475 1600 1533 perque
1633 1456 1822 1532 pedes
1862 1459 2144 1516 traiectus
2195 1459 2327 1517 lora
2382 1472 2484 1517 tu-

228 1552 447 1599 mentes
464 1586 486 1616 ,
545 1538 894 1600 videramus
934 1536 1055 1598 iam
1112 1538 1269 1598 libro
1326 1538 1373 1614 1,
1432 1538 1579 1603 483.
1637 1540 1742 1600 ubi
1812 1543 1927 1601 Ter
1977 1545 2205 1601 cit-cum
2257 1544 2485 1604 Iliacos

224 1638 577 1705 raptaverat
618 1627 889 1684 Hectora
946 1645 1148 1683 muros
1204 1622 1495 1684 Achilles:
1553 1625 1630 1684 de
1689 1645 1810 1705 quo
1866 1646 1927 1686 v.
1983 1628 2233 1689 Excurs.
2287 1630 2484 1690 XVIII

218 1711 297 1770 ad
338 1730 395 1770 e.
435 1712 478 1772 1.
571 1710 799 1771 nector
841 1710 1088 1770 omnino
1128 1711 1407 1788 frequens
1449 1730 1824 1789 gemmarum
1866 1711 2322 1774 Homericarum
2376 1737 2483 1775 ar·-

214 1808 613 1876 gumentum,
655 1817 781 1856 non
823 1816 949 1856 uno
989 1795 1201 1856 habitu
1244 1816 1314 1855 ac
1356 1806 1523 1856 statu
1537 1819 1556 1872 3
1599 1797 1765 1875 quod
1807 1806 2005 1858 tamen
2041 1799 2171 1879 ipsa
2197 1819 2293 1860 res
2316 1800 2486 1861 intra

216 1883 440 1943 iliados
482 1882 639 1943 fines
680 1882 984 1960 continet3
1027 1901 1166 1942 cum
1209 1881 1429 1943 multas
1474 1882 1617 1941 alias
1657 1902 1916 1962 gemmas
1962 1904 1996 1942 a
2029 1886 2265 1965 cyclicis
2290 1888 2484 1967 poetis

216 1969 620 2030 adumbratas
664 1979 789 2028 esse
836 1978 1051 2049 putare
1094 1969 1315 2048 possis;
1366 1967 1485 2027 nisi
1528 1968 1730 2049 potius
1774 1970 2096 2031 dicendum
2149 1981 2265 2050 est,
2326 1974 2482 2034 arti—

212 2057 356 2115 fices
399 2055 687 2135 vulgares
729 2054 963 2114 libellos
978 2100 997 2131 ,
1054 2055 1159 2133 qui
1211 2053 1441 2114 fabulas
1494 2066 1928 2135 exposuerant,
1987 2069 2272 2136 sequutos
2326 2079 2481 2137 esse;

211 2142 328 2202 nisi
372 2143 541 2203 sorte
584 2140 769 2200 etiam
821 2139 896 2199 iis
952 2141 1185 2221 Tragici
1249 2150 1600 2219 argumenta
1658 2161 1909 2220 operum
1965 2144 2286 2224 praecipuo
2344 2146 2479 2206 loco

210 2228 636 2308 suppeditasse
679 2225 922 2286 dicendi
965 2235 1136 2286 sunt:
1191 2235 1373 2305 atque
1415 2224 1537 2286 hoc
1578 2228 1863 2308 exemplis
1922 2227 2290 2291 declaratum
2346 2231 2482 2293 dari

213 2315 435 2395 possit5
479 2311 969 2373 commemorabo
1009 2322 1253 2372 tantum
1296 2310 1697 2391 Amphionem
1741 2324 1803 2373 et
1826 2312 2088 2375 Zethum
2133 2337 2270 2377 cum
2306 2317 2481 2378 Dirce

212 2411 394 2461 tauro
434 2400 696 2480 illigata:
742 2408 1159 2477 argumentum
1205 2418 1285 2458 ex
1328 2398 1615 2477 Euripide
1653 2397 2078 2461 adumbratum
2124 2400 2472 2484 (Aerquar

204 2487 551 2569 Aqssdtse:
594 2485 662 2546 P.
706 2484 777 2545 11.
780 2481 827 2568 ).
909 2483 1259 2545 Homericus
1314 2495 1514 2545 tamen
1569 2485 1801 2546 fabulas
1856 2507 1934 2547 ex
1995 2486 2121 2569 ipsa
2179 2488 2361 2549 Iliade
2417 2500 2481 2550 et

199 2574 481 2655 Odyssea
526 2573 752 2654 petitas
794 2580 855 2630 et
896 2571 1286 2632 adumbratas
1317 2591 1443 2629 esse
1464 2572 1836 2652 probabilius
1859 2574 1949 2634 fit.
2034 2575 2166 2634 Ex
2150 2574 2222 2634 iis
2251 2576 2479 2638 Hector

192 2661 492 2740 frequens
537 2666 996 2758 argumentum,
1038 2666 1112 2718 ut
1153 2654 1312 2733 dixi,
1368 2656 1857 2737 quandoquidem
1900 2662 2123 2739 species
2177 2661 2301 2721 eius
2359 2663 2478 2722 oris

192 2757 258 2806 et
298 2747 563 2807 habitus
608 2744 689 2804 ab
733 2754 866 2804 arte
906 2743 991 2804 ita
1034 2754 1126 2803 est
1168 2745 1566 2820 constitutus,
1610 2752 1683 2805 ut
1729 2744 1950 2843 ubique
1994 2745 2085 2805 sui
2128 2746 2333 2821 similis
2375 2748 2475 2824 sit,

198 2840 266 2889 et
311 2833 426 2891 sibi
466 2839 749 2906 constet;
810 2840 902 2890 est
941 2830 1165 2910 ubique
1207 2829 1496 2890 barbatus
1544 2838 1607 2888 et
1666 2830 1862 2909 capite
1911 2830 2174 2910 galeato·
2235 2832 2321 2908 is,
2376 2833 2477 2892 in·

198 2937 431 2996 quam,
476 2916 669 2978 modo
714 2935 853 2975 cum
895 2914 1319 2977 Andromache
1361 2926 1424 2976 et
1479 2916 1879 2996 Astyanacte,
1936 2916 2232 2993 occurrit,
2292 2918 2476 2978 modo

186 3004 403 3063 ficem
440 3004 716 3063 iniiciens
764 3002 939 3080 navi,
984 3003 1153 3063 cuius
1196 3002 1413 3083 puppis
1457 3002 1729 3083 apposita
1771 3011 1893 3062 est:
1938 3003 2109 3062 cuius
2141 3003 2477 3083 argumenti

164 3109 503 3168 gemmam
544 3089 806 3150 militem
849 3089 1286 3149 incendicm'um
1343 3086 1628 3148 exhibere
1682 3087 1923 3149 dixerat
1982 3087 2204 3149 Gorius
2267 3086 2469 3171 (Mus.

154 3177 367 3237 Ῐῖον.
407 3178 590 3236 Tom.
636 3174 712 3251 11,
753 3175 873 3236 tab.
919 3178 1021 3252 60,
1063 3171 1150 3256 2).
1236 3174 1322 3235 At
1362 3183 1535 3233 extat
1571 3174 1686 3234 alia
1727 3194 1943 3235 verum
1984 3174 2308 3235 Hectorem
2364 3195 2477 3235 ex-

138 3283 480 3343 pm
525 3260 762 3321 habens
802 3260 990 3342 puppi
1034 3260 1208 3320 navis
1231 3259 1528 3359 apposita.
1571 3259 1736 3341 apud
1763 3261 1976 3321 Franc.
2031 3260 2284 3321 Pallazzi
2309 3257 2475 3342 (Bo-

132 3352 353 3409 riona·
379 3349 729 3409 &aecum-
773 3355 820 3409 t.
877 3346 981 3412 66.
1040 3347 1219 3405 etiam
1273 3346 1339 3405 in
1394 3348 1677 3425 Lippa-ti
1725 3347 2101 3427 Dactylioth.
2164 3348 2340 3407 Mill.
2404 3347 2473 3425 lI,

124 3439 217 3509 2,
282 3434 395 3517 6).
494 3432 570 3493 Εἰ
622 3431 952 3512 respondet
1006 3430 1164 3491 Aiax
1222 3430 1301 3502 de
1355 3431 1548 3510 puppi
1602 3451 1873 3511 pugnans
1929 3433 1992 3492 in
2048 3432 2164 3492 alia
2223 3452 2473 3512 gemma.

121 3520 431 3581 Verum
480 3519 657 3600 prior
695 3517 799 3578 illa
838 3518 1018 3599 plane
1060 3516 1369 3578 convenit
1388 3516 1590 3577 versui
1617 3517 1967 3597 Virgiliano:
2020 3520 2144 3579 Vel
2169 3520 2475 3579 Danaum

120 3607 528 3686 Phsygios
567 3604 873 3664 iaculante
889 3602 1203 3683 puppibus
1237 3606 1431 3683 ignes.
1523 3601 1723 3661 Minus
1766 3612 1932 3663 certa
1972 3603 2093 3662 fide
2136 3615 2280 3664 sunt
2323 3604 2474 3664 aliae

434 3710 474 3750 e
488 3734 509 3767 ,
552 3689 953 3750 Hectoremne
994 3710 1072 3749 an
1118 3689 1303 3749 alium
1342 3686 1591 3749 heroem
1638 3688 1929 3765 reserant3
1974 3698 2080 3764 ut,
2123 3689 2474 3751 vulneratus

124 3779 293 3839 nub
365 3777 573 3857 clipeo
619 3774 897 3836 deficiens
952 3775 1074 3857 (ap.
1133 3777 1380 3835 Naucr-
1429 3775 1555 3834 tab.
1600 3773 1751 3834 VIII.
1805 3784 1868 3833 et
1925 3774 2127 3853 alibi)·
2111 3818 2129 3851 ,
2186 3774 2292 3834 Est
2344 3775 2472 3835 He-

128 3874 329 3925 οισι·
399 3865 469 3923 in
528 3861 722 3923 Sarda
775 3881 990 3922 saxum
1053 3870 1267 3943 portae
1324 3869 1661 3920 castrorum
1722 3858 2091 3920 Achivorum
2140 3859 2473 3941 impingens

138 3947 262 4030 (v.
318 3947 510 4010 Iliad.
555 3973 620 4029 μ,
663 3956 824 4007 extr.
870 3967 966 4028 ap.
1007 3948 1285 4027 Lippert.
1335 3947 1512 4006 Mill.
1560 3944 1634 4019 11,
1676 3949 1739 4021 2,
1782 3947 1842 4013 5.
1884 3965 2080 4024 neque
2120 3946 2304 4006 alium
2347 3968 2472 4006 esse

144 4036 477 4097 arbitror
518 4034 696 4097 Mill.
744 4032 843 4111 III,
886 4037 948 4110 2,
991 4036 1052 4101 6.
1096 4029 1491 4114 expressum).
1577 4031 1880 4092 Incertum
1907 4050 2146 4112 quoque
2175 4052 2297 4091 esse
2326 4043 2471 4133 pot-

158 4131 321 4198 esst,
400 4142 483 4182 an
552 4122 720 4182 inter
786 4118 1000 4179 heroes
1064 4120 1213 4199 bigis
1283 4118 1575 4178 instantes
1630 4117 1857 4179 Hector
1917 4117 2297 4196 quaerendus
2360 4121 2469 4197 sit,

171 4209 427 4269 certior
470 4207 624 4269 fides
660 4214 755 4266 est
797 4225 1152 4266 numorum:
1195 4204 1356 4264 inter
1399 4225 1552 4283 quos
1591 4208 1765 4263 nwm‘
1801 4203 2095 4265 notissimi
2153 4206 2469 4263 Ilien-simu

183 4303 372 4373 mnt,
418 4296 500 4357 ad
544 4290 989 4368 Commodum,
1042 4290 1124 4351 Μ.
1170 4290 1516 4365 Aurelium,
1574 4298 1635 4348 et
1691 4290 2057 4350 caracallam
2111 4298 2464 4369 spectantes,

189 4377 519 4446 Hectorem
601 4376 922 4462 quadrigis
999 4377 1165 4443 citis
1199 4376 1571 4436 insistentem
1631 4373 2012 4450 exhibentes,
2082 4396 2140 4435 v.
2201 4395 2236 4433 c
2311 4373 2462 4432 Mus.

194 4464 423 4539 runa.
471 4470 612 4538 Vol.
665 4466 745 4543 V,
797 4472 841 4523 t.
888 4466 990 4538 17,
1033 4467 1092 4529 8.
1176 4461 1393 4524 Merito
1439 4461 1664 4523 dixeris
1720 4460 1888 4524 hunc
1943 4460 2265 4521 Hectorem
2321 4477 2466 4537 esse,

280 4562 1054 4664 Vmca.'1'ou.11.
1220 4610 1231 4629 .
1949 4563 2051 4633 ετ
