2882 5028
510 362 662 436 494

998 357 1082 432 P.
1153 351 1685 438 V1RG1L11
1751 305 2306 435 MARoms

508 543 731 623 Aulai
760 539 1036 617 medio
1074 537 1428 614 libabant
1461 537 1747 640 pocula
1775 538 2084 634 Bacchi,

509 644 880 747 Inpositis
914 669 1108 721 auro
1144 642 1511 744 dapibus,
1564 655 2033 744 paterasque
2062 642 2460 723 tenebant.

2587 651 2720 727 355

613 754 948 851 Iamque
977 747 1186 840 dies,
1241 746 1602 848 alterque
1636 747 1803 823 dies
1839 748 2260 847 processit3
2319 760 2398 823 et
2430 768 2646 826 aurae

508 853 704 934 Vela
734 865 1051 948 vocant,
1104 850 1583 950 tumidoque
1614 849 1934 926 inflatur
1965 850 2325 926 carbasus
2360 865 2643 931 austro:

508 961 646 1035 His
682 970 944 1032 vatem
975 954 1400 1054 adgredior
1432 952 1692 1051 dictis,
1749 980 1836 1030 ac
1862 953 2040 1029 talia
2076 979 2408 1055 quaeso:

510 1062 998 1158 Troiugena,
1062 1062 1456 1158 interpres
1507 1057 1816 1154 divom,
1873 1057 2012 1160 qui
2058 1059 2383 1134 numina
2421 1056 2721 1150 Phoebi,

512 1161 1085 1265 Quitripodas,
1142 1163 1379 1243 Clarii
1409 1162 1709 1259 laurus,
1767 1163 1901 1264 qui
1933 1160 2194 1239 sidera·
2218 1163 2483 1260 sentis„

1381 1303 1555 1382 556.
1592 1321 2054 1379 Paocassrr:

610 1309 782 1386 354.
838 1326 921 1376 m
972 1322 1225 1376 Mamo

711 1417 884 1488 360.
936 1426 1243 1481 munos

2589 1172 2723 1244 360

2216 1309 2391 1384 357.
2422 1322 2721 1378 Ammo,

644 1578 751 1638 354
785 1582 842 1632 in
873 1580 1025 1631 deest
1056 1575 1301 1649 optimi33
1353 1580 1450 1631 sed
1491 1586 1671 1630 tuetur
1709 1576 1890 1630 Heius.
1933 1577 2388 1646 grammaticorum
2426 1577 2721 1634 auctoritate.

509 1651 632 1718 (Sed
656 1652 758 1703 hoc
780 1650 833 1702 in
863 1667 1056 1717 genere
1079 1648 1244 1699 multo
1277 1649 1460 1718 potior
1483 1648 2053 1717 praestantissimorum
2094 1649 2381 1715 librorum,

2431 1651 2602 1721 quibus
2635 1648 2722 1698 iam

509 1721 764 1773 accedunt
789 1723 839 1774 2.
866 1721 918 1774 3.
945 1721 1014 1783 8.,
1048 1718 1332 1769 auctoritas
1368 1719 1643 1778 habenda:
1679 1727 1733 1768 et
1760 1716 1863 1768 vid.
1893 1721 1957 1782 Q.
1992 1720 2058 1768 V.
2086 1719 2255 1782 XIIII,
2284 1721 2336 1784 5,
2367 1722 2418 1783 6,
2454 1722 2500 1775 1.
2567 1721 2721 1799 ltaque

507 1790 678 1842 delevi
707 1788 1168 1860 praepositionem.
1238 1790 1296 1838 in
1337 1790 1472 1840 med.
1513 1787 1676 1839 Palat.
1739 1787 1886 1854 Wr.)

1027 1859 1133 1912 356
1164 1861 1466 1929 praecessit
1508 1857 1660 1909 Leid.
1729 1859 1966 1927 inflatus
2004 1856 2142 1908 alter
2180 1859 2392 1926 Menag.
2460 1877 2558 1929 que
2594 1857 2721 1908 abest

508 1858 730 1913 tenebat
753 1861 890 1910 Ven.

2026 1788 2131 1843 355
2184 1791 2259 1839 Im
2259 1791 2553 1859 positisque
2587 1791 2719 1840 tht.

507 1949 538 1982 a
572 1927 953 1981 sec.R‘ottend.
1023 1928 1277 1995 (Mutatae
1316 1928 1404 1979 hic
1449 1938 1501 1977 et
1543 1944 1692 1996 prox.
1730 1945 1806 1977 va.
1847 1925 2289 1995 interpunctionis
2331 1946 2480 1980 cansa
2515 1925 2720 1978 redditur

509 2002 574 2062 Q.
634 2000 703 2051 v.
766 1998 1006 2060 xxxv,
1054 1998 1104 2050 8.
1159 1995 1302 2062 Wr.)

506 2070 612 2124 859
648 2069 744 2138 qui
769 2085 825 2118 n.
852 2067 1038 2118 divum
1061 2064 1221 2120 Witt.
1260 2084 1289 2117 a
1323 2083 1391 2118 m.
1435 2083 1519 2134 pr.

1441 1998 1548 2052 358
1598 1999 1707 2047 Hic
1757 1996 1879 2046 edd.
1928 2007 2050 2048 ante
2096 1996 2234 2048 Pier.
2309 2010 2365 2049 et
2413 2000 2543 2049 talia
2583 1996 2720 2048 Witt.

1657 2066 1765 2120 360
1815 2066 1987 2117 clarii
2019 2079 2075 2117 et
2120 2067 2319 2121 lautos
2356 2067 2537 2119 Medic.
2571 2063 2718 2128 Pierii,

507 2137 666 2190 Witt.
691 2137 880 2187 Moret.
910 2154 1044 2199 sec.,
1081 2135 1226 2203 quod
1252 2136 1515 2204 praefero.
1553 2135 1628 2203 (οι
1652 2135 1717 2186 ab
1752 2133 1816 2185 iis
1843 2134 2041 2186 illatum
2065 2136 2275 2188 videtur
2292 2176 2306 2202 ,
2352 2137 2439 2207 qui
2465 2136 2717 2203 distingue-

506 2217 657 2258 rent:
699 2208 806 2270 Oui
828 2206 1080 2276 tripodas
1105 2205 1300 2267 Clarii,
1337 2205 1533 2257 lauro-5
1551 2244 1565 2270 ‚
1586 2222 1633 2325 g

508 2294 624 2328 curn
677 2275 794 2327 aliis
832 2275 941 2326 anti
982 2273 1087 2338 uia,
1146 2273 1290 2342 qnod
1342 2272 1543 2342 antiqui

506 2347 710 2410 Heius„
745 2362 921 2396 rursus
945 2293 983 2394 d

1636 2243 1647 2256 .
1677 2224 1717 2255 a.
1758 2222 1800 2255 s.
1844 2205 1989 2271 lVr.)
2063 2206 2264 2258 lauras
2286 2206 2474 2260 Medic.
2508 2227 2534 2258 a
2557 2223 2617 2257 m.
2650 2220 2717 2273 pr.

1142 2342 1155 2356 .
1634 2274 1918 2326 rammatici
1970 2273 2287 2357 defendunt5
2334 2277 2530 2359 recepit
2568 2276 2719 2343 itaque

988 2355 1179 2395 esci-uit
1202 2344 1551 2404 Burmannus:
1587 2343 1731 2394 forte
1756 2362 1876 2395 casu
1905 2353 2081 2411 potius
2112 2363 2266 2414 quam
2297 2347 2527 2398 consiliu.
2593 2345 2720 2413 (Iau-

508 2434 608 2467 tus
632 2413 899 2467 revocavit
928 2412 1237 2475 Wunderl.;
1271 2423 1454 2475 recte3
1489 2413 1594 2465 vid.
1638 2414 1703 2465 V.
1739 2414 1800 2464 L.
1832 2414 1897 2465 ad
1938 2414 2047 2465 Ecl.
2082 2417 2173 2479 Vt,
2206 2416 2296 2470 83.
2367 2417 2551 2468 lauro-5
2582 2412 2719 2466 Palat.

510 2495 566 2537 et
600 2502 796 2537 servas
827 2500 927 2553 pro
971 2484 1145 2535 sentis
1181 2500 1308 2534 unus
1343 2485 1450 2535 MS.
1496 2501 1580 2552 ap.
1619 2483 1761 2535 Cort.
1806 2483 1875 2535 ad
1915 2484 2110 2536 Lucan.
2154 2486 2296 2549 VIII,
2335 2487 2451 2541 171.
2516 2486 2721 2536 Ceterum

505 2554 698 2607 Medic.
748 2555 921 2617 Clari,
971 2553 1067 2603 aed
1097 2553 1264 2605 altera
1292 2556 1317 2605 i
1348 2552 1730 2624 superscriptam
1776 2562 1832 2604 et
1859 2554 2126 2624 quaeritur
2150 2574 2237 2626 ap.
2266 2557 2524 2624 Servium,
2558 2572 2617 2607 an
2638 2568 2720 2622 ge·-

506 2624 753 2678 minanda
783 2621 854 2675 ait
873 2625 910 2676 i.
950 2623 1096 2691 Wr.)

507 2764 752 2826 mulata.
809 2766 882 2824 cf.
945 2764 1050 2824 inf.
1119 2764 1215 2841 lv,
1279 2763 1423 2830 512.
1504 2760 1588 2845 (et

509 2854 777 2912 Gronov.
831 2849 1017 2911 Diatr.
1090 2871 1150 2929 p.
1222 2853 1324 2914 38.
1404 2846 1584 2930 Wr.)

505 2939 837 3016 amplector
869 2956 948 2998 sc.
985 2944 1057 2995 ut
1097 2934 1434 2995 exosculari
1483 2955 1589 2994 so-

504 3025 633 3083 lent
673 3031 870 3102 postes
908 3021 969 3079 in
1021 3023 1280 3100 patriam
1316 3020 1586 3080 reduces.

592 3108 736 3172 354.
776 3105 919 3171 355.
1008 3107 1129 3165 Nec
1191 3115 1467 3165 moratur
1521 3108 1585 3166 in

508 3192 773 3254 convivii
812 3191 1212 3271 descriptione
1239 3202 1413 3270 poeta
1433 3235 1451 3268 ,
1481 3212 1591 3251 nec

504 3280 681 3360 plane
744 3277 1041 3337 intactum
1114 3277 1399 3353 dimittit,
1486 3277 1593 3337 sed

507 3365 700 3424 obiter
734 3363 953 3421 intexit
1009 3382 1192 3441 pauca
1221 3406 1239 3438 ‚
1316 3381 1469 3442 quae
1513 3363 1591 3421 ad

506 3448 772 3509 convivii
827 3449 1329 3526 magnificentiam
1384 3449 1592 3507 decla-

504 3534 757 3595 randam
786 3534 987 3593 valere
1024 3536 1285 3614 possint:
1349 3543 1407 3593 et
1449 3535 1592 3612 qui-

507 3622 644 3680 dem
667 3619 994 3698 religiosam
1024 3640 1182 3696 rem,
1228 3621 1589 3696 libationem,

506 3715 567 3765 et
605 3724 890 3766 vasorum
942 3704 1346 3772 πολυτέλειαν.
1433 3706 1591 3765 Ulti-

400 3796 407 3803 ’
504 3812 602 3852 ma
653 3800 854 3852 tamen
911 3804 1274 3873 paterasque
1319 3791 1592 3850 tenebant

504 3897 719 3938 vereor
763 3896 837 3936 ne
884 3877 1136 3956 frigeant
1163 3922 1180 3954 ,
1239 3878 1467 3936 etiamsi
1511 3878 1589 3937 ad

503 3983 741 4023 sacrum
794 3965 1019 4022 sactum
1087 3983 1351 4023 revoces.
1434 3961 1587 4045 (non

503 4050 751 4128 frigent,
778 4048 959 4108 modo
990 4060 1153 4108 recte
1182 4049 1587 4130 explicentur:

503 4134 778 4195 libabant
805 4167 893 4180 —
904 4136 1268 4216 paterasque
1312 4136 1590 4193 tenebant

501 4222 543 4281 i.
587 4240 638 4280 e.
694 4220 963 4280 libabant
1010 4231 1248 4299 pateras
1296 4230 1585 4297 tenentes,

502 4327 547 4366 a.
595 4306 760 4385 quod
806 4314 899 4365 est
950 4307 1055 4367 Ge.
1097 4308 1170 4385 11,
1212 4309 1391 4372 192:
1446 4327 1586 4386 pa-

504 4392 701 4453 teris
759 4391 1130 4472 libamu25
1215 4391 1341 4461 vid.
1393 4391 1470 4469 Q.
1514 4392 1586 4453 V.

1673 2762 1984 2839 XXXIIII,
2015 2768 2074 2828 3.
2106 2764 2277 2847 Wr.)
2355 2766 2611 2827 Porticus
2625 2780 2720 2821 au-

1671 2858 1794 2908 tem
1831 2857 1981 2927 puta
2037 2851 2238 2909 aulam
2281 2850 2719 2912 circumdedisse.

1757 2939 1903 3000 356.
1933 2937 2078 2999 357.
2122 2958 2316 2997 aurae
2341 2941 2495 3000 Vela
2517 2944 2720 3005 vocant,

1669 3019 1891 3079 invitat
1919 3031 2138 3080 ventus
2165 3024 2496 3099 secundus,
2525 3032 2590 3081 ut
2613 3018 2720 3079 vela

1673 3104 2116 3184 expandantur.
2211 3109 2367 3169 Male
2402 3107 2719 3190 hypallagen

1674 3193 1992 3251 advocant.
2089 3193 2301 3256 variat
2357 3194 2505 3255 haec
2556 3191 2719 3254 oratio

1673 3278 1933 3358 poetica:
1975 3278 2158 3338 modo
2205 3284 2382 3356 vela,
2439 3289 2541 3341 aut
2583 3298 2719 3337 nau-

1675 3377 1773 3423 tae
1806 3360 1903 3444 (ut
1941 3384 2072 3445 sup.
2114 3366 2269 3449 253)
2309 3378 2522 3426 vocant
2563 3380 2721 3423 auras

1673 3450 1773 3509 vel
1827 3453 2027 3509 ventos
2045 3495 2063 3526 ‚
2143 3452 2328 3512 modo
2384 3473 2562 3511 aurae
2604 3448 2719 3506 vela

1674 3535 1774 3595 vel
1798 3551 2060 3609 nautas,·
2110 3547 2169 3596 et
2194 3539 2300 3598 ins.
2336 3537 2460 3603 454
2487 3537 2604 3616 ipsa
2627 3552 2719 3592 na-

1674 3621 1897 3699 vigatio
1958 3632 2019 3681 et
2070 3644 2278 3681 cursus
2351 3636 2524 3681 vocat
2581 3620 2712 3679 vela.

1678 3708 1844 3765 Conf.
1891 3728 2021 3787 sup.
2076 3713 2190 3784 61,
2250 3710 2355 3768 inf.
2406 3709 2544 3773 454.
2597 3699 2716 3768 455-

1675 3793 2022 3871 tumidoque
2049 3797 2308 3872 ity'lalm·
2326 3793 2597 3852 carbasus
2617 3810 2717 3847 au·-

1672 3889 1807 3936 stro.
1838 3878 2005 3940 Iliad.
2037 3904 2093 3955 α,
2126 3880 2243 3943 481
2278 3874 2378 3941 Ἐν
2422 3874 2488 3941 δ’
2524 3875 2718 3953 ἄνεμος

1672 3967 1904 4044 πρῆσεν
1932 3963 2119 4044 μέσον
2154 3966 2363 4028 ἱστίον.
2399 3975 2458 4023 et
2482 3961 2717 4022 similiter

1673 4049 1801 4107 aliia
1829 4050 1991 4111 locis.

1755 4135 1884 4201 359
1909 4169 1996 4182 —
2024 4140 2168 4201 361.
2225 4137 2486 4196 Helenus
2532 4132 2714 4196 olavo·

1670 4214 1876 4283 πόλων
1919 4215 2018 4300 ὄχ’
2058 4219 2300 4304 ἄριστος
2343 4222 2460 4281 iam
2502 4218 2715 4279 Homer.

1670 4306 1840 4365 Iliad.
1871 4308 2046 4381 ζ,76.
2101 4312 2210 4389 qui
2249 4311 2463 4381 sends,
2519 4297 2716 4364 intelli·

1669 4392 1788 4472 gis,
1830 4392 1908 4452 ad
1929 4392 2109 4474 plura
2150 4393 2210 4458 h.
2238 4394 2282 4455 1.
2321 4393 2597 4465 refertur,
2652 4383 2716 4443 de
