2882 5028
477 355 674 428 1080
981 342 2223 450 sxcURsthnr

471 538 658 598 Aliter
695 554 824 598 rem
853 542 1192 596 tractarunt
1220 533 1338 594 alii.
1381 552 1440 593 v.
1488 532 1833 612 Aponodor.
1878 533 1923 607 Ι,
1966 537 2027 608 9,
2072 537 2130 605 7,
2176 533 2282 591 ubi
2301 534 2498 609 pelles
2535 537 2719 592 badu-

467 637 674 697 ratas,
743 617 976 702 βύρσας
1018 619 1465 702 ἐξηραμμένας,
1533 641 1670 677 cum
1708 619 1990 678 lebetibus
2031 637 2108 676 ex
2155 639 2338 677 curru
2402 639 2725 698 suspensas

469 730 575 790 per
600 708 794 768 solum
823 715 1062 767 trectst.
1151 705 1400 766 Pontem
1435 704 1672 764 addidit
1712 704 1988 763 Manilius
2027 704 2097 777 V,
2141 710 2224 768 92
2250 704 2618 764 Salmoneus
2646 740 2723 751 —

469 798 577 876 qui
620 795 859 852 caelum
899 795 1169 852 isumus
1207 795 1273 850 in
1314 790 1482 865 orbe,
1546 790 1842 850 Pontibus
1870 793 2203 868 impositis,
2249 795 2579 870 missisque
2616 813 2731 870 per

469 900 614 940 aem
659 881 1011 959 quadrigis,
1085 880 1464 957 Expnssisse
1503 897 1716 935 sonum
1753 877 1967 933 mwulc'
2004 875 2120 933 sibi
2157 879 2358 950 visus,
2423 891 2483 934 et
2516 882 2729 955 ipsun

473 966 867 1024 Admovuaisu
893 966 1101 1024 lovem
1131 961 2022 1040 oenae's,ma1efulmmasmgc
2048 963 2272 1034 Sensit,
2331 974 2388 1019 ει
2417 966 2726 1020 &anubem

470 1055 641 1129 ignes
670 1071 852 1128 super
876 1053 1007 1128 ipse
1049 1062 1332 1128 sequutus
1372 1061 1556 1107 morte
1586 1049 1794 1106 Iovem
1823 1047 2052 1108 didicit.
2114 1046 2329 1105 Facit·
2310 1069 2374 1105 ln
2402 1045 2502 1105 his
2536 1068 2727 1107 vex-ss.

471 1135 831 1195 molestiam:
877 1138 942 1193 in
970 1134 1121 1209 orbe,
1165 1134 1329 1212 quod
1357 1131 1588 1193 dictum
1612 1151 1739 1190 esse
1780 1132 1958 1191 debet
1985 1152 2098 1211 pro
2124 1133 2188 1190 in
2218 1132 2363 1192 orbe
2389 1143 2727 1206 terrarum,

472 1223 535 1282 in
557 1222 752 1282 terris.
838 1221 959 1280 Nec
1000 1219 1181 1298 magis
1210 1221 1436 1300 placet,
1498 1221 1563 1276 in
1611 1218 1751 1276 urhe
1791 1238 1948 1278 nova
1982 1218 2310 1277 Salmonea.
2399 1220 2599 1314 Forte
2630 1242 2727 1277 ω·-

473 1308 604 1365 bem
647 1304 806 1365 dixit
839 1306 914 1365 de
951 1304 1226 1365 machina
1265 1324 1470 1378 seres,
1515 1323 1696 1382 quam
1733 1303 2029 1363 Diodorus
2060 1314 2387 1375 memorat,
2448 1306 2517 1363 in
2566 1306 2729 1365 orbis

474 1392 722 1451 modum
764 1391 945 1461 facts,
987 1412 1106 1469 qus
1133 1407 1240 1471 per
1278 1409 1518 1450 aereum
1565 1398 1810 1469 pontem
1852 1397 2043 1448 tracta
2076 1391 2278 1468 fragor
2317 1391 2471 1476 caeli
2498 1392 2728 1450 redde-

475 1479 669 1537 batur.
755 1476 846 1537 Ite
889 1478 1046 1537 forte
1090 1486 1246 1536 esset
1288 1476 1420 1535 orbe
1460 1475 1743 1553 pontibus
1793 1479 2091 1553 imposito.
2195 1466 2407 1534 Faces
2442 1477 2729 1535 ardentes

474 1564 655 1622 etism
695 1561 995 1642 Hygin.1.
1036 1582 1087 1621 c.
1125 1569 1434 1635 memorat,
1479 1582 1634 1640 quas
1678 1564 1742 1619 in
1768 1563 2065 1638 populum
2091 1564 2394 1636 mitur-et,
2406 1575 2505 1620 et
2539 1566 2722 1621 cives

477 1650 571 1708 An
600 1648 856 1708 excidit.
900 1659 956 1706 et
989 1650 1147 1707 cives
1176 1648 1451 1708 terreret?
1510 1646 1767 1706 Iacobs
1750 1667 1815 1705 in
1843 1646 2284 1708 Animadverss.
2319 1668 2376 1725 p.
2402 1652 2541 1722 203
2576 1652 2729 1707 coni.

476 1739 541 1793 in
572 1734 832 1810 caeliam,
886 1742 946 1792 et
972 1754 1135 1793 nunc
1159 1736 1224 1794 in
1255 1735 1586 1792 comment.
1614 1733 1680 1790 in
1708 1732 2027 1809 Antholog.
2048 1732 2180 1794 vol.
2215 1733 2285 1791 11.
2315 1733 2469 1792 P.11.-
2500 1740 2729 1812 p.811.

457 1824 541 1878 'in
559 1822 800 1897 polum.
792 1843 806 1857 ·
875 1819 954 1878 sd
983 1818 1163 1879 Tullii
1199 1818 1433 1879 Gemini
1462 1819 1821 1897 epigramma
1858 1818 1921 1876 in
1947 1817 2242 1876 Salmonei
2279 1818 2609 1897 imaginem
2636 1822 2731 1899 pi-

477 1914 637 1964 ctam
683 1905 930 1965 fulmine
987 1924 1342 1984 percussam.
1439 1904 1724 1983 Agnoscis
1770 1903 2085 1962 luxurians
2120 1911 2440 1981 poetarum
2493 1917 2732 1965 veteres

478 1989 707 2050 rabulas
747 1991 1092 2051 ornantium
1143 1990 1466 2072 ingenium.
1570 1989 1759 2049 Aliter
1818 1998 2073 2050 ornetur
2113 1989 2333 2048 sabula
2367 1991 2553 2072 aput}
2586 1995 2728 2051 Ser-

478 2076 647 2135 vium
670 2076 751 2136 sd
795 2075 858 2135 h.
899 2076 941 2136 l.
1025 2076 1202 2135 Adde
1251 2075 1492 2136 Diodor.
1525 2074 1592 2134 in
1615 2076 1760 2137 Exc.
1788 2074 1941 2136 Virt.
1968 2095 2031 2154 p.
2060 2073 2207 2138 546.
2296 2075 2570 2137 Accessit
2591 2087 2731 2137 tsn-

479 2161 618 2220 dem
649 2169 710 2220 et
733 2161 916 2236 illud,
975 2162 1188 2221 urbem
1219 2163 1595 2221 Salmoneam
1635 2160 1711 2219 sb
1751 2178 1822 2219 eo
1848 2161 2152 2220 conditam
2194 2160 2449 2221 fulmine
2498 2163 2729 2223 confla-

479 2265 677 2325 grasse
716 2245 880 2325 apud
913 2245 1187 2327 Apollod.
1230 2248 1271 2308 1.
1309 2268 1361 2306 c.
1406 2255 1470 2305 et
1514 2246 1651 2306 Not.
1695 2266 1755 2325 p.
1800 2244 1940 2310 146.
2023 2245 2299 2304 Notabile
2342 2255 2547 2308 tomen
2592 2247 2731 2323 hoe,

480 2330 646 2408 quod
668 2331 946 2409 Virgilius
969 2332 1181 2391 meluit
1206 2332 1590 2391 Salmoneum
1618 2331 1898 2404 laudare,
1942 2350 2125 2408 quam
2155 2333 2496 2408 Remulum,
2535 2332 2730 2393 Alba-

481 2435 700 2476 norum
727 2434 955 2494 regem,
1009 2416 1217 2475 similis
1258 2415 1581 2495 impietatis
1621 2435 1812 2475 reum.
1855 2435 1915 2475 v.
1962 2415 2174 2475 Victor
2217 2416 2291 2478 O.
2334 2418 2405 2479 G.
2442 2419 2510 2477 R.
2544 2422 2623 2483 18
2663 2430 2729 2478 et

480 2501 564 2561 ibi
602 2501 744 2565 Not.
784 2501 1027 2582 Dionys.
1068 2502 1116 2577 1,
1158 2507 1259 2568 71.
1345 2502 1584 2561 Scilicet
1637 2500 1997 2561 obscurioris
2028 2499 2129 2560 hic
2162 2512 2297 2562 erat
2330 2505 2613 2579 nominis,
2662 2518 2729 2566 et

486 2598 659 2667 poeta
695 2588 928 2648 fabulas
983 2589 1195 2647 melius
1229 2587 1447 2647 iaudat
1486 2607 1521 2646 e
1558 2588 1788 2647 Graeca
1828 2587 2223 2664 antiquitate,
2265 2608 2455 2665 quam
2498 2610 2575 2650 ex
2602 2594 2727 2651 Ro-

485 2694 694 2733 mana:
738 2677 957 2754 quippe
994 2693 1145 2752 quae
1189 2693 1300 2733 nec
1341 2692 1547 2752 parem
1587 2674 2011 2735 auctoritatem
2038 2692 2150 2731 nec
2184 2676 2439 2752 gratiam
2471 2688 2583 2738 sut
2622 2698 2727 2738 ve-

488 2768 788 2820 nustatem
812 2758 1055 2820 habent.

660 2930 939 2991 Ceterum
967 2929 1187 2991 divinis
1211 2929 1544 2990 honoribus
1559 2974 1576 3005 ,
1620 2951 1770 3009 quos
1792 2932 2253 3011 imperatoribus
2282 2932 2580 2992 adulandi
2605 2944 2730 2993 stu—

490 3018 657 3078 dium
687 3017 936 3091 detulit,
993 3012 1335 3084 obtrectare?
1360 3016 1458 3074 his
1483 3017 1753 3077 versibus
1791 3027 2032 3097 poetam
2074 3023 2201 3081 sine
2232 3018 2413 3077 dubio
2454 3040 2731 3097 pronun-

488 3104 609 3163 tint
632 3103 741 3162 Ios.
777 3102 1120 3162 wartonus.
1207 3102 1517 3162 Infinitum
1545 3113 1725 3179 esset,
1768 3104 1819 3161 si
1847 3104 2065 3162 similes
2100 3104 2514 3184 Interpretum
2554 3125 2733 3185 argu-

489 3189 600 3247 tias
630 3206 977 3248 enumerare
1006 3187 1218 3247 vellem
1249 3206 1480 3262 omnes;
1520 3187 1722 3265 itaque
1748 3190 2221 3267 praetermittere
2247 3190 2612 3270 plerumque
2639 3213 2734 3250 so-

488 3274 600 3333 leo.
687 3273 836 3349 Sed,
880 3273 930 3332 si
955 3273 1133 3332 semel
1162 3272 1242 3331 sd
1267 3273 1418 3332 haec
1446 3272 1802 3333 descendere
1834 3274 1982 3335 velis
2003 3318 2022 3349 ,
2067 3294 2190 3334 non
2212 3283 2336 3334 tam
2368 3274 2527 3349 hoc,
2571 3276 2731 3354 qnod

490 3380 526 3417 s
551 3357 817 3418 Maronis
860 3366 1055 3417 aetate
1090 3357 1292 3419 adhuc
1327 3359 1589 3418 alienum
1627 3368 1759 3418 erat
1774 3403 1791 3434 ,
1837 3379 2016 3438 quam
2053 3360 2253 3440 potius
2291 3360 2449 3420 illud
2480 3382 2733 3421 monen-

492 3444 647 3503 dum
671 3453 830 3503 eret:
871 3444 1068 3504 velex
1102 3444 1222 3503 hoc
1250 3445 1383 3504 loco
1428 3445 1568 3504 satis
1608 3453 1847 3524 patere,
1891 3445 2083 3505 divini
2111 3446 2360 3506 honoris
2385 3447 2735 3507 conferendi

492 3547 719 3589 morem
762 3528 913 3589 nihil
957 3548 1272 3590 commune
1308 3529 1586 3589 habuisse
1634 3550 1772 3589 cum
1806 3531 2186 3610 opinionibus
2230 3531 2304 3591 de
2346 3531 2558 3591 divina
2628 3554 2736 3593 ns·

491 3627 662 3689 tura,
708 3613 1077 3694 deorumque
1105 3617 1381 3692 numine;
1440 3616 1607 3693 quod
1640 3617 1820 3694 vulgo
1861 3625 2094 3696 putant.
2181 3617 2386 3675 Civilis
2426 3637 2540 3676 seu
2578 3619 2735 3698 poli-

493 3702 611 3760 tica
649 3708 781 3758 erat
821 3700 1155 3776 institutio,
1221 3721 1360 3761 cum
1390 3702 1636 3761 summis
1669 3702 1924 3780 aliquem
1969 3701 2301 3762 honoribus
2333 3703 2578 3762 afficere
2606 3705 2734 3763 vel-

493 3788 651 3862 lent,
691 3785 1180 3864 quandoquidem
1209 3787 1308 3846 ille
1344 3807 1576 3846 summo
1616 3786 1777 3847 inter
1802 3789 2082 3846 mortales
2110 3799 2242 3847 erat
2289 3787 2422 3847 loco
2466 3788 2735 3868 adeoque

495 3872 675 3947 nihil,
719 3869 883 3948 quod
909 3871 1150 3948 quidem
1173 3871 1509 3933 humanum
1538 3882 1717 3947 esset,
1774 3874 1915 3933 addi
1947 3882 2211 3953 poterat,
2269 3875 2381 3932 nisi
2417 3884 2491 3933 ut
2534 3873 2733 3934 hono-

493 3977 623 4017 rem
651 3957 833 4017 modo
877 3956 952 4014 ab
997 3955 1251 4016 heroum
1281 3959 1493 4018 ordine
1528 3958 1711 4018 modo
1751 3979 1787 4017 a
1821 3959 2075 4019 deorum
2111 3960 2245 4018 loco
2288 3968 2347 4017 et
2394 3959 2639 4019 nomine
2684 3964 2734 4019 ei

495 4052 801 4123 peterent5
845 4041 991 4103 nihil
1022 4043 1273 4122 emplius
1308 4064 1375 4102 ea
1413 4063 1479 4104 re
1508 4044 1857 4123 quaesitum.
1946 4045 2028 4104 De
2053 4044 2232 4104 huius
2260 4045 2442 4122 igitur
2467 4044 2735 4118 honoria

495 4130 599 4206 qui
628 4129 798 4188 nobis
825 4129 974 4189 adeo
1003 4130 1263 4188 insolens
1299 4128 1544 4190 videtur
1588 4149 1744 4208 esse,
1795 4131 1859 4189 vi
1890 4139 1955 4190 et
1980 4130 2315 4210 significatu
2356 4150 2535 4189 nemo
2566 4132 2735 4191 facile

496 4213 773 4273 dubitare
805 4225 911 4274 aut
943 4214 1380 4294 philosophicas
1419 4226 1483 4276 et
1504 4215 1865 4295 theologicas
1906 4217 2179 4276 notiones
2222 4236 2361 4274 cum
2404 4234 2477 4274 eo
2506 4214 2736 4275 honore

497 4300 850 4378 coniungere
892 4301 1107 4379 potuit.
1189 4300 1377 4360 Iidem
1420 4302 1506 4361 illi
1524 4346 1541 4377 ,
1600 4303 1704 4381 qui
1739 4301 2001 4361 honores
2041 4301 2280 4361 divinos
2332 4304 2564 4380 magnis
2594 4303 2736 4362 viris

497 4386 593 4444 vel
623 4385 966 4463 potentibus
997 4387 1370 4463 deferebant,
1416 4397 1792 4468 agnoverunt
1816 4387 2181 4468 impietatem
2213 4388 2275 4448 iu
2298 4407 2402 4459 eo,
2460 4388 2565 4464 qui
2612 4386 2731 4446 lovi
