2882 5028
478 348 635 422 452

966 341 1051 415 P.
1107 338 1636 417 VIRGILII
1688 336 2259 414 MAROle

479 526 959 620 CondimuS,
1017 538 1097 600 et
1128 547 1414 624 magna
1447 547 1920 624 supremum
1955 548 2152 600 voce
2184 523 2505 602 ciemuS.

580 630 825 725 Inde,
878 629 1018 704 ubi
1050 627 1305 729 prima
1337 625 1543 703 fides
1566 627 1894 728 pelagO,
1941 628 2401 728 placataque
2433 627 2652 702 venti

472 739 681 812 Dant
755 734 999 808 maria
1032 793 1054 829 ,
1141 746 1222 807 et
1294 731 1495 807 lenis
1578 733 1971 832 crepitans
2026 743 2257 806 vocat
2322 744 2586 806 auster
2652 729 2734 804 in

1652 833 1925 931 altum,
2629 842 2735 911 70

471 938 905 1015 Deducunt
932 937 1125 1014 socii
1159 938 1409 1031 naviS,
1469 950 1546 1012 et
1578 936 1805 1013 litora
1837 936 2235 1037 conplent.

472 1042 1012 1118 Provehimur
1050 1055 1337 1143 portu,
1406 1054 1829 1142 terraeque
1867 1040 2108 1117 urbes
2170 1064 2272 1115 ue
2315 1037 2730 1146 recedunt.

475 1149 705 1222 Sacra
738 1148 937 1221 mari
968 1145 1256 1221 colitur
1284 1144 1560 1220 medio
1593 1147 2026 1242 gratissima
2062 1157 2140 1219 te
2178 1142 2299 1218 lus

608 1322 678 1374 69
708 1322 891 1392 prima
920 1321 1073 1390 quies
1100 1318 1263 1372 Goth.
1291 1328 1415 1369 tert.
1480 1337 1667 1389 prona
1682 1319 1837 1385 fides
1864 1337 1942 1388 pr.
1968 1319 2162 1370 Μαι-οι.
2192 1336 2222 1368 a
2249 1335 2320 1368 m.
2351 1333 2463 1385 pr.,
2502 1315 2729 1369 tollenni

471 1389 647 1457 potius
676 1390 826 1459 lapsu
858 1390 946 1457 (de
974 1406 1077 1459 quo
1100 1407 1149 1440 v.
1173 1390 1486 1450 Burmann-i,
1516 1406 1667 1456 quam
1699 1388 2055 1456 exquisitioris
2085 1387 2312 1456 epitheti
2338 1387 2517 1437 studio
2535 1425 2550 1450 ,
2626 1387 2731 1438 uod

468 1475 567 1509 nec
603 1458 759 1511 facile
788 1461 928 1510 seraa
959 1458 1012 1509 h.
1035 1458 1093 1521 l.,
1122 1459 1283 1509 multo
1312 1458 1481 1509 minua
1501 1458 1786 1509 desideres.
1816 1470 2127 1538 pacataque
2143 1455 2385 1508 Parthas.

2490 1458 2566 1510 70
2681 1458 2731 1506 ia

469 1531 766 1599 crepitans.
837 1526 1084 1596 displicet
1112 1528 1298 1579 merito
1348 1528 1541 1597 duplex
1583 1527 1885 1597 epitheton,
1935 1537 2036 1577 etat
2076 1525 2318 1577 similium
2374 1524 2728 1596 exemplorum

467 1596 785 1649 auctoritate
811 1598 1023 1649 dei'endi
1049 1597 1186 1648 forte
1214 1597 1398 1667 possit.
1438 1614 1487 1648 v.
1520 1598 1689 1647 Burin.
1744 1597 1922 1648 Heius.
1960 1595 2262 1647 coniecerat
2304 1613 2505 1664 segne-v
2546 1597 2727 1664 crepi-

471 1679 634 1731 εαηε,
672 1670 842 1718 Burm-
893 1668 1076 1719 Ientos
1116 1686 1161 1718 c.
1215 1667 1452 1736 Toupiua
1499 1667 1552 1716 in
1591 1665 1797 1717 suidam
1841 1667 1897 1716 Ρ.
1938 1667 2025 1728 ln,
2063 1684 2118 1734 p.
2165 1666 2266 1719 138
2321 1664 2728 1746 lenicrepitane,

466 1736 609 1805 quod
632 1739 684 1787 in
715 1736 962 1788 Lucretio
989 1753 1094 1787 non
1124 1735 1449 1804 displiceret.

1524 1737 1687 1786 lortin
1723 1739 1947 1802 (Traces
1983 1736 2137 1786 Tom.
2183 1737 2222 1797 1,
2266 1751 2320 1801 p.
2362 1733 2489 1799 470)
2536 1731 2723 1800 iungit:

464 1810 675 1857 Auster
719 1807 862 1857 lenis
897 1819 1061 1857 vocae
1099 1809 1393 1887 crepitans.
1467 1804 1666 1856 Pierius
1704 1822 1734 1855 e
1771 1804 1925 1856 codd.
1971 1803 2175 1872 aliquot
2212 1802 2397 1854 laudat
2438 1803 2563 1853 lene
2601 1821 2726 1853 cre-

459 1876 695 1956 pic-ans,
719 1875 862 1943 quod
888 1876 1265 1927 consuetudine
1296 1874 1510 1957 Yirgilii
1537 1874 1665 1925 satia
1707 1874 1886 1926 tritum
1928 1873 2101 1955 teneri
2134 1880 2330 1991 potestl.
2395 1870 2725 1992 §22:¹33

464 1943 731 2063 3333&
758 1953 1167 2148 {3122525322
1179 1942 2153 2083 {333230ffzsszi'sssssstffissffifflffst
2187 1958 2391 2062 {zm
2408 2009 2483 2061 st.
2515 2011 2726 2062 wm-

464 2080 608 2131 field.
647 2085 732 2134 IV
726 2101 755 2133 r

863 2084 937 2134 Io.
982 2082 1261 2134 Schrader.
1300 2093 1476 2135 tamen
1517 2082 1574 2133 in
1609 2082 1820 2134 schedia
1862 2079 2136 2149 ingeniose
2178 2079 2315 2132 coni.
2364 2078 2490 2130 lene
2538 2080 2724 2130 incre·-

500 2154 668 2203 itans.
711 2152 868 2218 (bene
917 2153 1062 2204 lenis
1102 2155 1408 2224 crepitans,
1451 2152 1558 2204 vid.
1599 2154 1667 2205 V.
1704 2153 1767 2204 1..
1804 2152 1872 2203 ad
1918 2153 2057 2215 vm,
2102 2152 2226 2208 559.
2271 2178 2340 2189 —
2409 2150 2498 2203 71.
2549 2165 2724 2200 naves

523 2220 655 2272 edic.
698 2225 779 2273 W
775 2220 844 2287 r.)

984 2223 1055 2276 72
1086 2222 1489 2274 Praevelu'mur
1517 2221 1620 2273 duo
1653 2224 1846 2286 Burm„
1881 2221 2034 2274 male.
2105 2232 2290 2271 terrae
2312 2216 2425 2269 aine
2463 2237 2572 2300 qqe
2601 2218 2722 2269 duo.

462 2290 534 2344 73
582 2290 760 2342 medio
800 2290 1004 2343 colitur
1040 2291 1175 2342 Gud.
1218 2308 1334 2343 cum
1389 2291 1567 2342 multi·
1627 2290 1763 2342 aliis.
1835 2292 2000 2343 Porro
2052 2283 2223 2341 Burni.
2255 2288 2311 2340 h.
2346 2287 2382 2338 l.
2420 2297 2478 2337 et
2516 2305 2619 2339 :am
2659 2287 2722 2339 nd

462 2356 611 2410 Ovid.
645 2360 788 2411 Fast.
832 2351 922 2425 vl,
956 2362 1057 2414 177
1098 2361 1341 2411 emendat
1372 2362 1694 2430 gratissima
1725 2359 1931 2424 Delus,

1984 2359 2243 2429 probante
2280 2359 2576 2409 Burmanno
2620 2361 2724 2409 Sea

461 2428 631 2479 cnudo
662 2429 729 2480 ad
756 2428 972 2484 Anthol.
1000 2431 1149 2482 Poet.
1174 2431 1290 2482 Lat.
1319 2449 1371 2499 p.
1407 2430 1543 2494 460,
1578 2429 1729 2482 addit
1756 2430 2033 2482 Schrader.
2061 2427 2356 2480 Emendatt.
2388 2445 2435 2477 c.
2462 2427 2519 2492 3,
2544 2444 2600 2494 p.
2633 2427 2719 2481 39.

460 2497 604 2567 quod
634 2498 709 2550 sic
734 2517 941 2568 quoque
969 2498 1026 2552 in
1049 2499 1156 2551 Ciri
1179 2518 1230 2553 v-
1258 2498 1366 2556 473
1388 2498 1601 2568 legitur.
1670 2501 1741 2553 Et
1764 2499 1929 2552 habet
1950 2517 2077 2552 eane
2107 2516 2212 2569 quo
2244 2497 2463 2567 placeat.
2516 2496 2720 2550 Videa—

456 2677 520 2721 ν.
550 2678 600 2717 c.
631 2657 848 2737 Odyss.
874 2680 919 2734 ι,
955 2657 1058 2722 65.
1097 2660 1200 2722 66.
1286 2654 1544 2739 (Trium,

457 2764 606 2821 quaa
644 2743 896 2819 statuit,
940 2743 1168 2802 mortui
1203 2744 1543 2804 conclama-

457 2829 693 2889 tionum
735 2829 895 2889 hanc
945 2829 1188 2893 tertiam
1227 2829 1408 2888 fuisse
1460 2831 1547 2890 ait

454 2915 793 2976 Markland.
822 2935 857 2972 a
884 2913 1052 2974 lahn.
1079 2913 1244 2975 laud.
1283 2915 1363 2975 ad
1393 2918 1546 2977 Stat.

455 3002 515 3060 S.
561 3001 633 3075 V,
678 3001 722 3076 l,
765 3004 911 3065 227.
1007 3001 1183 3059 Certe
1228 3000 1376 3060 haec
1421 3023 1545 3063 non

455 3085 881 3159 conclamatio,
922 3084 1029 3144 sed
1066 3086 1411 3147 acclamatio
1446 3088 1546 3148 di-

455 3171 647 3229 cenda
687 3180 850 3245 erat3
892 3169 1016 3229 vid.
1054 3169 1125 3228 N.
1175 3172 1254 3230 ad
1295 3171 1443 3233 Aen.
1496 3173 1543 3249 1,

453 3260 602 3320 219.
659 3253 828 3337 Wr.)
937 3254 1124 3329 Quod
1159 3256 1546 3327 Burmannus

452 3344 729 3399 aniaenam
754 3358 866 3419 pro
894 3359 1147 3420 corpore
1177 3343 1273 3400 vel
1301 3341 1544 3404 homine

453 3424 679 3484 dictam
708 3427 826 3501 ait,
865 3447 1228 3505 quamquam
1254 3428 1320 3486 id
1346 3429 1540 3489 inter·

453 3511 630 3581 dum,
676 3512 779 3571 aed
806 3512 871 3572 in
900 3512 1028 3571 aliis
1051 3514 1380 3591 sententiis,
1409 3514 1542 3575 fieri

453 3606 686 3657 certum
720 3606 840 3674 eat,
872 3596 933 3658 h.
963 3598 1003 3658 1.
1030 3600 1364 3660 tamen-vix
1390 3621 1543 3661 con-

451 3683 653 3758 venit3
720 3702 974 3763 corpore
1027 3685 1184 3744 enim
1237 3685 1539 3765 insepulto

451 3778 705 3847 vagatur
749 3769 974 3843 anima,
1045 3771 1281 3850 sepulto
1333 3782 1540 3832 autem

451 3853 614 3913 redit
663 3854 740 3913 ad
795 3856 1056 3933 quietem
1111 3855 1401 3936 sepulcri,
1467 3869 1541 3918 ut

449 3938 600 3999 bene
625 3941 889 4014 Servius,
913 3941 1016 4020 qui
1052 3940 1130 4000 ad
1161 3940 1222 4002 h.
1246 3942 1286 4002 l.
1317 3944 1536 4004 viden-

453 4024 602 4100 dun,
660 4026 785 4087 aive
838 4035 909 4085 ut
965 4025 1338 4103 aliquamdiu
1396 4050 1535 4089 cum

449 4131 702 4191 corpore
747 4112 845 4171 vel
890 4111 1089 4170 cinere
1136 4112 1352 4188 duret,
1410 4115 1538 4176 aive

448 4207 522 4257 ut
545 4197 690 4258 inde
716 4197 849 4257 loca
873 4198 1064 4257 infera
1093 4197 1376 4276 sedesque
1400 4200 1536 4260 Ma-

450 4284 617 4344 nium
658 4283 898 4359 subeat3
967 4303 1109 4342 nam
1165 4304 1375 4363 magna
1423 4307 1533 4346 au-

447 4369 811 4450 perstitionis
835 4368 992 4429 circa
1018 4368 1168 4429 haec
1198 4368 1531 4434 diversitas.

1629 2661 1703 2720 cf.
1729 2659 1807 2718 ad
1833 2657 2052 2718 Tibull.
2081 2656 2181 2733 111,
2208 2661 2269 2731 2,
2304 2656 2404 2721 15.
2487 2656 2718 2714 Αηὶιηα

1631 2766 1771 2826 ergo
1811 2743 2086 2803 condae'tur
2113 2742 2382 2820 sepulcro
2401 2786 2419 2815 ,
2487 2760 2615 2800 non
2653 2745 2717 2799 in

1629 2832 1938 2909 sepulcrm
1997 2827 2133 2903 sed,
2187 2827 2460 2906 sepulcro
2501 2825 2711 2905 sacto,

1631 2916 1940 2997 sepultura
1963 2913 2234 2992 corporis
2260 2921 2519 2992 peracta.

1715 3005 1799 3068 69
1817 3005 2019 3064 —72.
2049 2998 2265 3060 Ornati
2296 3016 2524 3057 versun.
2564 2998 2713 3057 Cum

1628 3088 1892 3168 primum
1948 3086 2198 3145 ineunte
2251 3103 2391 3144 vere
2445 3081 2712 3163 navigan*

1626 3182 1854 3253 posset,
1912 3173 2134 3232 iterum
2187 3188 2372 3229 naves
2422 3188 2713 3229 conscen-

1627 3258 1843 3318 dimus.
1929 3269 2134 3316 auster
2152 3254 2215 3315 h.
2240 3253 2280 3314 l.
2302 3275 2425 3313 non
2451 3253 2713 3336 proprie,

1627 3365 1767 3403 nam
1809 3363 1887 3403 ex
1923 3342 2179 3402 Thracia
2228 3341 2448 3399 evectis
2490 3340 2542 3400 ia
2587 3360 2712 3400 non

1626 3439 1824 3510 potest
1903 3447 2027 3487 esse
2107 3425 2406 3486 secundus
2490 3435 2712 3486 venun

1627 3514 1830 3596 (etiam
1881 3513 2045 3594 apud
2103 3512 2433 3573 Homerum
2483 3509 2711 3593 ἄνεμον

1625 3603 1850 3692 βορέην
1867 3600 2060 3681 Ulyssi
2077 3618 2154 3658 ex
2175 3597 2431 3657 Thracia
2452 3597 2712 3659 solventi

1624 3687 1818 3747 mittit
1844 3686 2072 3765 Iupiter
2098 3684 2314 3763 Odyss.
2340 3707 2384 3760 ι,
2421 3683 2571 3766 67);
2608 3682 2711 3743 aed

1622 3770 1685 3833 h.
1724 3774 1765 3837 l.
1803 3793 1919 3853 pro
1941 3780 2124 3831 vento
2154 3770 2419 3831 omnino.
2444 3803 2536 3816 —
2563 3772 2712 3829 lenis

1622 3862 1957 3938 cupitam,
2007 3877 2066 3917 v.
2094 3856 2163 3916 V.
2189 3856 2253 3916 L.
2349 3857 2537 3915 Venti
2563 3857 2712 3915 datu

1622 3949 1824 4004 maria
1869 3944 2132 4022 placata
2153 3986 2172 4016 ,
2252 3950 2553 4020 quatenus
2598 3941 2711 4023 ipsi

1621 4040 1766 4091 aunt
1789 4031 2070 4108 placati,
2118 4026 2356 4108 placidi.
2401 4025 2557 4108 (vid.
2586 4026 2709 4089 Ed.

1618 4116 1727 4192 lx,
1763 4118 1865 4181 57.
1911 4115 2115 4193 ibique
2145 4122 2280 4177 not.
2346 4115 2454 4174 W
2442 4112 2519 4195 r.)
2592 4127 2710 4173 ter—

1617 4200 2145 4262 rae—recem.-
2188 4199 2265 4259 αῖ.
2294 4199 2405 4260 inf.
2443 4198 2523 4258 ad
2563 4200 2709 4266 411.

1703 4290 1787 4353 73
1819 4320 1894 4333 —
1928 4291 2030 4351 77.
2095 4285 2273 4346 Delu}
2340 4284 2489 4344 olim
2557 4285 2708 4344 mari

1617 4393 1769 4453 vaga
1797 4372 2042 4432 tandem
2070 4372 2229 4433 inter
2261 4371 2536 4452 Gyarum
2568 4370 2707 4450 My-
