2882 5028
382 392 536 462 232
920 378 2094 454 EXCURSUSVII

384 574 445 632 It
498 591 663 630 mare
695 581 1054 649 promptum
1072 614 1090 645 ,
1173 582 1230 628 ee
1262 570 1494 648 pelago
1524 572 1752 649 premit
1776 576 1779 579 ’
1801 589 1954 628 arva
2003 572 2265 627 sonanti.
2360 569 2629 629 Primum

382 676 593 718 versus
624 655 723 733 hi,
766 654 908 715 licet
949 654 1288 734 pulcerrimi
1305 698 1323 731 ‚
1383 674 1523 715 cum
1571 664 1773 716 tamen
1812 674 1939 713 non
1976 663 2156 734 poeta
2198 653 2365 713 ⁴haec
2404 666 2628 731 narret,

383 743 480 803 cui
517 751 800 801 ornatum
827 741 1045 800 sectari
1079 741 1223 799 licet
1235 784 1254 817 ‚
1296 759 1513 800 verum
1544 761 1623 801 ex
1661 739 1908 801 Veneris
1940 759 2195 820 persona
2235 741 2367 801 lovi
2395 742 2630 821 suppli-

382 828 574 888 cantis
600 828 1102 907 pronuntientur,
1147 827 1340 885 alieno
1378 827 1516 887 loco
1545 826 1780 887 Timavi
1824 825 2284 905 descriptionem
2317 827 2633 887 intrudere

383 912 577 976 videri
603 913 852 986 debean
894 912 1061 992 quod
1095 913 1216 971 iam
1242 912 1496 972 Ursinus
1540 923 1703 973 recte
1743 912 1932 987 vidit,
1978 912 2083 991 qui
2115 912 2288 972 simili
2332 912 2466 973 loco
2491 913 2631 973 Ho-

382 999 533 1059 meri
564 999 779 1078 Odyss.
808 1001 865 1075 ὃ,
907 1001 1032 1063 708
1058 1016 1346 1058 excusare
1377 1018 1505 1059 rem
1534 999 1688 1060 velle
1716 997 1979 1058 videtur.
2064 997 2164 1056 Fit
2206 1017 2348 1058 sane
2382 1000 2632 1059 omnino

381 1085 499 1146 hoc
526 1085 1014 1164 gravissimorum
1050 1086 1364 1164 poetarum
1388 1105 1557 1144 more
1587 1095 1649 1144 et
1674 1084 1947 1164 exemplo
1964 1127 1982 1159 ,
2024 1088 2098 1142 ut
2127 1084 2339 1160 etiam,
2382 1085 2632 1164 quando

382 1191 461 1231 ex
489 1171 678 1231 aliena
703 1191 958 1250 persona
1003 1171 1197 1230 oratio
1238 1169 1345 1246 fit,
1388 1181 1644 1231 ornatus
1674 1170 1879 1229 idonei
1917 1169 2169 1230 materia
2189 1214 2205 1244 ,
2248 1191 2369 1249 qua
2403 1171 2633 1230 variari

337 1282 350 1301 ¹
383 1257 584 1316 oratio
616 1266 679 1316 et
717 1256 1001 1316 delectari
1034 1256 1282 1335 legentis
1328 1256 1563 1316 animus
1602 1256 1818 1337 possit,
1876 1275 2001 1314 non
2045 1255 2392 1315 dimittatur
2428 1257 2633 1316 mani-

380 1343 495 1402 bus
507 1363 527 1419 ;
569 1363 708 1403 cum
743 1342 1152 1403 delectationis
1179 1343 1372 1403 maior
1400 1342 1480 1402 sit
1517 1342 1674 1423 ratio
1705 1340 2004 1417 habenda,
2046 1361 2229 1420 quam
2263 1342 2471 1402 iudicii
2494 1343 2633 1401 ani-

381 1448 617 1489 morum
647 1429 859 1489 sedati.
944 1428 1147 1489 Potuit
1165 1427 1318 1488 adeo
1352 1428 1577 1489 fluvius
1603 1427 1704 1487 ille
1719 1471 1735 1504 ,
1778 1428 1957 1486 etiam'
1977 1425 2041 1485 in
2066 1427 2314 1487 Veneris
2336 1429 2631 1505 oratione,

283 1588 288 1593 .
380 1514 582 1575 verbis
607 1514 843 1591 ornari,
884 1514 1155 1594 inprimis
1186 1535 1324 1574 cum
1353 1514 1481 1574 eius
1510 1524 1758 1590 natura,
1801 1513 1883 1572 ad
1914 1512 2080 1572 hunc
2119 1513 2368 1574 modum
2396 1514 2633 1573 descri—

380 1609 511 1680 pta.-
562 1600 719 1659 unde
751 1622 872 1679 per
899 1623 1006 1659 ora
1033 1621 1347 1681 novem÷=
1367 1602 1430 1661 lt
1455 1622 1621 1660 mare
1648 1611 2038 1679 proruptum,
2088 1597 2167 1657 sd
2211 1600 2639 1679 amplificatio-

383 1706 519 1745 nem
544 1685 994 1766 periculorum,
1029 1705 1183 1766 quae
1206 1694 1406 1746 tamen
1447 1687 1523 1745 ab
1555 1684 1863 1745 Antenore
1894 1693 2177 1764 superata
2213 1696 2385 1760 sunt,
2434 1687 2639 1745 facere

380 1772 628 1851 possint.
670 1772 933 1831 Tametsi
956 1774 1114 1832 forte
1140 1770 1307 1832 hunc
1330 1773 1398 1831 in
1429 1771 1680 1837 modum
1708 1770 1985 1832 excusari
2013 1790 2226 1830 versus
2252 1770 2378 1837 245
2411 1781 2473 1831 et
2502 1772 2637 1837 246

380 1868 666 1937 possunt,
707 1859 876 1917 nullo
903 1868 1107 1918 tamen
1127 1858 1309 1917 modo
1333 1858 1592 1938 probare
1621 1877 1685 1917 se
1710 1866 1967 1938 possunt
1991 1855 2441 1936 iudiciopaullo
2478 1878 2636 1916 acu-

380 1943 553 2020 tiori;
597 1953 659 2003 et
687 1954 861 2003 erant
875 1943 960 2003 illi
989 1941 1155 2003 haud
1188 1942 1371 2003 dubie
1392 1944 1553 2003 inter
1573 1963 1693 2022 eos,
1716 1963 1873 2023 quos
1884 1942 2161 2004 sublatos
2179 1942 2455 2022 Virgilius
2476 1944 2637 2001 mal-

380 2028 485 2089 let.
568 2029 995 2108 Improbarunt
1021 2029 1137 2089 hos
1180 2048 1389 2089 versus
1431 2039 1494 2088 et
1528 2029 1655 2106 alii,
1700 2039 1761 2088 et
1781 2030 1897 2089 lac.
1930 2029 2178 2109 Bryant.
2206 2028 2278 2088 V.
2316 2029 2382 2091 C.
2469 2028 2639 2103 Qui-

381 2113 494 2173 bus
535 2124 736 2174 autem
767 2116 831 2175 in
870 2116 1049 2176 terris
1088 2115 1317 2175 fluvius
1352 2115 1456 2175 ille
1485 2115 1865 2195 quaerendus
1906 2115 2014 2189 sit,
2079 2135 2292 2194 magna
2323 2114 2442 2174 fuit
2466 2115 2641 2174 inter

380 2200 547 2259 viros
584 2200 794 2260 doctos
831 2202 1258 2261 controversia.
1344 2202 1409 2260 Si
1448 2202 1608 2261 enim
1648 2211 1832 2261 notus
1866 2199 1966 2259 ille
2003 2200 2217 2260 Istriae
2258 2200 2481 2259 fluvius
2523 2210 2639 2276 est,

382 2285 529 2364 quid
552 2286 650 2345 ille
680 2302 817 2345 cum
846 2287 1095 2348 Patavio
1121 2307 1437 2347 commune
1466 2287 1689 2347 habere
1704 2294 1925 2368 potest,
1952 2295 2023 2345 ut
2052 2306 2112 2346 v.
2130 2286 2404 2350 2471150
2428 2298 2645 2345 tamen

381 2372 484 2429 ille
513 2370 713 2430 urbem
735 2375 976 2432 Patavi
1007 2407 1091 2420 —-
1119 2374 1392 2433 locavit?
1452 2372 1585 2456 (sed
1614 2394 1672 2434 v.
1716 2373 1796 2432 ad
1836 2391 1887 2431 e.
1929 2369 2036 2454 v.).
2123 2371 2386 2430 Maluere
2425 2372 2642 2451 itaque

381 2456 482 2516 alii
516 2458 738 2518 referre
761 2457 841 2518 ad
870 2458 1223 2519 Meduacum
1264 2479 1309 2520 s.
1347 2459 1664 2535 Brentam,
1723 2457 2001 2520 nonnulli
2050 2457 2200 2518 adeo
2246 2457 2325 2517 ad
2366 2458 2641 2536 Padum3

382 2563 534 2622 quos
567 2544 699 2623 ipsa
744 2563 840 2603 res
879 2546 1096 2604 refellit
1131 2555 1194 2604 et
1244 2545 1483 2605 Paullus
1529 2545 1764 2606 Pincius
1807 2565 1944 2604 cum
1989 2545 2120 2603 aliis
2162 2544 2351 2603 doctis
2394 2544 2545 2603 viris
2598 2566 2642 2603 a

379 2629 724 2689 Burmanno
762 2632 948 2710 praef.
976 2631 1144 2691 Tom.
1178 2630 1277 2690 vl.
1304 2629 1479 2691 Thes.
1506 2632 1638 2690 Ital.
1668 2630 2010 2691 nominatis.
2094 2631 2157 2689 Si
2191 2639 2393 2689 tamen
2420 2630 2642 2688 Tima-

377 2734 494 2777 vus
518 2715 727 2775 Istriae
752 2716 977 2776 fluvius
1007 2726 1125 2792 est,
1172 2716 1805 2777 difficultates‘contra
1842 2715 1955 2775 hos
1983 2734 2194 2776 versus
2220 2715 2319 2775 vel
2343 2714 2457 2789 sic,
2505 2737 2642 2776 non

378 2801 666 2874 Catroeus
714 2803 975 2882 primus,
1042 2802 1145 2862 sed
1193 2803 1377 2863 multi
1425 2812 1567 2863 ante
1612 2821 1750 2863 eum
1801 2803 1921 2862 viri
1962 2801 2123 2860 docti
2184 2798 2268 2884 (v.
2314 2823 2363 2861 c.
2406 2802 2640 2885 Cerda)

377 2897 729 2964 moverunt,
813 2890 916 2968 qui
966 2888 1285 2948 Timavum
1340 2899 1449 2948 aut
1486 2890 1663 2969 plane
1707 2888 1972 2962 nullum,
2035 2897 2140 2946 aut
2180 2887 2390 2962 huius,
2448 2908 2644 2965 quem

378 2982 556 3051 poeta
597 2982 838 3049 narrat,
883 2973 1212 3034 admodum
1257 2996 1421 3034 nunc
1465 2975 1708 3053 quidem
1749 2974 2094 3033 dissimilem
2133 2993 2257 3032 esse
2297 2974 2644 3033 contende-

376 3067 532 3118 rent.
616 3059 737 3118 Sed
768 3053 1030 3137 flustra3
1071 3081 1210 3119 nam
1249 3060 1564 3120 Strabonis
1601 3060 1708 3121 lib.
1741 3060 1814 3134 V,
1858 3080 1917 3139 p.
1955 3057 2101 3123 214.
2143 3060 2298 3135 215,
2343 3069 2405 3119 et
2442 3059 2643 3119 Melae

376 3144 705 3203 auctoritas
736 3155 974 3224 poetam
1010 3143 1314 3219 defendit,
1371 3156 1446 3206 ut
1477 3146 1709 3206 Timavi
1746 3145 1885 3205 olim
1915 3147 2094 3205 istam
2131 3154 2416 3204 naturam
2448 3145 2643 3204 fuisse

377 3228 645 3288 dubitari
666 3240 943 3308 nequeat.
1031 3231 1270 3290 Scilicet
1293 3230 1452 3290 inter
1480 3230 1812 3311 Aquileiam
1858 3240 1920 3290 et
1945 3231 2255 3309 Tergeste,
2297 3230 2361 3290 in
2395 3233 2642 3290 Carno-

374 3335 514 3374 rum
551 3314 802 3391 finibus,
848 3314 1010 3395 apud
1041 3315 1242 3375 vicum
1277 3318 1336 3375 S.
1379 3317 1647 3393 Ioannis,
1709 3338 1832 3376 non
1864 3317 2037 3396 longe
2078 3337 2113 3374 a
2149 3318 2394 3376 castello
2434 3317 2640 3377 Duiuo

377 3397 701 3481 (Ίξγινείη),
745 3403 846 3478 qui
878 3409 1048 3460 totus
1086 3409 1320 3460 tractus
1359 3393 1574 3462 saxeus
1603 3413 1666 3463 et
1704 3403 2052 3481 scopulosus
2103 3411 2192 3463 est
2221 3399 2392 3484 (sunt
2427 3412 2638 3464 autem

372 3494 611 3545 montes
633 3486 868 3545 calcarii
885 3483 992 3567 *)),
1010 3487 1348 3574 complures
1374 3487 1762 3568 ingentesque
1789 3490 1950 3548 inter
1975 3489 2220 3569 rupium
2249 3499 2424 3548 antra
2442 3510 2641 3567 aqua-

372 3589 513 3631 rum
545 3572 743 3631 fontes
782 3571 1139 3652 prosiliunt:
1195 3593 1456 3652 quorum
1502 3575 1854 3653 praecipuos
1890 3593 1998 3633 sex
2020 3575 2378 3634 numerabat
2409 3575 2642 3635 Cluve-

315 3651 320 3660 ’
372 3657 542 3732 vius,
585 3658 688 3736 qui
718 3655 868 3716 haec
896 3657 1029 3717 loca
1065 3658 1217 3718 adiit
1246 3669 1307 3717 et
1340 3660 1573 3739 singula
1611 3670 1890 3720 accurate
1933 3661 2274 3740 exploravit
2322 3657 2408 3742 (v.
2440 3662 2643 3720 Italia

372 3753 502 3800 ant.
539 3762 599 3821 p.
638 3741 804 3824 192),
849 3763 963 3803 nec
993 3744 1195 3825 plures
1243 3747 1314 3805 V
1302 3747 1579 3822 alvasor,
1625 3765 1803 3825 quem
1837 3766 1976 3804 cum
2025 3765 2095 3805 eo
2133 3748 2641 3828 comparavimus,

373 3827 438 3886 in
476 3826 723 3886 &ahda
748 3828 816 3888 T.
841 3830 888 3903 1,
932 3849 990 3908 p.
1018 3834 1148 3896 272
1176 3850 1303 3908 sqq.
1333 3835 1465 3896 612
1486 3852 1613 3910 sqq.
1699 3831 1939 3894 Scilicet
1966 3852 2079 3911 pro
2107 3833 2250 3892 anni
2277 3843 2643 3912 tempestate

373 3912 578 3992 plures
604 3914 993 3993 paucioresve
1032 3924 1204 3988 sunt,
1248 3916 1332 3975 ita
1373 3926 1448 3976 ut
1487 3916 1669 3976 modo
1712 3927 1938 3996 septem
1979 3917 2160 3977 modo
2191 3938 2408 3978 novem
2438 3921 2643 3978 sontes

373 4007 772 4059 numerentur
834 3997 1012 4080 (teste
1065 4001 1363 4060 Linlzarto
1421 4003 1676 4062 historia
1730 4004 2011 4062 aniame
2055 4024 2115 4084 p.
2163 4008 2264 4068 66.
2295 4001 2383 4086 **)
2402 4002 2446 4085 ).
2553 4003 2640 4063 Hi

513 4234 556 4302 ⁹)
604 4237 672 4287 V.
718 4239 922 4289 stanc-
977 4238 1246 4292 Griseliru'
1291 4241 1520 4292 laecum
1570 4240 1667 4292 nel
1720 4239 1991 4292 Giomale
2055 4240 2323 4293 d'lcalia.
2381 4240 2487 4292 To.
2536 4240 2640 4302 xl,

382 4327 432 4375 P·
472 4308 590 4443 ιέοὸ)
614 4378 760 4429 Unus
792 4393 856 4428 ex
882 4374 967 4427 hi·
1001 4374 1238 4428 fontibus
1270 4375 1368 4428 sub
1397 4376 1634 4430 castello-
1655 4378 1822 4430 Duino
1853 4377 2117 4446 insignior
2157 4387 2238 4431 est
2278 4377 2493 4431 ceteris.
2529 4377 2637 4429 vid.

374 4442 589 4500 erubet
614 4443 800 4519 Bn‘ese
821 4441 957 4500 iiber
982 4445 1177 4513 bain,
1200 4444 1435 4502 vindob.
1466 4447 1618 4505 1781.
1653 4468 1707 4519 p.
1732 4448 1850 4506 156.
1881 4468 1926 4501 c.
1962 4448 2074 4501 tab.
