2882 5028
768 332 963 407 AD
1063 331 1721 409 LIBRUM
1821 334 1914 408 11
2327 316 2577 418 42'5'

205 524 458 601 giarium
489 523 909 582 Thimarum
928 566 947 599 ,
990 520 1211 601 quippe
1249 542 1403 600 quae
1437 523 1601 583 inter
1636 523 2078 604 antiquissimae
2098 525 2285 604 suere,
2328 531 2484 588 eim-
2511 585 2516 588 .

197 609 455 687 plicita-³
494 607 704 667 suerit.
793 608 933 668 Suis
973 625 1116 667 eane
1158 609 1504 670 nominibus
1519 654 1538 687 ,
1595 608 1717 670 hoe
1749 620 1851 670 eat
1904 610 2177 688 Graecis,
2233 615 2482 674 numina

207 693 616 753 Troianorum
645 692 824 752 effert
852 693 1180 753 Homerus:
1222 694 1394 754 facile
1421 705 1626 755 tamen
1656 695 1738 756 ad
1763 697 2196 758 elementorum
2228 708 2484 760 naturae

202 798 433 860 genera
473 788 539 839 et
574 779 810 838 formae
849 778 990 840 deos
1025 777 1163 840 illoa
1197 799 1464 842 revoces.
1549 781 1874 843 colebatur
1918 782 1984 842 in
2032 802 2172 843 arce
2202 783 2484 846 Minerva

207 874 273 926 et
312 863 585 944 Apollo.-
647 863 819 924 Iliad.
861 868 909 940 ζ,
954 868 1062 930 88.
1118 888 1166 938 ε,
1209 865 1359 942 446,
1405 866 1621 942 Quint.
1664 871 1904 948 Smyrn.
1950 868 2126 944 xm,
2171 869 2296 934 433
2336 889 2482 950 sqq„

207 953 456 1029 Iupiter
501 951 574 1010 in
615 950 727 1010 Ida
764 951 1096 1011 sacrarium
1134 949 1428 1029 habebat,
1484 952 1740 1013 alterum
1780 954 1843 1014 in
1892 955 2191 1035 acropoli:
2231 956 2399 1016 Iliad.
2431 980 2485 1037 χ,

213 1041 363 1111 171,
407 1040 474 1111 2,
518 1036 639 1095 alia
675 1036 883 1117 religio
931 1039 1213 1116 Neptuni
1248 1048 1399 1099 erat.
1506 1040 1655 1099 Cum
1709 1038 1804 1100 his
1847 1042 2115 1099 Penates
2138 1060 2171 1099 e
2198 1041 2484 1121 religione

206 1121 472 1198 antiqua
499 1121 975 1183 Samothracica.
1063 1124 1390 1184 Commode
1419 1124 1517 1184 hie
1552 1125 1902 1202 numinibus
1928 1134 1991 1184 et
2033 1126 2216 1185 sacris
2252 1147 2484 1188 memo--

204 1207 428 1267 randis
463 1221 615 1268 usu·
655 1218 749 1268 eat
791 1208 995 1270 Maro:
1050 1208 1103 1269 E
1151 1211 1377 1291 templo
1426 1212 1723 1272 Palladis
1757 1210 2089 1271 Palladium
2129 1223 2375 1292 raptum
2409 1214 2482 1289 11,

212 1293 343 1360 165
370 1312 465 1372 aq.
496 1313 578 1354 ex
605 1293 778 1354 Iliad.
810 1298 857 1371 ζ,
878 1299 1026 1371 297,
1071 1305 1135 1355 et
1160 1296 1227 1355 in
1248 1296 1411 1356 idem
1435 1316 1658 1377 pompa
1682 1317 1822 1358 cum
1847 1297 2026 1379 peplo
2057 1297 2239 1358 dueta
2266 1299 2311 1375 1,
2355 1301 2483 1365 479

209 1399 303 1457 aq.
348 1378 545 1440 Aliud
575 1379 834 1440 Palladia
863 1380 1156 1461 templum
1185 1382 1251 1442 in
1288 1383 1443 1442 urbe
1485 1382 1637 1443 fuit:
1698 1403 1731 1443 e
1759 1403 1880 1462 quo
1914 1382 2308 1444 cassandram
2343 1384 2483 1444 abe-

208 1463 381 1524 trahi
407 1467 629 1527 vident
654 1465 903 1526 Troiani
927 1467 1000 1543 Π,
1041 1465 1192 1532 404.
1233 1465 1381 1545 425,
1440 1488 1583 1528 nam
1624 1469 1701 1529 ab
1736 1468 1857 1528 hoc
1886 1468 1967 1528 ad
1997 1488 2196 1529 arcam
2224 1480 2485 1550 pergunt

207 1547 450 1611 amm
476 1562 542 1611 et
565 1552 714 1612 nodi
742 1551 889 1617 437.
944 1554 1170 1632 Apollo
1197 1552 1561 1635 Thymbrae,
1606 1564 1668 1615 et
1696 1553 1991 1615 Sminthei
2015 1555 2254 1615 nomine
2283 1555 2485 1637 Chry-

208 1655 351 1713 aaa,
394 1645 533 1699 tum
559 1637 783 1720 inipaa
810 1657 975 1715 arce,
1014 1639 1336 1719 Pergamo,
1379 1641 1602 1722 templa
1633 1639 1878 1701 habuit:
1919 1640 2085 1702 unde
2127 1642 2253 1702 eius
2279 1662 2483 1702 sacer-

209 1721 329 1784 do·
362 1722 646 1785 Panthu»
684 1723 773 1800 11,
836 1727 963 1789 318
1006 1728 1167 1785 arab
1207 1726 1562 1807 Phoebique
1600 1729 1899 1787 sacerdoe.
1962 1726 2103 1787 add.
2153 1726 2299 1793 429.
2336 1726 2482 1792 430.

207 1808 486 1887 Apollini
531 1830 673 1870 cum
712 1810 995 1891 Neptuno
1041 1830 1212 1871 sacra
1253 1812 1395 1872 facit
1435 1812 1668 1872 Aeneae
1701 1812 1803 1889 111,
1867 1816 1988 1878 119
2031 1822 2340 1891 tamquam
2370 1812 2485 1874 diis

209 1896 454 1976 patriis.
541 1895 787 1957 Scilicet
830 1896 932 1956 ille
974 1896 1193 1957 Troiae
1230 1899 1424 1960 tutela
1457 1910 1521 1959 et
1556 1916 1794 1979 praeses
1825 1896 2004 1958 deus:
2046 1899 2147 1975 vl,
2191 1901 2294 1965 56.
2341 1900 2484 1958 Ne-

200 1985 395 2060 ptuni
422 1981 710 2042 noel-doe
732 1983 1010 2042 Laocoon
1052 2003 1220 2043 sacra
1254 2003 1331 2043 ex
1358 1985 1611 2063 antiquo
1637 2003 1808 2045 more
1845 1984 1924 2043 ad
1957 1984 2129 2045 littus
2161 1985 2380 2045 faciens
2408 1985 2482 2060 11,

210 2071 362 2132 wi.
410 2068 630 2148 beele
668 2086 700 2127 a
735 2069 910 2128 Creta
945 2070 1207 2150 repetita
1234 2069 1338 2144 111,
1393 2074 1514 2137 111
1546 2070 1792 2151 proprie
1822 2070 1904 2128 ad
1939 2069 2203 2150 Phrygea
2241 2080 2484 2152 epecta-¹

210 2152 347 2212 bat:
389 2155 463 2214 in
507 2154 618 2214 [da
668 2155 787 2215 coli
836 2154 1044 2215 aolita:
1099 2156 1208 2231 lx,
1252 2159 1337 2221 80
1379 2176 1467 2234 eq.
1521 2157 1614 2233 X,
1659 2160 1789 2223 252
1830 2176 1916 2234 aq.
2010 2159 2260 2218 Vestam
2313 2157 2485 2216 addit

212 2238 522 2318 Virgilius,
569 2240 666 2316 (11,
692 2241 841 2315 667,
878 2238 983 2300 ubi
1030 2243 1338 2300 Helenam
1366 2242 1587 2302 limina
1618 2244 1692 2303 V
1683 2255 1845 2302 eatae
1879 2254 2209 2301 servantem
2248 2263 2482 2303 memo-

213 2334 343 2402 ταῖς
387 2335 457 2386 et
484 2326 561 2401 11,
604 2329 750 2392 296.
794 2330 857 2403 7,
896 2325 1002 2387 ubi
1026 2323 1308 2387 Hectoris
1330 2326 1560 2386 Umbra
1585 2327 1717 2388 visa
1763 2336 1856 2387 est
1890 2327 2099 2388 efferre
2138 2328 2337 2408 adytist
2365 2350 2482 2407 pe-

212 2412 551 2471 netralibus
586 2410 832 2471 Vestam
877 2422 942 2471 et
965 2412 1167 2492 Ignem
1203 2433 1473 2491 sacrum3
1515 2431 1669 2491 quae
1693 2413 1800 2474 vix
1836 2414 2007 2473 aliter
2041 2432 2220 2492 quam
2248 2414 2323 2474 de
2357 2415 2483 2473 Ve-

210 2506 340 2557 stae
385 2498 543 2558 aede
583 2497 770 2579 accipi
805 2497 1084 2583 possunt)
1144 2499 1345 2559 nescio
1393 2520 1471 2559 an
1503 2499 1578 2559 de
1616 2521 1761 2578 auo;
1818 2499 1866 2559 ai
1907 2500 2328 2561 auctoritatem
2362 2499 2481 2560 ha-

210 2584 380 2661 buit,
429 2585 515 2644 ad
559 2583 861 2663 Phrygum
886 2585 1268 2664 religionem,
1327 2589 1601 2645 Matrem
1639 2587 1853 2661 deum,
1917 2595 2182 2667 spectare
2215 2587 2319 2646 illa
2365 2607 2483 2666 po-

213 2672 364 2749 tuit3
415 2671 537 2730 nisi
584 2669 954 2750 probabilius
983 2671 1088 2746 fit,
1129 2671 1292 2731 hanc
1324 2671 1387 2730 in
1430 2674 1502 2732 V
1496 2693 1661 2730 encre
1700 2673 1922 2746 latere,
1966 2691 2147 2749 quam
2185 2672 2484 2732 Homerus

214 2756 373 2817 inter
408 2755 669 2817 numina
692 2756 966 2816 Troianis
1012 2757 1321 2817 studentia
1345 2758 1592 2833 retulit,
1636 2758 1745 2816 etsi
1787 2759 1902 2817 alia
1933 2759 2060 2816 eius
2097 2758 2239 2818 deae
2276 2758 2483 2837 religio

224 2841 435 2902 Troiae
459 2862 592 2903 non
632 2842 919 2902 occurrit.
974 2843 1223 2907 Veneria
1247 2853 1452 2904 tamen
1484 2843 1775 2923 templum
1810 2843 1871 2901 in
1916 2863 2052 2903 aree
2079 2843 2347 2903 effictum
2384 2844 2484 2904 vi-

233 2926 342 2986 deo
375 2929 436 2988 in
478 2927 715 2987 Tabula
763 2928 940 2987 Iliaca
987 2949 1048 2988 n.
1096 2933 1236 2994 107.
1326 2930 1406 2989 At
1445 2929 1691 2989 Veneria
1741 2928 1808 2992 ἐν
1858 2923 2098 3007 Τρωάδι
2137 2930 2369 3008 signum
2418 2930 2483 2989 in

224 3010 423 3075 Muaeo
451 3014 716 3095 Capitol.
748 3014 918 3074 Tom.
959 3014 1057 3075 1v.
1084 3036 1143 3095 p.
1176 3014 1301 3079 358
1333 3036 1456 3074 non
1485 3015 1637 3074 bene
1673 3014 1750 3074 ad
1795 3024 2062 3074 veterem
2096 3014 2338 3074 Troiam
2379 3035 2485 3074 re-

218 3100 447 3178 sena-3
490 3109 589 3160 est
615 3099 771 3160 enim
806 3098 1209 3162 Alexandriae
1241 3101 1515 3161 Troadis.
1600 3102 1854 3160 Iunonis
1894 3119 2135 3179 quoque
2177 3100 2347 3161 Maro
2388 3103 2486 3159 fe-

214 3187 614 3267 cittemplum
641 3186 704 3246 in
722 3206 860 3247 arce
881 3187 957 3263 ΙΙ,
987 3190 1134 3263 761,
1158 3196 1219 3245 et
1254 3188 1484 3246 Cereris
1511 3186 1796 3247 sacellum
1823 3197 1966 3247 ante
1993 3188 2205 3247 urbem
2233 3187 2307 3264 11,
2325 3187 2485 3266 7143

210 3272 364 3334 haec
404 3274 577 3335 forte
612 3271 689 3333 de
731 3268 905 3351 auo&
928 3292 1070 3332 nam
1107 3273 1175 3334 in
1198 3272 1467 3333 Homero
1495 3282 1828 3334 memorata
1852 3293 1976 3334 non
2007 3272 2271 3334 memini.
2325 3341 2332 3349 ,

385 3445 550 3505 Cum
575 3452 781 3504 autem
812 3444 1066 3505 Romani
1095 3451 1160 3502 et
1186 3444 1301 3523 ipsi
1331 3443 1565 3520 lovem,
1608 3444 1899 3504 Iunonem
1940 3454 2004 3505 et
2025 3442 2328 3505 Palladem
2350 3488 2367 3519 ‚
2423 3445 2488 3504 in

211 3550 355 3593 arce
386 3531 665 3591 colerent
691 3539 1003 3608 tamquam
1037 3530 1182 3589 deos
1222 3530 1459 3610 imperii
1504 3530 1840 3610 praesides,
1902 3531 2147 3591 voluere
2173 3530 2488 3591 interdum

207 3629 431 3698 poetae
459 3626 528 3677 et
555 3616 671 3677 hos
708 3635 741 3674 e
772 3616 954 3677 Troia
985 3616 1239 3675 Romam
1266 3616 1586 3676 traductos
1627 3613 1856 3676 haberi.
1942 3617 2009 3677 In
2038 3616 2486 3683 conditionibus

210 3722 460 3782 quoque
488 3703 658 3783 pacis
685 3704 848 3763 inter
885 3701 1129 3762 Latinos
1170 3712 1235 3762 et
1269 3702 1562 3762 Troianos
1600 3701 1864 3762 habetur
1901 3700 2021 3762 hoc
2038 3747 2056 3779 ,
2113 3703 2280 3783 quod
2317 3723 2488 3762 sacra

210 3790 483 3851 Troiana
520 3789 908 3869 recipiuntur
935 3809 971 3847 a
996 3787 1252 3847 Latinis:
1294 3787 1432 3863 XII,
1480 3792 1606 3854 192
1647 3808 1825 3848 saera
1867 3787 2128 3871 deosque
2174 3789 2366 3867 dabo,
2424 3797 2490 3849 et

214 3879 344 3942 836
369 3896 601 3935 mov-em
628 3878 897 3956 n'tusque
920 3894 1227 3934 eaor-onam
1255 3874 1573 3933 adia-iam.

385 4048 672 4107 Geta-um
713 4044 887 4106 haud
933 4064 1150 4106 vereor
1185 4064 1546 4124 quemquam
1587 4046 1748 4119 sore,
1808 4045 1914 4121 qui
1957 4063 2049 4104 me
2092 4044 2489 4107 calumnietur

220 4139 340 4191 tam
370 4135 612 4194 fatuum
643 4141 707 4192 et
731 4132 1006 4211 ineptum
1045 4149 1189 4204 ease,
1231 4139 1306 4190 ut
1342 4129 1494 4190 haec
1524 4131 1772 4210 antiqua
1810 4130 1933 4190 fide
1961 4129 2346 4191 historiarum
2373 4130 2489 4190 niti

218 4219 584 4298 existimem3
627 4219 776 4278 eatis
806 4216 997 4293 enim,
1042 4217 1139 4276 vel
1170 4235 1266 4275 me
1295 4236 1418 4276 non
1460 4216 1820 4298 profitente,
1863 4236 1939 4275 ex
1976 4217 2326 4278 narratione
2357 4234 2488 4275 mea

217 4316 496 4387 apparet,
539 4325 639 4367 me
668 4312 999 4385 poetarum
1036 4312 1407 4378 commenta,
1453 4303 1528 4362 ab
1559 4304 1803 4383 antiqua
1843 4303 2042 4382 aliqua
2084 4303 2242 4361 sama
2283 4302 2488 4377 ducta,

212 4394 413 4456 multi·
444 4392 648 4455 modin
676 4390 920 4453 deflexa
942 4398 1003 4449 et
1031 4397 1267 4467 ornata,
1293 4408 1419 4450 una
1437 4390 1558 4450 tela
1590 4398 1913 4451 contexere
1940 4388 2225 4449 voluisse:
2269 4386 2491 4469 quippe

1763 4728 1786 4761 R
