2882 5028
638 342 820 412 AD
923 290 1560 415 LlssRUM
1651 343 1791 416 111
2187 352 2338 427 585

138 546 299 604 quum
324 537 457 586 ante
481 529 683 589 oculos
720 529 964 605 habuit,
1006 530 1107 608 qui
1136 550 1298 590 nunc
1327 529 1635 590 intercidit
1646 554 1664 607 3
1707 543 1768 592 et
1796 533 1960 593 varic
1997 533 2116 594 boc
2156 557 2339 616 argu-

134 622 373 672 mentum
416 614 591 675 fuisse
638 625 1000 689 tractatum,
1054 635 1131 673 ex
1171 616 1471 695 Euripidis
1544 618 1743 677 Oreste
1785 628 1845 677 et
1883 620 2334 698 Andromacha,

136 718 291 775 quam
346 701 563 760 Ennius
616 701 680 760 in
726 701 1158 778 Andmmaclta
1207 702 1391 760 latine
1437 711 1737 778 verterat,
1797 704 1911 762 alia
1951 706 2065 764 suit
2099 709 2341 765 Andro-

135 784 321 842 mache
345 788 407 844 in
434 788 757 862 Molossis,
805 807 987 867 porro
1015 806 1090 845 ex
1128 786 1403 860 Pindari,
1449 789 1789 864 Strabonis,
1833 791 2157 850 Pausaniae
2190 793 2341 853 alio-

135 888 358 948 rumque
390 872 531 931 locis
579 885 841 952 apparet.
925 871 1235 951 Polygnoti
1283 872 1524 931 tabulae
1562 874 1626 932 in
1668 874 1883 934 [aesche
1926 876 2205 955 Delphica
2247 899 2340 958 ap.

137 954 353 1016 Pausan.
381 959 458 1032 X,
486 958 585 1024 25.
615 964 715 1022 26.
749 980 824 1017 an
867 958 943 1016 ad
987 958 1356 1036 Neoptolemi
1397 959 1742 1022 memoriam
1789 961 2162 1020 recolendam
2206 984 2341 1043 spe-

136 1043 359 1119 ctarint,
405 1063 480 1102 ex
505 1043 635 1122 ipso
667 1063 870 1103 earum
899 1052 1253 1120 argumento
1284 1044 1515 1121 assequi·
1543 1045 1780 1104 difficile
1811 1056 1917 1106 est.
2004 1047 2185 1120 Quod
2229 1069 2340 1107 au-

137 1134 237 1184 tem
262 1130 344 1187 ad
369 1151 544 1187 aram
573 1131 800 1188 occisus
830 1140 917 1189 est
942 1129 1362 1208 Neoptolemus
1384 1173 1402 1204 ,
1462 1130 1522 1188 in
1566 1131 1904 1210 religionem
1955 1152 2195 1192 versum
2234 1143 2341 1210 est,

133 1221 192 1270 ut
214 1214 459 1273 evenisse
483 1214 549 1273 id
580 1215 888 1275 videretur
917 1215 993 1274 ad
1024 1214 1418 1274 ulciscendam
1460 1216 1680 1275 Priami
1723 1217 1960 1276 caedem
2005 1238 2038 1275 a
2075 1219 2342 1298 Neopto-

134 1296 263 1359 lemo
286 1309 418 1360 ante
449 1321 615 1361 aram
646 1300 801 1361 lovis
831 1301 1046 1361 Hercei
1073 1301 1308 1359 saetam.
1350 1302 1421 1360 cf.
1449 1302 1498 1359 T
1499 1301 1778 1382 ryphiod.
1805 1305 1931 1369 638
1961 1323 2046 1380 sq.

1041 1566 1455 1576 ————-——

616 1753 1467 1844 EXCURSUS
1574 1754 1834 1843 XIII

192 1899 298 1966 De
352 1908 881 1995 cognatione
933 1911 1165 1977 inter
1217 1910 1643 1998 Epirotas
1701 1918 1778 1974 et
1831 1903 2272 1972 Romanos.

276 2059 368 2136 ΙΙΙ,
397 2062 782 2145 500—505.
828 2066 1082 2143 Aeneas,
1116 2067 1220 2125 ubi
1245 2064 1313 2125 in
1341 2064 1507 2124 Italia
1533 2064 1699 2122 sedes
1728 2072 1920 2122 certas
1960 2073 2170 2122 nactus
2210 2063 2344 2128 sue-

134 2139 229 2200 rit:
268 2145 573 2225 Cognatas
590 2192 609 2222 ‚
656 2149 883 2227 inquit,
928 2151 1095 2210 urbes
1125 2154 1270 2210 olim
1303 2152 1678 2229 populosque
1707 2153 2073 2228 propinquos
2103 2152 2344 2225 lies-pe·-

134 2230 211 2284 rl'a
243 2233 418 2309 Epiro
458 2232 703 2314 (quibua
734 2237 892 2295 idem
918 2239 1254 2296 Dardanas
1286 2249 1496 2295 auctor
1516 2238 1713 2315 Atque
1737 2236 1895 2293 idem
1924 2230 2123 2318 casu-5)
2158 2255 2345 2292 unam

120 2311 395 2388 sociemus
421 2334 759 2400 utramque.
851 2323 1155 2402 Ingeniosa
1194 2321 1346 2381 haec
1386 2330 1565 2401 poeta
1607 2339 1639 2378 e
1677 2320 1798 2379 suis
1843 2320 2211 2399 temporibus
2246 2320 2345 2378 in-

135 2398 270 2464 tulit.
349 2404 496 2464 Nam
535 2406 618 2465 ad
648 2408 979 2485 Nicopolin
1024 2408 1098 2467 ab
1141 2408 1405 2488 Augusto
1449 2405 1753 2467 conditam
1792 2405 2035 2485 respici,
2081 2405 2346 2464 dubitari

136 2487 329 2564 nequit.
391 2492 690 2553 Servius:
748 2493 1040 2573 Cognatas
1082 2516 1217 2553 vero
1261 2493 1437 2553 urbes
1482 2493 1734 2572 quidam
1778 2494 1843 2550 in
1890 2491 2168 2550 honorem
2206 2491 2345 2551 Aa·
2382 2534 2388 2549 .

132 2576 272 2647 gusti
296 2576 515 2636 dictum
544 2582 892 2656 αςσῲὶυηις
935 2584 988 2639 is
1013 2583 1172 2639 enim
1196 2600 1332 2638 cam
1367 2583 1432 2638 in
1474 2582 1660 2657 Epiro
1691 2578 2019 2655 Nicopolin
2049 2578 2339 2652 conderet,

138 2660 276 2715 cavie
305 2664 365 2719 in
371 2663 627 2741 foedere
656 2667 919 2724 civitatis
956 2668 1148 2745 zpsiess
1169 2710 1187 2740 ,
1251 2677 1317 2723 ut
1360 2666 1609 2741 cognati
1647 2662 2086 2721 observarentur
2126 2684 2169 2719 a
2214 2664 2345 2719 Ro-

137 2747 324 2804 manis.
416 2749 596 2809 Certe
623 2749 872 2808 liberam
902 2754 1206 2810 civitatem
1251 2769 1373 2809 esse
1412 2749 1618 2823 iussit,
1682 2768 1742 2808 v.
1783 2747 1931 2806 Plin.
1971 2747 2069 2820 1v,
2121 2749 2180 2821 3,
2214 2746 2348 2825 ple-

137 2843 322 2906 tuque
374 2833 745 2895 Acarnaniae
804 2835 982 2894 urbes
1033 2837 1102 2896 in
1151 2856 1282 2895 eam
1322 2833 1624 2894 contraxit
1669 2842 1776 2893 aut
1817 2833 1871 2890 ei
1919 2831 2234 2891 accensuit.
2285 2850 2345 2892 v.

140 2912 307 2976 strab.
335 2919 410 2995 X,
442 2942 502 3000 p.
532 2922 663 2987 450
690 2920 902 2997 C.v11,
940 2943 1000 3003 p.
1041 2921 1167 2988 325
1207 2922 1275 2981 1).
1317 2920 1491 2980 Paus.
1531 2917 1602 2994 V,
1641 2923 1742 2983 28.
1782 2917 1905 2993 vn,
1954 2920 2053 2994 18,
2094 2937 2153 2996 p.
2201 2916 2347 2983 569.

138 2994 230 3056 Dio
256 3002 402 3064 Cass.
429 3006 503 3067 LI
525 3026 621 3085 pr.
707 3006 968 3067 Omnino
1001 3008 1067 3068 in
1091 3005 1187 3066 his
1211 3006 1331 3067 oris
1357 3004 1534 3067 multi
1570 3002 1730 3064 cives
1773 3002 2025 3063 Romani
2062 3001 2349 3062 videntur

142 3086 470 3168 consedisse,
515 3091 911 3172 navigationis
942 3104 1002 3153 et
1028 3094 1396 3174 negotiorum
1438 3110 1663 3151 caussa.
1745 3087 2112 3149 Buthrotum
2153 3087 2350 3167 ipsum

141 3164 513 3237 Romanorum
542 3178 778 3238 colonia
819 3180 980 3239 facta
1017 3189 1138 3256 est,
1182 3197 1241 3239 v.
1285 3178 1432 3239 Plin.
1480 3175 1581 3252 lv,
1629 3180 1682 3240 1.
1769 3175 1964 3254 Atque
1998 3174 2158 3234 intra
2203 3171 2351 3232 haec

144 3254 569 3325 subsistendum.
656 3265 804 3324 Nam
838 3265 968 3325 aliis
995 3265 1364 3347 temporibus
1403 3262 1660 3337 Romani
1697 3280 1987 3321 summam
2020 3259 2086 3318 in
2133 3259 2351 3339 Epiro—

144 3345 220 3400 ω
239 3347 654 3411 crudelitatem·
685 3360 1119 3427 exercuerunt3
1180 3359 1254 3410 ut
1296 3358 1509 3410 notum
1557 3347 1652 3408 vel
1707 3366 1783 3405 ex
1822 3346 1989 3406 Livio
2030 3344 2208 3420 XLV,
2245 3342 2348 3410 34.

147 3422 266 3504 Alli,
303 3433 512 3509 quibus
547 3435 818 3496 Nunnius
857 3436 963 3497 vn
1005 3436 1245 3496 Miscell.
1294 3455 1344 3495 c·
1395 3438 1475 3497 12
1516 3433 1794 3512 praeivit,
1853 3431 2050 3490 locum
2089 3429 2352 3509 Dionysii

146 3504 306 3575 Halic.
328 3516 447 3579 huc
471 3523 735 3582 trahunt
755 3541 831 3580 ex
856 3522 956 3582 lib.
990 3523 1033 3597 Ι,
1063 3523 1140 3587 51
1174 3519 1329 3602 (41),
1371 3519 1479 3579 ubi
1505 3517 1777 3578 Troianis
1806 3517 1880 3576 ab
1903 3517 2083 3597 Epiro
2108 3516 2351 3575 solven-

145 3595 281 3658 tfbu,
304 3606 540 3667 comites
570 3627 635 3667 se
662 3628 732 3666 ac
760 3607 891 3666 viao
929 3609 1110 3667 duces
1155 3606 1497 3683 adiunxisse
1540 3603 1745 3664 narr'at
1786 3602 2105 3662 nonnullos
2134 3621 2209 3660 ex
2250 3601 2350 3660 in·-

149 3682 295 3761 0011⁸3
335 3690 603 3752 Romani
620 3738 637 3768 ,
685 3693 878 3771 inquit
891 3737 909 3768 ,
952 3692 1328 3773 cognationis
1357 3703 1414 3749 et
1443 3690 1711 3765 beneficii
1748 3710 2029 3747 memores
2067 3688 2354 3746 Acarna-

147 3766 292 3835 m'bus
324 3771 446 3853 (qui
490 3780 702 3840 saltem
747 3779 1009 3858 Epirotis
1047 3778 1229 3839 vicini
1269 3773 1437 3858 sunt)
1464 3775 1829 3847 *Leucadem
1869 3786 1933 3839 et,
1961 3773 2354 3832 Anactorium

155 3850 438 3920 Corisuhiis
507 3866 819 3924 ademtam
880 3865 1238 3924 addixerant
1256 3908 1272 3938 ,
1342 3874 1522 3941 atque
1572 3861 1879 3920 Oeniadas
1916 3861 1983 3917 in
2028 3860 2355 3937 pristinam

151 3938 320 4001 “dem
348 3947 616 4013 reducere
639 3952 1032 4028 permiserunt
1050 3995 1068 4025 ,
1117 3972 1190 4008 ex
1217 3945 1632 4007 Echinadibas·
1658 3960 1860 4005 autem
1907 3945 2119 4003 insulis
2169 3945 2356 4002 vecti-

149 4024 303 4096 galia
337 4052 470 4091 cum
510 4037 744 4094 Aetolis
793 4038 1132 4095 communia
1170 4033 1384 4094 habere
1422 4036 1733 4091 iusserunt.
1822 4029 1986 4091 Haec
2024 4029 2354 4108 Dionysius.

153 4104 434 4201 Qviores
491 4141 729 4180 caussas
786 4121 931 4181 alias
975 4120 1158 4181 huius
1207 4117 1577 4179 liberalitatis
1610 4117 1892 4178 Romanis
1936 4114 2115 4176 fuisse
2131 4159 2148 4191 ,
2187 4113 2357 4173 facile

150 4196 483 4279 mtelligitur.
566 4207 752 4267 Facta
793 4208 1015 4267 scilicet
1039 4207 1178 4282 illa,
1231 4225 1382 4285 quae
1432 4212 1705 4281 enarrat,
1765 4201 1987 4284 partim
2016 4200 2174 4260 bello
2218 4217 2354 4258 cum

151 4272 340 4344 Aetoli·
380 4291 649 4353 confecto
665 4338 683 4368 ,
739 4294 960 4372 partim
999 4292 1157 4351 bello
1200 4290 1456 4353 Achaico
1505 4289 1848 4371 profligato,
1911 4287 2132 4366 partim
2180 4282 2356 4341 etiam

153 4359 303 4428 ducta
339 4374 410 4433 ab
447 4379 713 4457 Augusto
749 4380 989 4440 Aetium
1030 4375 1262 4438 colonia
1302 4386 1365 4438 et
1422 4376 1691 4456 Nicopoli
1752 4372 2014 4435 condita.
2117 4371 2356 4428 Leucas
