2882 5028
419 375 574 450 462
918 367 999 442 P.
1053 363 1577 442 VIRGILII
1629 362 2187 440 MARONIS

421 551 835 654 Cycladas,
891 562 972 627 et
997 549 1293 627 crebris
1319 548 1657 648 leg-imus
1689 548 1892 626 freta
1928 550 2235 626 concita
2263 549 2517 628 terris.

419 659 794 738 Nauticus
824 655 1174 731 exoritur
1209 656 1427 729 vario
1463 655 1895 730 certamine
1931 653 2272 746 clamorg

419 767 859 838 Hortamur
894 759 1121 853 socii,
1177 762 1495 836 Cretam
1529 781 2032 859 proavosque
2067 771 2453 859 petamus».

419 864 941 964 Prosequitur
969 885 1299 961 surgens
1331 887 1373 938 a
1396 863 1650 964 puppi
1681 875 1966 938 ventus
2005 863 2288 959 euntiS,
2529 868 2680 939 130

562 1056 664 1110 127
688 1051 851 1125 freta
884 1053 1100 1106 concita
1133 1069 1311 1104 omnes
1344 1054 1460 1106 fere
1493 1054 1647 1116 libri,
1696 1053 1856 1104 etiam
1888 1054 2075 1122 fragm.
2122 1051 2315 1117 vatic„
2369 1050 2493 1102 edd.
2548 1049 2674 1101 item

389 1164 401 1176 .
424 1128 560 1195 (cum
594 1123 777 1177 Servio
814 1133 869 1174 et
906 1122 1136 1188 Donato)
1174 1123 1512 1176 Grammatici
1547 1144 1634 1194 ap.
1672 1123 1872 1186 Heius„
1905 1126 1996 1191 qui
2028 1133 2205 1175 tamen
2243 1120 2497 1190 praetulit
2538 1139 2675 1171 con-

423 1211 564 1258 suo,
624 1205 681 1245 ut
715 1192 816 1244 iam
862 1193 993 1245 Dan.
1037 1191 1215 1245 Heius.
1265 1193 1536 1260 ediderat,
1585 1194 1872 1263 laudatque
1919 1208 2018 1263 pro
2068 1211 2130 1244 ea
2178 1189 2407 1243 lectione
2453 1188 2678 1259 primum

422 1266 617 1319 Moret.
689 1263 925 1331 (consita
972 1261 1131 1312 etiam
1174 1262 1371 1326 Palat.;
1437 1263 1520 1314 cui
1570 1261 1790 1314 lectioni
1852 1262 2033 1314 favent
2072 1261 2154 1316 W
2158 1260 2376 1312 eichert.
2426 1265 2511 1311 De
2564 1276 2676 1310 νει.

423 1335 589 1386 iniat.
627 1350 777 1401 susp.
812 1349 867 1399 p.
898 1332 984 1385 65.
1022 1342 1074 1382 et
1108 1331 1263 1383 Iacob
1300 1330 1355 1382 in
1404 1334 1691 1404 Disquisit.
1734 1332 1932 1402 W‘rgil.
1968 1334 2026 1383 P.
2060 1332 2100 1382 Ι.
2136 1349 2190 1399 p.
2225 1331 2276 1384 8.
2347 1328 2454 1382 Sed
2503 1347 2678 1398 appa·

423 1413 535 1467 ret,
570 1405 810 1463 concita,
847 1412 903 1451 nt
936 1399 1215 1452 lectionem
1252 1400 1634 1465 difficiliorem,
1672 1420 1788 1453 esse
1822 1401 2184 1462 retinendum,
2217 1417 2344 1462 nec,
2380 1398 2426 1448 si
2460 1400 2680 1452 comita

424 1473 604 1540 legas,
643 1470 915 1522 commode
944 1468 1130 1522 subiici
1164 1488 1265 1522 vss.
1303 1473 1422 1525 126.
1461 1482 1517 1522 et
1554 1471 1671 1525 129.
1715 1469 1858 1536 list.)
1925 1471 2008 1521 Ad
2041 1469 2306 1540 Sporadas
2340 1466 2678 1519 referendum

426 1541 483 1593 id
519 1558 663 1605 esse,
701 1537 855 1590 l'acile
893 1548 1053 1606 patet.
1122 1540 1224 1591 Sed
1248 1578 1265 1605 ,
1310 1539 1437 1609 quid
1471 1539 1527 1591 in
1561 1540 1655 1593 illa
1689 1551 1774 1592 tot
1817 1540 2085 1622 tantisque
2131 1536 2531 1591 auctoritatibus
2581 1536 2680 1587 fir-

424 1622 558 1662 mata
591 1608 821 1661 lectione
856 1610 1070 1660 concita
1103 1609 1592 1680 reprehendendum
1627 1609 1729 1674 sit,
1764 1627 1870 1662 nou
1904 1610 2060 1663 facile
2094 1608 2292 1660 videas.
2364 1608 2479 1658 Hoc
2552 1622 2680 1658 orro

424 1680 578 1733 video
601 1717 617 1744 ,
652 1696 766 1730 esse
804 1696 918 1728 eam
951 1677 1273 1743 doctiorem,
1308 1698 1462 1750 quam
1496 1683 1741 1743 consita,
1791 1689 1846 1730 et
1882 1697 1945 1731 ex
1979 1678 2137 1731 maris
2170 1689 2358 1729 natura
2404 1676 2458 1726 in
2557 1676 2679 1739 etis,

427 1759 482 1802 et
515 1746 765 1816 augustiis
799 1746 939 1798 iuter
973 1746 1193 1810 insulas,
1229 1767 1345 1800 cum
1379 1748 1563 1800 fluctus
1598 1748 1841 1801 evolvere
1878 1767 1935 1801 se
1985 1758 2042 1800 et
2087 1747 2348 1817 explicare
2397 1755 2681 1814 nequeant.

423 1817 661 1886 Denique
694 1834 801 1868 non
836 1815 1111 1885 intelligo,
1145 1835 1299 1887 quam
1335 1818 1598 1899 poeticum
1633 1818 1737 1870 hoc
1771 1817 1876 1882 sit,
1909 1829 2018 1869 tam
2054 1828 2294 1870 accurate
2329 1815 2587 1884 Cycladas
2625 1825 2680 1866 et

424 1887 688 1957 Sporadas
724 1885 1080 1954 distinguere,
1129 1888 1271 1956 quod
1306 1905 1389 1938 vxx
1424 1887 1480 1940 in
1515 1886 1886 1957 geographicis
1919 1886 2120 1939 libellis
2170 1886 2286 1938 fieri
2327 1885 2486 1937 solet.
2571 1887 2680 1937 Suo

424 1957 529 2008 iam
564 1968 802 2023 tempore
836 1956 1051 2007 consita
1085 1975 1115 2007 a
1149 1955 1325 2008 multis
1361 1957 1554 2009 lectum
1590 1969 1767 2009 narrat
1803 1957 1968 2009 Cerda
1988 1996 2004 2023 ,
2039 1965 2184 2008 recte
2216 1965 2394 2007 tamen
2430 1954 2677 2005 inhaeret

427 2024 615 2091 alteri,
647 2024 733 2075 vel
764 2023 988 2076 Paullini
1023 2025 1367 2091 auctoritate,
1419 2026 1508 2097 qui
1545 2036 1601 2078 et
1635 2025 1652 2077 i
1693 2046 1750 2078 se
1785 2026 1991 2095 legerat
2037 2045 2100 2079 ac
2145 2025 2399 2097 probarat
2444 2026 2678 2075 concita.

427 2096 641 2147 concita
675 2095 837 2145 remis
868 2092 1072 2163 aliquot
1105 2095 1243 2147 Pier.
1317 2098 1501 2148 ventis
1534 2114 1617 2164 pr.
1650 2046 1839 2149 iiamb.
1876 2114 1974 2166 pro
2022 2113 2133 2147 var.
2179 2094 2305 2146 lect.
2341 2092 2507 2147 wall.
2541 2112 2575 2144 a
2610 2110 2680 2144 m.

466 2183 527 2228 r.,
561 2163 657 2215 sed
692 2164 861 2215 terris
892 2181 923 2214 a
959 2181 1065 2217 sec.
1223 2166 1325 2220 128
1370 2168 1628 2237 exagitat
1677 2168 1893 2218 Oudart.
1963 2167 2123 2218 vatio
2172 2164 2512 2226 hortamine,
2564 2179 2682 2214 cum

426 2185 604 2295 iiiam,
638 2233 820 2297 fuere,
856 2232 945 2299 qui
980 2233 1300 2286 coniicerent
1345 2233 1449 2286 iam
1498 2255 1581 2305 ap.
1627 2235 1885 2301 Pieriam,
1938 2244 1995 2287 et
2041 2251 2211 2302 nuper
2261 2233 2464 2284 firmare
2513 2229 2683 2282 voluit

431 2303 516 2355 vir
550 2302 736 2353 doctus
773 2301 911 2352 inter
946 2303 1154 2370 Danos,
1201 2315 1256 2356 ut
1291 2322 1355 2355 ex
1390 2305 1544 2356 Nova
1578 2304 1831 2358 Bibliotb.
1866 2304 2004 2357 Litt.
2054 2314 2108 2355 et
2140 2308 2277 2354 Artt.
2315 2301 2449 2368 eleg.
2486 2301 2556 2352 T.
2591 2299 2683 2366 lv,

427 2373 486 2425 P.
522 2373 565 2436 Ι,
598 2389 719 2440 pag.
755 2371 789 2424 5
826 2370 1191 2424 intelleximus.
1264 2375 1459 2426 Verum
1506 2375 1712 2427 clamor
1759 2377 2017 2426 nauticus
2064 2383 2145 2424 est
2189 2372 2320 2423 illud
2367 2371 2539 2438 ipsum
2588 2389 2683 2422 ce-

428 2442 638 2493 leusma
671 2439 755 2491 vel
791 2440 1107 2507 hortamen,
1149 2459 1319 2510 neque
1355 2442 1491 2494 adeo
1527 2461 1640 2495 cum
1676 2443 1973 2495 hortamine
2011 2440 2204 2494 exoriri
2239 2449 2449 2510 potest3
2497 2439 2681 2509 sequi-

426 2521 516 2563 tur
548 2526 739 2582 porro:
776 2511 1094 2563 Hortamur
1127 2514 1278 2565 socii.
1345 2512 1585 2582 Denique
1632 2517 1793 2566 vatio
1839 2516 2136 2566 certamine
2183 2511 2321 2564 bene
2369 2527 2434 2561 ex
2481 2508 2684 2580 poetici

428 2580 687 2632 sermonis
722 2596 869 2632 more
902 2580 1213 2645 adiectum3·
1243 2592 1452 2634 certant
1483 2582 1623 2634 inter
1670 2601 1729 2635 se
1774 2601 2012 2635 manuum
2061 2599 2255 2650 opera,
2302 2579 2515 2644 studio,
2561 2580 2684 2631 dum

428 2650 717 2701 discessum
752 2660 957 2718 parant.
1025 2653 1185 2703 vatio
1220 2653 1532 2704 discrimine
1566 2653 1728 2704 Goth.
1762 2662 1886 2705 tert.
1920 2653 2075 2722 lapsu
2110 2651 2344 2715 librarii,
2388 2648 2482 2719 qui
2519 2667 2551 2699 e
2585 2667 2684 2701 su-

430 2718 568 2789 pinis
605 2730 661 2771 et
695 2717 921 2787 stupidis
969 2737 1183 2789 prorsus
1233 2719 1333 2771 fuit
1378 2721 1433 2773 iu
1483 2721 1577 2773 illo
1627 2721 1828 2775 codice.

431 2794 621 2841 Cretas
655 2789 858 2856 Hagen.
928 2790 1168 2857 (—-130.
1207 2790 1344 2841 Vide
1364 2828 1381 2855 ,
1415 2807 1484 2842 ne
1521 2791 1578 2841 hi
1611 2808 1712 2842 vss.
1750 2791 1886 2843 male
1917 2789 2125 2843 traiecti
2158 2800 2318 2860 atque

2396 2737 2439 2771 r.
2489 2720 2684 2770 Mox-et.

2394 2806 2460 2842 oc
2496 2788 2685 2840 ordine

1970 2722 2071 2776 129
2117 2725 2314 2774 Cretan

428 2858 638 2928 legendi
675 2858 808 2911 sint:
843 2861 961 2913 128.
998 2861 1116 2915 129.
1156 2861 1275 2918 180.
1311 2860 1429 2915 125.
1469 2863 1588 2917 126.
1625 2862 1743 2916 127.
1782 2862 1903 2918 131.
1945 2860 2114 2929 Wr.)

426 3043 742 3114 comparat
773 3033 983 3093 Corda.
1067 3034 1271 3094 Malim
1315 3034 1510 3115 simpl.

426 3122 708 3181 silvosam
762 3119 859 3179 vel
907 3118 1224 3180 herbosam
1284 3121 1513 3180 intelli-

426 3225 594 3285 gere,
623 3225 740 3284 qua
761 3205 953 3284 specie
980 3207 1516 3286 praeternavigan-

429 3290 593 3350 tibus
636 3290 737 3349 illa
773 3308 1090 3349 occurrere
1127 3290 1352 3351 debuit.
1437 3292 1515 3351 Et

429 3378 514 3435 sic
542 3395 689 3435 mox
711 3379 955 3433 niveam
980 3379 1185 3434 Paron
1202 3420 1219 3449 ,
1291 3396 1323 3434 a
1367 3397 1514 3436 can-

431 3462 589 3521 didis
616 3460 1032 3537 marmoribus,
1064 3481 1217 3540 quae
1242 3461 1306 3520 in
1333 3480 1516 3521 mon·—

427 3547 581 3606 tium
610 3547 826 3627 passim
856 3547 1004 3626 iugis
1043 3547 1212 3627 longe
1252 3547 1516 3627 conspici

429 3642 714 3713 possunt;
764 3640 826 3691 et
863 3632 946 3692 ita
993 3635 1281 3712 Cyclades
1314 3635 1515 3692 omni-

431 3738 509 3777 no
546 3722 793 3776 nitentes
821 3728 882 3776 et
905 3719 1221 3797 fulgentes
1260 3720 1515 3778 Horatio

432 3804 510 3863 111
525 3804 718 3862 Corin.
746 3807 849 3878 28,
884 3804 980 3867 14.
1011 3804 1051 3878 Ι,
1080 3803 1179 3879 14,
1195 3809 1296 3869 20.
1338 3805 1515 3865 Adde

431 3889 700 3968 inprimis
734 3888 1074 3968 Dionysium
1107 3891 1325 3969 Perieg.
1369 3894 1513 3957 530.

437 3979 575 4039 127.
626 3973 851 4033 Crebris
882 3976 1048 4053 fieta
1108 3980 1340 4035 conella
1392 3989 1513 4034 ter-

428 4064 536 4134 ris,
570 4060 870 4140 Sporadas
904 4079 1025 4118 esse
1056 4062 1289 4120 volunt.
1367 4062 1515 4120 Suf-

431 4147 561 4207 ficit
591 4146 805 4225 respici
843 4155 1092 4225 angusta
1133 4146 1314 4205 maris
1357 4148 1518 4206 inter

374 4298 375 4301 Ἴ
428 4231 654 4293 insulas
684 4232 903 4310 spatia,
949 4252 1101 4309 quae
1138 4234 1359 4291 flnctus
1399 4234 1519 4291 im·-

429 4319 696 4400 pediunt,
722 4338 843 4395 quo
872 4317 1068 4377 miuus
1086 4317 1371 4399 explicari
1397 4319 1518 4377 late

430 4404 689 4486 possint3
739 4412 812 4463 ut
837 4403 987 4464 adeo
1026 4404 1111 4463 illi
1139 4413 1310 4465 tanto
1339 4403 1519 4464 altius

1593 3043 1935 3115 assurgant:
1977 3034 2128 3095 haec
2149 3044 2293 3094 sunt
2311 3034 2490 3115 fieta
2536 3055 2686 3092 con-

1594 3125 1717 3180 cita
1756 3130 2006 3201 propter
2042 3121 2299 3195 insulas,
2341 3124 2515 3179 terris
2555 3140 2684 3178 cre-

1596 3207 1739 3267 bris.
1832 3206 2193 3289 (Periculosa
2227 3207 2328 3265 illa
2369 3226 2516 3286 pars
2551 3225 2684 3273 mas

1594 3292 1680 3353 ris
1695 3291 1909 3373 Aegaei
1930 3292 2380 3372 navigantibus5
2404 3291 2534 3351 vid.
2552 3291 2681 3352 val.

1595 3378 1791 3438 Flaco.
1816 3380 1888 3456 11,
1927 3383 2098 3444 622:
2145 3381 2408 3438 Parium
2449 3376 2684 3457 msame

1580 3464 1865 3544 fragosis
1897 3467 2087 3523 vadis·-
2139 3467 2244 3525 W
2235 3462 2365 3545 elz.)

1690 3554 1828 3614 130.
1898 3551 2004 3609 Est
2067 3557 2281 3609 ventus
2363 3547 2683 3622 secundus,

1602 3626 1816 3716 οὖρος,
1879 3635 2115 3713 φέρων,
2173 3636 2418 3711 ἴκμενος
2465 3634 2683 3714 Odyss.

1600 3725 1653 3795 λ,
1699 3725 1757 3784 6.
1808 3721 1975 3780 Iliad.
2035 3745 2092 3797 α,
2149 3725 2292 3785 479.
2355 3722 2427 3779 cs.
2493 3721 2682 3780 Ursin.

1599 3806 1789 3866 Guell.
1848 3806 2058 3866 Cerda.
2137 3827 2387 3884 surgens
2422 3850 2441 3881 ,
2516 3807 2683 3865 ssans.

1600 3913 1658 3952 v.
1715 3891 1776 3951 h.
1832 3891 1872 3952 l.
1927 3895 2095 3952 Serv.
2205 3891 2353 3952 Mox
2407 3894 2702 3950 cias-elem.

1599 3999 1737 4036 orae
1771 4021 1787 4052 ,
1863 3999 1969 4036 ora
1998 4022 2016 4053 ,
2091 3979 2286 4037 Creta.
2391 3978 2558 4038 Varii
2614 3977 2684 4035 de

1606 4062 1910 4121 Curetibus
1942 4072 2004 4122 et
2040 4062 2276 4123 obscuri
2317 4061 2546 4142 mythi:
2590 4064 2682 4121 in·

1601 4157 1766 4208 certa
1827 4150 2267 4229 interpretatio.
2374 4150 2534 4209 Satis
2597 4157 2684 4207 est

1600 4244 1802 4294 tenere
1829 4281 1845 4313 ,
1914 4244 2187 4315 spectare
2237 4255 2339 4293 eos
2390 4235 2471 4294 ad
2525 4235 2684 4293 anti-

1602 4321 1911 4400 quissimas
1943 4323 2154 4381 Cretae
2181 4321 2466 4400 origines,
2532 4323 2685 4381 sorte

1603 4408 1682 4467 ad
1703 4406 2026 4467 Phoenices
2054 4406 2310 4483 incolas3
2356 4408 2539 4467 fuisse
2574 4425 2684 4465 au·
