2882 5028
398 415 552 495 w
880 412 963 491 P.
1028 406 1561 487 VIRGILII
1611 406 2163 486 MAROMS

394 605 498 680 Et
534 612 767 704 pater
786 595 1204 674 Anchises:
1246 595 1647 674 Nimirum
1680 595 1878 673 haee
1907 594 2039 671 illa
2071 594 2556 696 Charybdi-33
2639 603 2644 614 '

395 710 565 788 Hos
596 702 950 780 Helenus
984 699 1394 801 scopuIOS,
1430 698 1829 775 haecsaxa
1857 698 2263 776 horrenda
2296 700 2659 778 canebat.

395 808 698 909 ErIpite
721 867 749 902 ,
794 828 845 880 o
875 804 1107 896 socii3
1158 806 1624 905 pariterque
1643 806 2023 903 insurgite
2057 805 2322 884 remis.

397 911 629 989 Haud
660 910 933 985 minus
957 932 1046 983 ac
1076 908 1265 984 iussi
1309 906 1646 985 faciunt:
1699 910 2166 1010 primusque
2213 907 2656 985 rudentem

2494 811 2740 884 560.

403 1014 810 1096 Contorsit
840 1013 1096 1088 laevas
1126 1036 1455 1112 proram
1490 1013 1904 1089 Palinurus
1952 1012 2055 1088 ad
2092 1012 2388 1103 undas;

398 1125 738 1197 Laevam
771 1129 1051 1214 cuncta
1088 1116 1378 1192 cohors
1409 1115 1654 1192 remis
1681 1116 2097 1218 ventisque
2127 1117 2423 1216 petivit.

402 1223 794 1302 Tollimur
824 1220 904 1295 in
952 1219 1270 1296 coelum
1301 1233 1621 1295 curvato
1649 1221 1996 1317 gurgite,
2060 1232 2141 1296 et
2168 1218 2388 1296 idem

401 1328 811 1404 Subducta
844 1322 945 1400 ad
966 1324 1219 1401 Manis
1247 1325 1455 1399 imos
1491 1322 1948 1401 desedimus
1977 1322 2215 1402 unda.

501 1471 675 1549 565.
721 1483 1144 1540 mtsmmus

2494 1279 2652 1404 5⁶⁵

500 1659 503 1664 '
534 1642 643 1697 558
674 1642 890 1696 Αιιεο.
924 1636 1211 1702 Rottend.,
1245 1645 1306 1689 ut
1340 1635 1468 1688 alibi
1500 1623 1676 1707 saepe.
1749 1636 1837 1690 Sic
1870 1654 1984 1708 sup.
2020 1654 2068 1690 v.
2105 1636 2228 1693 539.
2283 1627 2408 1706 (vid.
2463 1637 2529 1703 Q.
2582 1639 2649 1690 V.

399 1713 641 1775 XXXV,
671 1711 725 1774 7,
761 1729 807 1761 a.
852 1707 994 1772 Vr.)
1066 1708 1204 1760 haec
1238 1706 1389 1759 abest
1427 1726 1459 1758 a
1493 1705 1708 1758 Mentel.
1743 1725 1827 1777 pr.
1862 1708 2027 1760 Goth.
2064 1725 2168 1762 sec.
2237 1710 2328 1764 hic
2371 1707 2476 1759 illa
2522 1708 2649 1761 Me-
2687 1773 2694 1774 ἶ

397 1780 500 1834 dic.
537 1798 650 1832 cum
688 1778 893 1848 aliquot
925 1775 1200 1829 Pierianis.
1237 1775 1417 1846 (etiam
1450 1777 1503 1831 3.
1541 1786 1597 1827 et
1630 1777 1777 1846 Lips.
1811 1777 1939 1840 obl„
1975 1777 2119 1846 quod
2153 1797 2183 1832 e
2217 1798 2292 1831 vs.
2325 1776 2450 1831 401.
2487 1794 2649 1848 repe-

304 1871 311 1880 ⁴
346 1889 355 1910 .
397 1851 548 1903 titum
581 1849 751 1901 videri
787 1857 988 1919 potest3
1031 1856 1087 1897 et
1118 1845 1226 1899 vid.
1264 1849 1330 1910 Q.
1356 1849 1423 1899 V.
1465 1847 1597 1911 XX,
1633 1847 1682 1900 8.
1719 1856 1776 1897 et
1807 1848 1963 1912 XXI,
2001 1850 2052 1911 1,
2086 1848 2141 1899 b.
2184 1848 2331 1910 Wr.)

2474 1847 2650 1902 5600

397 1921 549 1972 deest
592 1918 742 1970 Leid.
797 1928 853 1970 et
898 1915 1059 1986 pleris
1096 1934 1191 1980 ue,
1239 1932 1369 1986 quos
1404 1915 1604 1967 Pierius
1640 1915 1879 1983 viderat,
1931 1935 2045 1969 cum
2087 1919 2249 1970 Goth.
2285 1916 2475 1969 altero.
2545 1935 2650 1986 que

395 1992 581 2043 Frauc.
616 1989 787 2040 deest.

398 2078 430 2112 a
465 2076 533 2110 m.
568 2076 649 2126 pr.
687 2066 742 2108 et
777 2058 896 2108 Exo.
930 2056 1102 2107 Burm.
1138 2056 1287 2124 (item
1321 2055 1440 2108 Alb.

394 2337 682 2404 Hamburg.

923 1987 1025 2039 561
1104 1999 1169 2037 ac
1202 1987 1239 2037 i.
1281 1986 1467 2038 Franc.
1487 1987 1767 2107 Jrimum
1805 2006 1873 2038 ue
1914 2006 1961 2039 r.
1997 1988 2129 2057 Reg.
2180 1989 2467 2041 -rudentes
2508 1985 2646 2038 Gud.

1562 2057 1628 2123 r.)
1698 2075 1765 2107 ru
1877 2069 1933 2108 te
1978 2056 2183 2125 aliquot
2232 2076 2321 2125 ap.
2368 2058 2542 2107 Burm.
2592 2065 2644 2107 et

269 2183 277 2208 Ι
312 2140 323 2160 ¹
395 2128 654 2190 Pieriam,
692 2143 755 2176 ex
787 2123 1199 2193 interpolatione
1236 2133 1395 2193 puto,
1429 2134 1492 2175 ut
1524 2125 1592 2176 ad
1627 2125 1800 2176 funem
1835 2126 2112 2178 referrent.
2182 2127 2474 2179 ericendem
2501 2143 2642 2198 pro-

396 2216 515 2250 ram
552 2197 687 2252 coni.
721 2195 901 2246 Heius.
934 2193 1028 2245 inf.
1064 2194 1131 2245 ad
1166 2196 1235 2258 V,
1270 2195 1373 2249 143
1408 2205 1466 2245 et
1501 2195 1577 2246 10.
1610 2195 1887 2247 Schrader.
1922 2194 1977 2246 in
2011 2195 2240 2249 schedis.

395 2286 524 2319 vam
562 2283 787 2337 proram
834 2265 918 2316 ed.
972 2265 1108 2316 Ven.
1177 2266 1236 2316 in
1285 2264 1440 2316 unda
1490 2263 1640 2316 Leid.
1689 2283 1721 2316 a
1765 2283 1834 2317 m.
1883 2282 1967 2333 pr.

752 2335 956 2402 (ventis
1003 2335 1270 2403 remisque
1315 2342 1397 2385 est
1438 2332 1494 2384 in
1548 2333 1787 2386 Mediceo
1809 2372 1823 2398 ,
1871 2334 1969 2388 sed
2015 2334 2207 2387 additis
2259 2333 2455 2403 siguis,

393 2406 605 2457 inverso
639 2405 771 2457 haec
806 2403 991 2456 ordine
1023 2402 1249 2470 legenda
1284 2421 1399 2455 esse
1433 2414 1700 2455 moneant.
1749 2404 1894 2474 Wr.)

396 2476 498 2531 dic.
532 2473 711 2527 Pierii.
776 2472 997 2527 turbato
1029 2481 1140 2524 tres
1175 2474 1364 2535 Burm.‚
1398 2471 1552 2524 male.
1613 2475 1673 2526 in
1705 2475 1931 2557 gurgite
1956 2492 2038 2545 pr.
2064 2475 2252 2527 Hamb.

2380 2196 2489 2250 562
2524 2195 2642 2247 lae-

2106 2266 2211 2320 563
2253 2264 2520 2338 petebant
2564 2281 2645 2334 pr.

2031 2405 2139 2459 564
2173 2408 2246 2459 ad
2279 2405 2491 2457 coelum
2513 2350 2644 2455 (Eg-e·

2358 2475 2462 2529 665
2498 2471 2643 2527 Sub-

397 2547 552 2597 ducti
582 2545 824 2598 Parthas.
904 2543 1031 2594 Mox
1078 2541 1252 2611 vulgg.
1305 2542 1424 2595 edd.
1475 2554 1594 2596 ante
1641 2544 1826 2596 Heius.
1877 2545 2280 2606 descendimus3
2333 2544 2411 2613 (ut
2461 2553 2541 2595 est
2588 2542 2644 2594 iu

395 2615 562 2667 Palat.
610 2615 731 2667 Alb.
780 2623 836 2665 et
886 2612 998 2673 13.;
1059 2613 1388 2665 discedimus
1431 2612 1495 2663 Li
1535 2631 1577 2665 s.
1625 2613 1713 2665 alt.
1767 2614 1914 2680 Wr.)
1968 2630 2145 2665 verum
2193 2623 2509 2683 reposuerat
2551 2612 2642 2664 ille
2699 2662 2708 2683 ‚

396 2686 676 2769 (tamquam
712 2681 1034 2753 exquisitius)
1072 2699 1185 2733 cum
1229 2681 1422 2734 Medic.

1523 2682 1690 2751 iisque
1733 2682 2206 2753 praestantioribus
2259 2682 2364 2734 suis
2415 2692 2472 2734 et
2519 2683 2644 2735 Pie-

394 2772 555 2807 nanu
590 2754 923 2819 desedimus,
969 2751 1112 2820 quod
1147 2751 1339 2803 Bened.
1376 2761 1432 2803 et
1463 2751 1698 2819 Pierius,
1745 2762 1858 2804 tum
1906 2752 2021 2823 ipse
2067 2754 2287 2823 copiose
2331 2751 2645 2805 illustram

394 2916 445 2956 e.
471 2915 636 2956 mare
665 2916 744 2956 ex
765 2897 894 2956 ime
935 2895 1125 2956 fundo
1171 2893 1481 2954 sublatum

390 2983 459 3041 iu
503 2983 693 3043 altum
726 2983 1005 3063 egeritur.
1063 3001 1124 3041 v.
1179 3000 1310 3060 sup.
1348 2978 1480 3044 420

392 3087 479 3145 sq.
534 3062 679 3154 τῇδ’
720 3065 949 3148 ἄμοτον
995 3060 1295 3146 βοάασκεν
1329 3058 1479 3127 ἄνα-

393 3147 507 3232 βλύ
514 3156 694 3227 ζουσα
711 3148 1041 3236 Χάρυβδις.
1084 3150 1361 3230 Aponon.
1376 3151 1400 3209 1
1406 3150 1480 3226 V,

392 3241 539 3303 923.
612 3239 764 3298 Mari
792 3258 823 3297 e
851 3236 1045 3297 fundo
1070 3244 1480 3312 exaestuante,

393 3337 563 3382 aestu
596 3369 619 3399 ,
690 3343 873 3383 arena
920 3322 1204 3382 miscetur
1268 3341 1477 3399 aquae.

395 3405 639 3488 (arenae
666 3413 1018 3483 miscentur,
1065 3406 1127 3468 h.
1151 3426 1201 3466 e.
1245 3407 1480 3486 egitan-

391 3502 498 3553 tur
541 3495 606 3554 in
641 3495 832 3554 fundo
876 3493 1088 3570 maris,
1148 3501 1209 3551 et
1251 3493 1481 3553 mixtae

391 3578 455 3638 in
487 3581 679 3639 altum
700 3581 1025 3640 tolluntur.
1073 3581 1178 3640 W
1169 3577 1288 3661 ch.)

474 3665 696 3733 558-
715 3667 863 3733 560.
900 3665 1325 3745 Respioiuntur
1347 3665 1482 3725 He·-

389 3750 510 3811 leni
565 3752 729 3812 dicta
777 3774 917 3834 sup.
950 3753 1087 3817 410.
1122 3771 1247 3830 sqq.
1334 3754 1480 3810 Hos

390 3839 670 3915 scopulos
694 3883 713 3914 ,
777 3860 944 3898 saxa·
1001 3838 1109 3898 int.
1171 3838 1474 3916 Scyllam:

390 3942 522 4001 sup.
553 3922 697 3988 420.
772 3927 1004 4003 Eripite
1027 3944 1157 3984 nos.
1243 3923 1478 4003 Vulga-

388 4008 472 4068 ris
531 4010 821 4069 orationis
891 4009 1161 4070 taedium
1239 4009 1480 4070 excutit

388 4102 567 4175 poeta
593 4095 739 4155 etin
768 4094 915 4170 hoe,
961 4096 1127 4172 quod
1155 4096 1476 4174 pronomi-

389 4200 470 4240 na
496 4181 753 4258 omittit3
791 4181 1096 4241 interdum
1129 4180 1208 4239 ad
1234 4192 1478 4241 nostros

388 4286 595 4328 sensus
623 4268 765 4327 satis
791 4267 1044 4327 duriter.
1129 4265 1248 4324 Sed
1283 4267 1477 4327 lenius

387 4351 511 4413 hoe
566 4371 750 4433 quam
802 4354 1079 4435 supplere
1116 4371 1308 4413 remos
1325 4377 1345 4410 .·
1403 4361 1482 4414 ut

390 4438 512 4498 sit:
583 4442 818 4520 Eripite
871 4460 1061 4501 remos
1085 4483 1117 4517 ,2
1179 4438 1480 4521 expedite.

1561 2896 1857 2971 insurgite
1914 2897 2093 2954 remis
2114 2939 2132 2971 ,
2223 2913 2285 2955 v.
2358 2914 2493 2974 sup.
2564 2892 2644 2953 ad

1558 3000 1620 3041 v.
1662 2983 1814 3045 207.
1963 2996 1974 3003 ’

1646 3066 1767 3130 561
1788 3062 2032 3130 -568,
2090 3061 2145 3123 A
2178 3065 2386 3125 littore
2419 3063 2644 3141 Italiae,

1562 3171 1701 3211 cum
1735 3150 1800 3209 in
1843 3149 2040 3210 medio
2076 3152 2233 3211 freto
2276 3151 2395 3210 iam
2435 3170 2640 3211 versa-

1559 3246 1795 3310 rentur,
1818 3256 2059 3297 cursum
2084 3237 2431 3311 deflectunt,
2457 3235 2640 3295 adeo-

1562 3344 1678 3402 que
1709 3344 1749 3389 n,
1782 3323 2000 3383 dextra
2032 3324 2099 3383 in
2145 3324 2413 3399 laevam,
2458 3343 2536 3382 ne
2576 3324 2638 3382 in

1558 3410 1849 3470 interiora
1882 3409 2023 3469 freti
2050 3420 2221 3470 aestu
2244 3409 2504 3490 impulsa
2533 3430 2639 3468 na·-

1559 3496 1652 3556 vis
1680 3496 1969 3575 rapiatur.
2027 3498 2332 3556 rudentem
2360 3516 2632 3574 proram,

1561 3574 1953 3663 ᾆγκωμένην,
2009 3592 2085 3641 ut
2124 3602 2396 3660 gemere,
2467 3583 2639 3667 βοᾷν,

1559 3668 1823 3726 clamare
1842 3711 1859 3741 ,
1905 3665 1969 3724 h.
1998 3686 2048 3732 e.
2084 3668 2340 3728 stridere
2358 3710 2375 3740 ,
2415 3666 2502 3726 im
2507 3667 2637 3747 pul-

1558 3773 1631 3812 su
1706 3754 2000 3812 fluctuum
2030 3799 2047 3830 ,
2115 3774 2187 3813 ae
2256 3773 2506 3829 sonare,
2574 3760 2637 3812 ut

1557 3838 1735 3897 etiam
1766 3841 1933 3901 Serv.
2023 3840 2159 3900 Vox
2195 3849 2258 3900 et
2285 3839 2399 3915 ius.
2426 3859 2634 3899 oecur-

1554 3925 1641 3984 rit
1668 3924 1793 3999 vn,
1827 3927 1925 3988 16.

1642 4009 2025 4077 564—567.
2083 4008 2267 4070 Maris
2321 4009 2634 4069 aestuantis

1562 4105 1626 4156 et
1642 4116 1886 4177 magnos
1909 4096 2129 4156 fluctus
2153 4096 2472 4166 moventis,
2499 4116 2632 4175 pro-

1561 4190 1701 4262 pter
1730 4184 1988 4244 vicinam
2007 4181 2356 4263 Charybdin
2383 4191 2445 4240 et
2471 4180 2632 4261 Scyl·-

1558 4268 1699 4343 hm,
1731 4269 2110 4349 agitationem
2140 4278 2201 4327 et
2230 4277 2469 4327 motum
2496 4287 2628 4327 con-

1561 4354 1975 4414 citatissimum
2011 4355 2077 4415 in
2115 4363 2464 4414 transcursu
2506 4372 2630 4411 sen-

1559 4443 1727 4501 tiunt
1767 4440 2031 4501 Troiani.
2118 4440 2236 4500 Sed
2281 4448 2462 4500 aucta
2495 4437 2630 4497 haec
