<?xml version="1.0" encoding="UTF-8"?>
<!DOCTYPE html PUBLIC "-//W3C//DTD XHTML 1.0 Transitional//EN"
    "http://www.w3.org/TR/xhtml1/DTD/xhtml1-transitional.dtd">
<html xmlns="http://www.w3.org/1999/xhtml" xml:lang="en" lang="en">
 <head>
  <title>
</title>
<meta http-equiv="Content-Type" content="text/html;charset=utf-8" />
  <meta name='ocr-system' content='tesseract 3.04.00' />
  <meta name='ocr-capabilities' content='ocr_page ocr_carea ocr_par ocr_line ocrx_word'/>
</head>
<body>
  <div class='ocr_page' id='page_1' title='image "./pvblivsvirgiliv00sillgoog/pvblivsvirgiliv00sillgoog_0179.png"; bbox 0 0 2882 5028; ppageno 0'>
   <div class='ocr_carea' id='block_1_1' title="bbox 442 354 2189 440">
    <p class='ocr_par' dir='ltr' id='par_1_1' title="bbox 442 354 2189 440">
     <span class='ocr_line' id='line_1_1' title="bbox 442 354 2189 440; baseline -0.006 -2"><span class='ocrx_word' id='word_1_1' title='bbox 442 366 587 440; x_wconf 80' lang='lat'><strong>168</strong></span> <span class='ocrx_word' id='word_1_2' title='bbox 932 360 1015 434; x_wconf 89' lang='grc' dir='ltr'><strong>Ρ.</strong></span> <span class='ocrx_word' id='word_1_3' title='bbox 1057 355 1576 434; x_wconf 83' lang='lat' dir='ltr'><strong>VIRGILII</strong></span> <span class='ocrx_word' id='word_1_4' title='bbox 1628 354 2189 431; x_wconf 90' lang='lat' dir='ltr'><strong>MARONIS</strong></span> 
     </span>
    </p>
   </div>
   <div class='ocr_carea' id='block_1_2' title="bbox 441 539 2711 1049">
    <p class='ocr_par' dir='ltr' id='par_1_2' title="bbox 441 539 2711 1049">
     <span class='ocr_line' id='line_1_2' title="bbox 441 539 2590 645; baseline -0.003 -20"><span class='ocrx_word' id='word_1_5' title='bbox 441 551 666 645; x_wconf 84' lang='lat' dir='ltr'><strong>Quae</strong></span> <span class='ocrx_word' id='word_1_6' title='bbox 691 542 1025 620; x_wconf 80' lang='lat' dir='ltr'><strong>fortuna.</strong></span> <span class='ocrx_word' id='word_1_7' title='bbox 1045 543 1271 636; x_wconf 77' lang='lat' dir='ltr'><strong>viris3</strong></span> <span class='ocrx_word' id='word_1_8' title='bbox 1336 541 1667 618; x_wconf 84' lang='lat' dir='ltr'>classem</span> <span class='ocrx_word' id='word_1_9' title='bbox 1705 565 1869 642; x_wconf 88' lang='lat' dir='ltr'><strong>quo</strong></span> <span class='ocrx_word' id='word_1_10' title='bbox 1916 539 2150 617; x_wconf 86' lang='lat' dir='ltr'><strong>litore</strong></span> <span class='ocrx_word' id='word_1_11' title='bbox 2184 540 2590 644; x_wconf 87' lang='lat' dir='ltr'><strong>linquant;</strong></span> 
     </span>
     <span class='ocr_line' id='line_1_3' title="bbox 443 644 2434 748; baseline -0.004 -21"><span class='ocrx_word' id='word_1_12' title='bbox 443 648 660 748; x_wconf 84' lang='lat' dir='ltr'><strong>Quid</strong></span> <span class='ocrx_word' id='word_1_13' title='bbox 691 647 1010 725; x_wconf 86' lang='lat' dir='ltr'><strong>veniant</strong></span> <span class='ocrx_word' id='word_1_14' title='bbox 1041 645 1340 723; x_wconf 84' lang='lat' dir='ltr'><strong>cuncti:</strong></span> <span class='ocrx_word' id='word_1_15' title='bbox 1392 670 1584 721; x_wconf 86' lang='lat' dir='ltr'><strong>nam</strong></span> <span class='ocrx_word' id='word_1_16' title='bbox 1617 645 1799 721; x_wconf 86' lang='lat' dir='ltr'><strong>lecti</strong></span> <span class='ocrx_word' id='word_1_17' title='bbox 1832 644 2160 721; x_wconf 86' lang='lat' dir='ltr'><strong>navibus</strong></span> <span class='ocrx_word' id='word_1_18' title='bbox 2193 645 2434 740; x_wconf 79' lang='lat' dir='ltr'><strong>ibant,</strong></span> 
     </span>
     <span class='ocr_line' id='line_1_4' title="bbox 443 747 2547 850; baseline -0.003 -17"><span class='ocrx_word' id='word_1_19' title='bbox 443 757 787 833; x_wconf 87' lang='lat' dir='ltr'><strong>Orantes</strong></span> <span class='ocrx_word' id='word_1_20' title='bbox 811 750 1166 846; x_wconf 86' lang='lat' dir='ltr'><strong>veniam,</strong></span> <span class='ocrx_word' id='word_1_21' title='bbox 1221 761 1302 836; x_wconf 83' lang='lat' dir='ltr'><strong>et</strong></span> <span class='ocrx_word' id='word_1_22' title='bbox 1328 748 1729 849; x_wconf 82' lang='lat' dir='ltr'><strong>templum</strong></span> <span class='ocrx_word' id='word_1_23' title='bbox 1761 747 2111 826; x_wconf 85' lang='lat' dir='ltr'><strong>clamore</strong></span> <span class='ocrx_word' id='word_1_24' title='bbox 2144 748 2547 850; x_wconf 87' lang='lat' dir='ltr'><strong>petebant.</strong></span> 
     </span>
     <span class='ocr_line' id='line_1_5' title="bbox 560 852 2710 1031; baseline -0.004 -97"><span class='ocrx_word' id='word_1_25' title='bbox 560 862 1002 958; x_wconf 85' lang='lat' dir='ltr'><strong>Postquam</strong></span> <span class='ocrx_word' id='word_1_26' title='bbox 1078 852 1579 950; x_wconf 79' lang='lat' dir='ltr'><strong>introgressi,</strong></span> <span class='ocrx_word' id='word_1_27' title='bbox 1609 953 1656 1031; x_wconf 70' lang='lat' dir='ltr'><strong>f</strong></span> <span class='ocrx_word' id='word_1_28' title='bbox 1687 865 1804 1031; x_wconf 80' lang='lat' dir='ltr'><strong>etd</strong></span> <span class='ocrx_word' id='word_1_29' title='bbox 1854 877 2125 930; x_wconf 84' lang='lat' dir='ltr'><strong>coram</strong></span> <span class='ocrx_word' id='word_1_30' title='bbox 2209 852 2384 931; x_wconf 83' lang='lat' dir='ltr'><strong>data</strong></span> <span class='ocrx_word' id='word_1_31' title='bbox 2470 852 2710 952; x_wconf 83' lang='lat' dir='ltr'><strong>copia</strong></span> 
     </span>
     <span class='ocr_line' id='line_1_6' title="bbox 1647 956 2711 1049; baseline 0.007 -19"><span class='ocrx_word' id='word_1_32' title='bbox 1647 980 1743 1030; x_wconf 83' lang='lat' dir='ltr'><strong>an</strong></span> <span class='ocrx_word' id='word_1_33' title='bbox 1807 956 1871 1049; x_wconf 73' lang='grc' dir='ltr'><strong>ἰς</strong></span> <span class='ocrx_word' id='word_1_34' title='bbox 2544 961 2711 1037; x_wconf 73' lang='grc'><strong>520</strong></span> 
     </span>
    </p>
   </div>
   <div class='ocr_carea' id='block_1_3' title="bbox 546 1104 1658 1179">
    <p class='ocr_par' dir='ltr' id='par_1_3' title="bbox 475 1104 1658 1179">
     <span class='ocr_line' id='line_1_7' title="bbox 546 1104 1658 1179; baseline -0.005 -1.36"><span class='ocrx_word' id='word_1_35' title='bbox 546 1104 720 1179; x_wconf 86' lang='grc'><strong>518.</strong></span> <span class='ocrx_word' id='word_1_36' title='bbox 773 1115 1152 1171; x_wconf 68' lang='lat' dir='ltr'><strong>numm:</strong></span> <span class='ocrx_word' id='word_1_37' title='bbox 1207 1115 1535 1170; x_wconf 70' lang='lat' dir='ltr'><strong>cuncus</strong></span> <span class='ocrx_word' id='word_1_38' title='bbox 1588 1118 1658 1172; x_wconf 76' lang='lat' dir='ltr'><strong>N.</strong></span> 
     </span>
    </p>
   </div>
   <div class='ocr_carea' id='block_1_4' title="bbox 446 1335 2723 3495">
    <p class='ocr_par' dir='ltr' id='par_1_4' title="bbox 446 1335 2723 3079">
     <span class='ocr_line' id='line_1_8' title="bbox 549 1335 2712 1409; baseline -0.003 -14"><span class='ocrx_word' id='word_1_39' title='bbox 549 1339 654 1395; x_wconf 82' lang='lat'><strong>517</strong></span> <span class='ocrx_word' id='word_1_40' title='bbox 683 1337 1088 1391; x_wconf 67' lang='lat' dir='ltr'><strong>classeaenamb.</strong></span> <span class='ocrx_word' id='word_1_41' title='bbox 1114 1354 1198 1406; x_wconf 87' lang='lat' dir='ltr'><strong>pr.</strong></span> <span class='ocrx_word' id='word_1_42' title='bbox 1233 1336 1452 1390; x_wconf 70' lang='lat' dir='ltr'><strong>classim</strong></span> <span class='ocrx_word' id='word_1_43' title='bbox 1467 1340 1646 1406; x_wconf 83' lang='lat' dir='ltr'><strong>Sprot.</strong></span> <span class='ocrx_word' id='word_1_44' title='bbox 1682 1355 1789 1409; x_wconf 82' lang='lat' dir='ltr'><strong>quo</strong></span> <span class='ocrx_word' id='word_1_45' title='bbox 1818 1340 1879 1390; x_wconf 82' lang='lat' dir='ltr'><strong>in</strong></span> <span class='ocrx_word' id='word_1_46' title='bbox 1902 1337 2068 1389; x_wconf 75' lang='lat' dir='ltr'><strong>litore</strong></span> <span class='ocrx_word' id='word_1_47' title='bbox 2080 1353 2208 1389; x_wconf 89' lang='lat' dir='ltr'><strong>unus</strong></span> <span class='ocrx_word' id='word_1_48' title='bbox 2230 1335 2413 1388; x_wconf 82' lang='lat' dir='ltr'><strong>Heius.</strong></span> <span class='ocrx_word' id='word_1_49' title='bbox 2448 1335 2712 1407; x_wconf 68' lang='lat' dir='ltr'><strong>linquens</strong></span> 
     </span>
     <span class='ocr_line' id='line_1_9' title="bbox 447 1406 2712 1478; baseline -0.002 -16"><span class='ocrx_word' id='word_1_50' title='bbox 447 1409 584 1462; x_wconf 77' lang='lat' dir='ltr'><strong>ulter</strong></span> <span class='ocrx_word' id='word_1_51' title='bbox 595 1408 761 1461; x_wconf 77' lang='lat' dir='ltr'><strong>Goth.</strong></span> <span class='ocrx_word' id='word_1_52' title='bbox 792 1409 853 1459; x_wconf 86' lang='lat' dir='ltr'><strong>In</strong></span> <span class='ocrx_word' id='word_1_53' title='bbox 881 1408 1139 1478; x_wconf 67' lang='lat' dir='ltr'><strong>linquant</strong></span> <span class='ocrx_word' id='word_1_54' title='bbox 1162 1407 1326 1459; x_wconf 86' lang='lat' dir='ltr'><strong>sentis</strong></span> <span class='ocrx_word' id='word_1_55' title='bbox 1346 1407 1700 1460; x_wconf 77' lang='lat' dir='ltr'><strong>continuatam</strong></span> <span class='ocrx_word' id='word_1_56' title='bbox 1715 1406 1992 1466; x_wconf 85' lang='lat' dir='ltr'><strong>actionem,</strong></span> <span class='ocrx_word' id='word_1_57' title='bbox 2021 1407 2256 1476; x_wconf 79' lang='lat' dir='ltr'>adeoque</span> <span class='ocrx_word' id='word_1_58' title='bbox 2287 1423 2404 1476; x_wconf 88' lang='lat' dir='ltr'><strong>pro,</strong></span> <span class='ocrx_word' id='word_1_59' title='bbox 2422 1407 2712 1477; x_wconf 71' lang='lat' dir='ltr'><strong>liquerint,</strong></span> 
     </span>
     <span class='ocr_line' id='line_1_10' title="bbox 447 1471 2715 1550; baseline -0.001 -20"><span class='ocrx_word' id='word_1_60' title='bbox 447 1478 578 1549; x_wconf 87' lang='lat' dir='ltr'><strong>poni</strong></span> <span class='ocrx_word' id='word_1_61' title='bbox 607 1478 801 1550; x_wconf 88' lang='lat' dir='ltr'><strong>potuit.</strong></span> <span class='ocrx_word' id='word_1_62' title='bbox 872 1477 961 1529; x_wconf 80' lang='lat' dir='ltr'><strong>Sic</strong></span> <span class='ocrx_word' id='word_1_63' title='bbox 983 1495 1031 1530; x_wconf 82' lang='lat' dir='ltr'><strong>v.</strong></span> <span class='ocrx_word' id='word_1_64' title='bbox 1058 1474 1179 1542; x_wconf 82' lang='lat'><strong>546,</strong></span> <span class='ocrx_word' id='word_1_65' title='bbox 1215 1477 1336 1532; x_wconf 81' lang='lat'><strong>547.</strong></span> <span class='ocrx_word' id='word_1_66' title='bbox 1443 1477 1546 1532; x_wconf 84' lang='lat'><strong>518</strong></span> <span class='ocrx_word' id='word_1_67' title='bbox 1564 1478 1694 1547; x_wconf 78' lang='lat' dir='ltr'><strong>quid</strong></span> <span class='ocrx_word' id='word_1_68' title='bbox 1718 1486 1799 1528; x_wconf 89' lang='lat' dir='ltr'><strong>est</strong></span> <span class='ocrx_word' id='word_1_69' title='bbox 1842 1495 1906 1528; x_wconf 85' lang='lat' dir='ltr'><strong>ex</strong></span> <span class='ocrx_word' id='word_1_70' title='bbox 1934 1475 2092 1528; x_wconf 79' lang='grc' dir='ltr'><strong><em>τίπτε</em></strong></span> <span class='ocrx_word' id='word_1_71' title='bbox 2121 1493 2220 1543; x_wconf 87' lang='lat' dir='ltr'><strong>pro</strong></span> <span class='ocrx_word' id='word_1_72' title='bbox 2249 1471 2349 1530; x_wconf 78' lang='grc' dir='ltr'><strong>διὰ</strong></span> <span class='ocrx_word' id='word_1_73' title='bbox 2377 1474 2450 1529; x_wconf 73' lang='grc' dir='ltr'><strong>τί.</strong></span> <span class='ocrx_word' id='word_1_74' title='bbox 2486 1527 2495 1535; x_wconf 67' lang='grc'><strong>,</strong></span> <span class='ocrx_word' id='word_1_75' title='bbox 2519 1479 2715 1528; x_wconf 61' lang='lat' dir='ltr'><strong>cuncti</strong></span> 
     </span>
     <span class='ocr_line' id='line_1_11' title="bbox 448 1544 2714 1618; baseline -0.001 -19"><span class='ocrx_word' id='word_1_76' title='bbox 448 1548 592 1618; x_wconf 86' lang='lat' dir='ltr'><strong>quod</strong></span> <span class='ocrx_word' id='word_1_77' title='bbox 617 1547 853 1614; x_wconf 88' lang='lat' dir='ltr'><strong>mireris,</strong></span> <span class='ocrx_word' id='word_1_78' title='bbox 890 1546 1055 1598; x_wconf 85' lang='lat' dir='ltr'><strong>lectio</strong></span> <span class='ocrx_word' id='word_1_79' title='bbox 1083 1544 1561 1617; x_wconf 85' lang='lat' dir='ltr'><strong>antiquissimorum</strong></span> <span class='ocrx_word' id='word_1_80' title='bbox 1586 1546 1706 1598; x_wconf 83' lang='lat' dir='ltr'><strong>fere</strong></span> <span class='ocrx_word' id='word_1_81' title='bbox 1753 1555 1809 1597; x_wconf 92' lang='lat' dir='ltr'><strong>et</strong></span> <span class='ocrx_word' id='word_1_82' title='bbox 1854 1547 2175 1616; x_wconf 87' lang='lat' dir='ltr'><strong>optimorum</strong></span> <span class='ocrx_word' id='word_1_83' title='bbox 2203 1554 2286 1596; x_wconf 90' lang='lat' dir='ltr'><strong>est</strong></span> <span class='ocrx_word' id='word_1_84' title='bbox 2330 1545 2484 1597; x_wconf 86' lang='lat' dir='ltr'><strong>codd.</strong></span> <span class='ocrx_word' id='word_1_85' title='bbox 2526 1545 2714 1596; x_wconf 85' lang='lat' dir='ltr'><strong>inter-</strong></span> 
     </span>
     <span class='ocr_line' id='line_1_12' title="bbox 448 1613 2714 1688; baseline -0 -20"><span class='ocrx_word' id='word_1_86' title='bbox 448 1635 550 1688; x_wconf 84' lang='lat' dir='ltr'><strong>que</strong></span> <span class='ocrx_word' id='word_1_87' title='bbox 574 1635 666 1670; x_wconf 90' lang='lat' dir='ltr'><strong>eos</strong></span> <span class='ocrx_word' id='word_1_88' title='bbox 693 1615 945 1680; x_wconf 85' lang='lat' dir='ltr'><strong>Romani,</strong></span> <span class='ocrx_word' id='word_1_89' title='bbox 968 1614 1144 1671; x_wconf 75' lang='lat' dir='ltr'><strong>vatic.</strong></span> <span class='ocrx_word' id='word_1_90' title='bbox 1159 1616 1345 1685; x_wconf 76' lang='lat' dir='ltr'><strong>fragm.</strong></span> <span class='ocrx_word' id='word_1_91' title='bbox 1363 1631 1395 1669; x_wconf 82' lang='lat' dir='ltr'><strong>a</strong></span> <span class='ocrx_word' id='word_1_92' title='bbox 1419 1634 1487 1667; x_wconf 87' lang='lat' dir='ltr'><strong>m.</strong></span> <span class='ocrx_word' id='word_1_93' title='bbox 1513 1634 1595 1687; x_wconf 90' lang='lat' dir='ltr'><strong>pr.</strong></span> <span class='ocrx_word' id='word_1_94' title='bbox 1610 1615 1852 1679; x_wconf 83' lang='lat' dir='ltr'><strong>Medicei,</strong></span> <span class='ocrx_word' id='word_1_95' title='bbox 1879 1615 1968 1686; x_wconf 91' lang='lat' dir='ltr'><strong>qui</strong></span> <span class='ocrx_word' id='word_1_96' title='bbox 1991 1615 2119 1666; x_wconf 80' lang='lat' dir='ltr'><strong>alias</strong></span> <span class='ocrx_word' id='word_1_97' title='bbox 2143 1631 2249 1666; x_wconf 89' lang='lat' dir='ltr'><strong>nou</strong></span> <span class='ocrx_word' id='word_1_98' title='bbox 2276 1614 2434 1670; x_wconf 83' lang='lat' dir='ltr'><strong>facile</strong></span> <span class='ocrx_word' id='word_1_99' title='bbox 2460 1614 2516 1665; x_wconf 89' lang='lat' dir='ltr'><strong>iu</strong></span> <span class='ocrx_word' id='word_1_100' title='bbox 2543 1613 2714 1667; x_wconf 76' lang='lat' dir='ltr'><strong>dubia</strong></span> 
     </span>
     <span class='ocr_line' id='line_1_13' title="bbox 446 1684 2716 1753; baseline -0.001 -14"><span class='ocrx_word' id='word_1_101' title='bbox 446 1686 676 1739; x_wconf 81' lang='lat' dir='ltr'><strong>lectione</strong></span> <span class='ocrx_word' id='word_1_102' title='bbox 722 1686 779 1738; x_wconf 89' lang='lat' dir='ltr'><strong>in</strong></span> <span class='ocrx_word' id='word_1_103' title='bbox 813 1687 953 1738; x_wconf 86' lang='lat' dir='ltr'><strong>idem</strong></span> <span class='ocrx_word' id='word_1_104' title='bbox 990 1685 1354 1749; x_wconf 87' lang='lat' dir='ltr'><strong>consentiunt,</strong></span> <span class='ocrx_word' id='word_1_105' title='bbox 1406 1703 1507 1738; x_wconf 86' lang='lat' dir='ltr'><strong>nec</strong></span> <span class='ocrx_word' id='word_1_106' title='bbox 1549 1702 1657 1737; x_wconf 85' lang='lat' dir='ltr'><strong>non</strong></span> <span class='ocrx_word' id='word_1_107' title='bbox 1697 1685 1869 1738; x_wconf 78' lang='lat' dir='ltr'><strong>Servii</strong></span> <span class='ocrx_word' id='word_1_108' title='bbox 1907 1697 1959 1737; x_wconf 92' lang='lat' dir='ltr'><strong>et</strong></span> <span class='ocrx_word' id='word_1_109' title='bbox 1983 1684 2197 1736; x_wconf 89' lang='lat' dir='ltr'><strong>Donati.</strong></span> <span class='ocrx_word' id='word_1_110' title='bbox 2267 1686 2509 1748; x_wconf 73' lang='lat' dir='ltr'><strong>eunctis,</strong></span> <span class='ocrx_word' id='word_1_111' title='bbox 2560 1685 2716 1753; x_wconf 82' lang='lat' dir='ltr'><strong>quod</strong></span> 
     </span>
     <span class='ocr_line' id='line_1_14' title="bbox 449 1753 2714 1825; baseline -0 -16"><span class='ocrx_word' id='word_1_112' title='bbox 449 1756 595 1809; x_wconf 83' lang='lat' dir='ltr'><strong>haud</strong></span> <span class='ocrx_word' id='word_1_113' title='bbox 621 1757 780 1809; x_wconf 88' lang='lat' dir='ltr'><strong>dubie</strong></span> <span class='ocrx_word' id='word_1_114' title='bbox 808 1755 1014 1821; x_wconf 82' lang='lat' dir='ltr'><strong>verius,</strong></span> <span class='ocrx_word' id='word_1_115' title='bbox 1065 1754 1121 1806; x_wconf 91' lang='lat' dir='ltr'><strong>in</strong></span> <span class='ocrx_word' id='word_1_116' title='bbox 1148 1753 1474 1825; x_wconf 69' lang='lat' dir='ltr'><strong>paucissimis</strong></span> <span class='ocrx_word' id='word_1_117' title='bbox 1518 1772 1794 1807; x_wconf 89' lang='lat' dir='ltr'><strong>occurrere</strong></span> <span class='ocrx_word' id='word_1_118' title='bbox 1828 1754 2064 1817; x_wconf 75' lang='lat' dir='ltr'><strong>videtui-3</strong></span> <span class='ocrx_word' id='word_1_119' title='bbox 2102 1763 2163 1805; x_wconf 91' lang='lat' dir='ltr'><strong>ut</strong></span> <span class='ocrx_word' id='word_1_120' title='bbox 2198 1753 2253 1805; x_wconf 91' lang='lat' dir='ltr'><strong>in</strong></span> <span class='ocrx_word' id='word_1_121' title='bbox 2291 1754 2495 1806; x_wconf 91' lang='lat' dir='ltr'><strong>duobus</strong></span> <span class='ocrx_word' id='word_1_122' title='bbox 2520 1755 2714 1808; x_wconf 73' lang='lat' dir='ltr'><strong>Heius.</strong></span> 
     </span>
     <span class='ocr_line' id='line_1_15' title="bbox 451 1822 2715 1893; baseline 0 -15"><span class='ocrx_word' id='word_1_123' title='bbox 451 1835 508 1879; x_wconf 86' lang='lat' dir='ltr'><strong>et</strong></span> <span class='ocrx_word' id='word_1_124' title='bbox 532 1826 671 1878; x_wconf 88' lang='lat' dir='ltr'><strong>binis</strong></span> <span class='ocrx_word' id='word_1_125' title='bbox 695 1825 985 1886; x_wconf 77' lang='lat' dir='ltr'><strong>Gothanis5</strong></span> <span class='ocrx_word' id='word_1_126' title='bbox 1020 1823 1120 1875; x_wconf 81' lang='lat' dir='ltr'><strong>fuit</strong></span> <span class='ocrx_word' id='word_1_127' title='bbox 1141 1835 1316 1876; x_wconf 88' lang='lat' dir='ltr'><strong>tamen</strong></span> <span class='ocrx_word' id='word_1_128' title='bbox 1345 1824 1509 1876; x_wconf 85' lang='lat' dir='ltr'><strong>lectio</strong></span> <span class='ocrx_word' id='word_1_129' title='bbox 1533 1824 1745 1893; x_wconf 81' lang='lat' dir='ltr'><strong>vulgata</strong></span> <span class='ocrx_word' id='word_1_130' title='bbox 1770 1825 1874 1876; x_wconf 83' lang='lat' dir='ltr'><strong>iam</strong></span> <span class='ocrx_word' id='word_1_131' title='bbox 1900 1834 2022 1877; x_wconf 88' lang='lat' dir='ltr'><strong>ante</strong></span> <span class='ocrx_word' id='word_1_132' title='bbox 2047 1822 2287 1875; x_wconf 74' lang='lat' dir='ltr'><strong>Pieriam.</strong></span> <span class='ocrx_word' id='word_1_133' title='bbox 2339 1825 2551 1875; x_wconf 73' lang='lat' dir='ltr'><strong>eunctis</strong></span> <span class='ocrx_word' id='word_1_134' title='bbox 2578 1843 2715 1879; x_wconf 74' lang='lat' dir='ltr'><strong>nam</strong></span> 
     </span>
     <span class='ocr_line' id='line_1_16' title="bbox 450 1892 2711 1976; baseline -0.001 -27"><span class='ocrx_word' id='word_1_135' title='bbox 450 1896 608 1949; x_wconf 70' lang='lat' dir='ltr'><strong>lectis</strong></span> <span class='ocrx_word' id='word_1_136' title='bbox 634 1897 770 1949; x_wconf 88' lang='lat' dir='ltr'><strong>Gud.</strong></span> <span class='ocrx_word' id='word_1_137' title='bbox 799 1915 832 1949; x_wconf 85' lang='lat' dir='ltr'><strong>a</strong></span> <span class='ocrx_word' id='word_1_138' title='bbox 854 1913 924 1947; x_wconf 90' lang='lat' dir='ltr'><strong>m.</strong></span> <span class='ocrx_word' id='word_1_139' title='bbox 951 1911 1034 1976; x_wconf 87' lang='lat' dir='ltr'><strong>pr.</strong></span> <span class='ocrx_word' id='word_1_140' title='bbox 1104 1893 1260 1945; x_wconf 73' lang='lat' dir='ltr'><strong>lectis</strong></span> <span class='ocrx_word' id='word_1_141' title='bbox 1295 1904 1347 1945; x_wconf 91' lang='lat' dir='ltr'><strong>et</strong></span> <span class='ocrx_word' id='word_1_142' title='bbox 1378 1894 1517 1946; x_wconf 74' lang='lat' dir='ltr'><strong>laeti</strong></span> <span class='ocrx_word' id='word_1_143' title='bbox 1550 1895 1826 1946; x_wconf 75' lang='lat' dir='ltr'><strong>aberratur</strong></span> <span class='ocrx_word' id='word_1_144' title='bbox 1861 1894 2020 1946; x_wconf 79' lang='lat' dir='ltr'><strong>etiam</strong></span> <span class='ocrx_word' id='word_1_145' title='bbox 2046 1894 2105 1945; x_wconf 88' lang='lat' dir='ltr'><strong>iu</strong></span> <span class='ocrx_word' id='word_1_146' title='bbox 2134 1892 2270 1944; x_wconf 89' lang='lat' dir='ltr'><strong>aliis.</strong></span> <span class='ocrx_word' id='word_1_147' title='bbox 2342 1893 2441 1944; x_wconf 74' lang='lat' dir='ltr'><strong>leti</strong></span> <span class='ocrx_word' id='word_1_148' title='bbox 2461 1892 2518 1943; x_wconf 90' lang='lat' dir='ltr'><strong>iu</strong></span> <span class='ocrx_word' id='word_1_149' title='bbox 2551 1896 2711 1947; x_wconf 81' lang='lat' dir='ltr'><strong>Rom.</strong></span> 
     </span>
     <span class='ocr_line' id='line_1_17' title="bbox 450 1960 2711 2038; baseline -0.001 -20"><span class='ocrx_word' id='word_1_150' title='bbox 450 1983 485 2018; x_wconf 85' lang='lat' dir='ltr'><strong>a</strong></span> <span class='ocrx_word' id='word_1_151' title='bbox 508 1984 577 2018; x_wconf 86' lang='lat' dir='ltr'><strong>m.</strong></span> <span class='ocrx_word' id='word_1_152' title='bbox 603 1984 686 2038; x_wconf 88' lang='lat' dir='ltr'><strong>pr.</strong></span> <span class='ocrx_word' id='word_1_153' title='bbox 755 1967 990 2034; x_wconf 73' lang='lat' dir='ltr'><strong>(cuneus</strong></span> <span class='ocrx_word' id='word_1_154' title='bbox 1018 1962 1214 2016; x_wconf 86' lang='lat' dir='ltr'><strong>habent</strong></span> <span class='ocrx_word' id='word_1_155' title='bbox 1236 1963 1423 2031; x_wconf 80' lang='lat' dir='ltr'><strong>fragm.</strong></span> <span class='ocrx_word' id='word_1_156' title='bbox 1453 1965 1578 2014; x_wconf 83' lang='lat' dir='ltr'><strong>Vat.</strong></span> <span class='ocrx_word' id='word_1_157' title='bbox 1607 1982 1639 2015; x_wconf 89' lang='lat' dir='ltr'><strong>a</strong></span> <span class='ocrx_word' id='word_1_158' title='bbox 1666 1982 1734 2018; x_wconf 87' lang='lat' dir='ltr'><strong>m.</strong></span> <span class='ocrx_word' id='word_1_159' title='bbox 1759 1982 1881 2028; x_wconf 63' lang='lat' dir='ltr'><strong>sec„</strong></span> <span class='ocrx_word' id='word_1_160' title='bbox 1916 1975 2026 2015; x_wconf 86' lang='lat' dir='ltr'><strong>tum</strong></span> <span class='ocrx_word' id='word_1_161' title='bbox 2058 1981 2122 2014; x_wconf 84' lang='lat' dir='ltr'><strong>ex</strong></span> <span class='ocrx_word' id='word_1_162' title='bbox 2150 1960 2450 2014; x_wconf 79' lang='lat' dir='ltr'><strong>Heinsianis</strong></span> <span class='ocrx_word' id='word_1_163' title='bbox 2487 1964 2711 2016; x_wconf 80' lang='lat' dir='ltr'><strong>Mentel.</strong></span> 
     </span>
     <span class='ocr_line' id='line_1_18' title="bbox 450 2032 2715 2107; baseline 0 -21"><span class='ocrx_word' id='word_1_164' title='bbox 450 2053 533 2107; x_wconf 88' lang='lat' dir='ltr'><strong>pr.</strong></span> <span class='ocrx_word' id='word_1_165' title='bbox 562 2052 593 2086; x_wconf 84' lang='lat' dir='ltr'><strong>a</strong></span> <span class='ocrx_word' id='word_1_166' title='bbox 624 2054 692 2087; x_wconf 89' lang='lat' dir='ltr'><strong>m.</strong></span> <span class='ocrx_word' id='word_1_167' title='bbox 722 2054 824 2106; x_wconf 87' lang='lat' dir='ltr'><strong>pr.,</strong></span> <span class='ocrx_word' id='word_1_168' title='bbox 856 2032 1071 2087; x_wconf 83' lang='lat' dir='ltr'><strong>Mentel.</strong></span> <span class='ocrx_word' id='word_1_169' title='bbox 1099 2032 1212 2099; x_wconf 69' lang='lat' dir='ltr'><strong>alt„</strong></span> <span class='ocrx_word' id='word_1_170' title='bbox 1246 2034 1436 2085; x_wconf 85' lang='lat' dir='ltr'><strong>Moret.</strong></span> <span class='ocrx_word' id='word_1_171' title='bbox 1464 2050 1546 2101; x_wconf 88' lang='lat' dir='ltr'><strong>pr.</strong></span> <span class='ocrx_word' id='word_1_172' title='bbox 1569 2042 1626 2085; x_wconf 92' lang='lat' dir='ltr'><strong>et</strong></span> <span class='ocrx_word' id='word_1_173' title='bbox 1648 2052 1784 2099; x_wconf 88' lang='lat' dir='ltr'><strong>sec.,</strong></span> <span class='ocrx_word' id='word_1_174' title='bbox 1817 2034 2006 2102; x_wconf 77' lang='lat' dir='ltr'><strong>fragm.</strong></span> <span class='ocrx_word' id='word_1_175' title='bbox 2034 2036 2170 2084; x_wconf 88' lang='lat' dir='ltr'><strong>Mor.</strong></span> <span class='ocrx_word' id='word_1_176' title='bbox 2189 2072 2204 2097; x_wconf 95' lang='lat'><strong>,</strong></span> <span class='ocrx_word' id='word_1_177' title='bbox 2251 2032 2356 2083; x_wconf 89' lang='lat' dir='ltr'><strong>duo</strong></span> <span class='ocrx_word' id='word_1_178' title='bbox 2390 2033 2645 2085; x_wconf 81' lang='lat' dir='ltr'><strong>Rottend.</strong></span> <span class='ocrx_word' id='word_1_179' title='bbox 2677 2053 2715 2087; x_wconf 78' lang='lat' dir='ltr'><strong>a</strong></span> 
     </span>
     <span class='ocr_line' id='line_1_19' title="bbox 450 2101 2716 2185; baseline -0.001 -28"><span class='ocrx_word' id='word_1_180' title='bbox 450 2123 521 2157; x_wconf 87' lang='lat' dir='ltr'><strong>m.</strong></span> <span class='ocrx_word' id='word_1_181' title='bbox 547 2122 654 2157; x_wconf 85' lang='lat' dir='ltr'><strong>sec.</strong></span> <span class='ocrx_word' id='word_1_182' title='bbox 681 2116 736 2156; x_wconf 89' lang='lat' dir='ltr'><strong>et</strong></span> <span class='ocrx_word' id='word_1_183' title='bbox 778 2105 883 2157; x_wconf 88' lang='lat' dir='ltr'><strong>duo</strong></span> <span class='ocrx_word' id='word_1_184' title='bbox 925 2102 1047 2166; x_wconf 79' lang='lat' dir='ltr'><strong>alii,</strong></span> <span class='ocrx_word' id='word_1_185' title='bbox 1094 2112 1372 2172; x_wconf 84' lang='lat' dir='ltr'><strong>praeterea</strong></span> <span class='ocrx_word' id='word_1_186' title='bbox 1413 2102 1568 2155; x_wconf 86' lang='lat' dir='ltr'><strong>etiam</strong></span> <span class='ocrx_word' id='word_1_187' title='bbox 1600 2103 1746 2173; x_wconf 87' lang='lat' dir='ltr'><strong>Lips.</strong></span> <span class='ocrx_word' id='word_1_188' title='bbox 1789 2103 1898 2156; x_wconf 90' lang='lat' dir='ltr'><strong>obl.</strong></span> <span class='ocrx_word' id='word_1_189' title='bbox 1969 2105 2156 2185; x_wconf 71' lang='lat' dir='ltr'><strong>Neque</strong></span> <span class='ocrx_word' id='word_1_190' title='bbox 2197 2101 2529 2169; x_wconf 81' lang='lat' dir='ltr'><strong>negaverim,</strong></span> <span class='ocrx_word' id='word_1_191' title='bbox 2564 2104 2716 2172; x_wconf 87' lang='lat' dir='ltr'><strong>quod</strong></span> 
     </span>
     <span class='ocr_line' id='line_1_20' title="bbox 452 2172 2713 2257; baseline -0 -31"><span class='ocrx_word' id='word_1_192' title='bbox 452 2173 690 2244; x_wconf 84' lang='lat' dir='ltr'><strong>proxime</strong></span> <span class='ocrx_word' id='word_1_193' title='bbox 710 2172 975 2257; x_wconf 69' lang='lat' dir='ltr'><strong>sequitur,</strong></span> <span class='ocrx_word' id='word_1_194' title='bbox 1022 2173 1154 2225; x_wconf 72' lang='lat' dir='ltr'><strong>lecti</strong></span> <span class='ocrx_word' id='word_1_195' title='bbox 1192 2172 1350 2225; x_wconf 82' lang='lat' dir='ltr'><strong>facile</strong></span> <span class='ocrx_word' id='word_1_196' title='bbox 1388 2173 1456 2225; x_wconf 87' lang='lat' dir='ltr'><strong>ad</strong></span> <span class='ocrx_word' id='word_1_197' title='bbox 1496 2172 1777 2225; x_wconf 84' lang='lat' dir='ltr'><strong>lectionem</strong></span> <span class='ocrx_word' id='word_1_198' title='bbox 1819 2175 2032 2225; x_wconf 76' lang='lat' dir='ltr'><strong>cunctis</strong></span> <span class='ocrx_word' id='word_1_199' title='bbox 2077 2190 2132 2222; x_wconf 90' lang='lat' dir='ltr'><strong>m</strong></span> <span class='ocrx_word' id='word_1_200' title='bbox 2183 2174 2368 2224; x_wconf 74' lang='lat' dir='ltr'><strong>cuncti</strong></span> <span class='ocrx_word' id='word_1_201' title='bbox 2406 2174 2713 2225; x_wconf 82' lang='lat' dir='ltr'><strong>mutandam</strong></span> 
     </span>
     <span class='ocr_line' id='line_1_21' title="bbox 453 2240 2716 2314; baseline -0 -19"><span class='ocrx_word' id='word_1_202' title='bbox 453 2243 632 2296; x_wconf 80' lang='lat' dir='ltr'><strong>valere</strong></span> <span class='ocrx_word' id='word_1_203' title='bbox 658 2252 920 2314; x_wconf 74' lang='lat' dir='ltr'><strong>potuisse3</strong></span> <span class='ocrx_word' id='word_1_204' title='bbox 970 2241 1403 2312; x_wconf 85' lang='lat' dir='ltr'><strong>quemadmodum</strong></span> <span class='ocrx_word' id='word_1_205' title='bbox 1450 2242 1636 2307; x_wconf 73' lang='lat' dir='ltr'><strong>lectis,</strong></span> <span class='ocrx_word' id='word_1_206' title='bbox 1683 2242 1827 2312; x_wconf 88' lang='lat' dir='ltr'><strong>quod</strong></span> <span class='ocrx_word' id='word_1_207' title='bbox 1865 2251 2037 2294; x_wconf 81' lang='lat' dir='ltr'><strong>exstat</strong></span> <span class='ocrx_word' id='word_1_208' title='bbox 2078 2240 2136 2292; x_wconf 87' lang='lat' dir='ltr'><strong>iu</strong></span> <span class='ocrx_word' id='word_1_209' title='bbox 2176 2240 2472 2306; x_wconf 84' lang='lat' dir='ltr'><strong>nonnullis,</strong></span> <span class='ocrx_word' id='word_1_210' title='bbox 2521 2243 2716 2295; x_wconf 88' lang='lat' dir='ltr'><strong>deberi</strong></span> 
     </span>
     <span class='ocr_line' id='line_1_22' title="bbox 451 2311 2712 2394; baseline 0 -29"><span class='ocrx_word' id='word_1_211' title='bbox 451 2312 659 2365; x_wconf 77' lang='lat' dir='ltr'><strong>videtur</strong></span> <span class='ocrx_word' id='word_1_212' title='bbox 678 2327 990 2383; x_wconf 80' lang='lat' dir='ltr'><strong>praegresso</strong></span> <span class='ocrx_word' id='word_1_213' title='bbox 1017 2313 1248 2363; x_wconf 73' lang='lat' dir='ltr'><strong>cunetis.</strong></span> <span class='ocrx_word' id='word_1_214' title='bbox 1318 2312 1423 2365; x_wconf 83' lang='lat' dir='ltr'><strong>Sed</strong></span> <span class='ocrx_word' id='word_1_215' title='bbox 1448 2311 1719 2364; x_wconf 82' lang='lat' dir='ltr'><strong>difficilior</strong></span> <span class='ocrx_word' id='word_1_216' title='bbox 1744 2322 1914 2376; x_wconf 89' lang='lat' dir='ltr'><strong>certe,</strong></span> <span class='ocrx_word' id='word_1_217' title='bbox 1953 2321 2338 2394; x_wconf 68' lang='lat' dir='ltr'><strong>proptereaque</strong></span> <span class='ocrx_word' id='word_1_218' title='bbox 2360 2328 2468 2362; x_wconf 85' lang='lat' dir='ltr'><strong>non</strong></span> <span class='ocrx_word' id='word_1_219' title='bbox 2499 2322 2712 2365; x_wconf 84' lang='lat' dir='ltr'><strong>temere</strong></span> 
     </span>
     <span class='ocr_line' id='line_1_23' title="bbox 451 2379 2715 2451; baseline -0 -17"><span class='ocrx_word' id='word_1_220' title='bbox 451 2381 809 2451; x_wconf 86' lang='lat' dir='ltr'><strong>repudianda,</strong></span> <span class='ocrx_word' id='word_1_221' title='bbox 866 2379 1027 2433; x_wconf 87' lang='lat' dir='ltr'><strong>lectio</strong></span> <span class='ocrx_word' id='word_1_222' title='bbox 1072 2383 1283 2445; x_wconf 76' lang='lat' dir='ltr'><strong>cuncti,</strong></span> <span class='ocrx_word' id='word_1_223' title='bbox 1347 2398 1482 2450; x_wconf 86' lang='lat' dir='ltr'><strong>quae</strong></span> <span class='ocrx_word' id='word_1_224' title='bbox 1523 2381 1680 2433; x_wconf 84' lang='lat' dir='ltr'><strong>etiam</strong></span> <span class='ocrx_word' id='word_1_225' title='bbox 1716 2381 1771 2432; x_wconf 90' lang='lat' dir='ltr'><strong>iu</strong></span> <span class='ocrx_word' id='word_1_226' title='bbox 1813 2381 2060 2433; x_wconf 73' lang='lat' dir='ltr'><strong>Parisinis</strong></span> <span class='ocrx_word' id='word_1_227' title='bbox 2101 2381 2153 2434; x_wconf 79' lang='lat'><strong>3.</strong></span> <span class='ocrx_word' id='word_1_228' title='bbox 2193 2382 2245 2435; x_wconf 91' lang='grc'><strong>7.</strong></span> <span class='ocrx_word' id='word_1_229' title='bbox 2286 2381 2334 2433; x_wconf 87' lang='lat'><strong>8.</strong></span> <span class='ocrx_word' id='word_1_230' title='bbox 2383 2383 2467 2434; x_wconf 87' lang='grc'><strong>10.</strong></span> <span class='ocrx_word' id='word_1_231' title='bbox 2504 2383 2715 2435; x_wconf 80' lang='lat' dir='ltr'><strong>visitur.</strong></span> 
     </span>
     <span class='ocr_line' id='line_1_24' title="bbox 456 2449 2717 2522; baseline 0 -19"><span class='ocrx_word' id='word_1_232' title='bbox 456 2455 649 2504; x_wconf 73' lang='lat' dir='ltr'><strong>Cuncti</strong></span> <span class='ocrx_word' id='word_1_233' title='bbox 675 2450 830 2506; x_wconf 69' lang='lat' dir='ltr'><strong>ibant</strong></span> <span class='ocrx_word' id='word_1_234' title='bbox 854 2451 984 2503; x_wconf 74' lang='lat' dir='ltr'><strong>lecti</strong></span> <span class='ocrx_word' id='word_1_235' title='bbox 1008 2450 1082 2501; x_wconf 88' lang='lat' dir='ltr'><strong>ita</strong></span> <span class='ocrx_word' id='word_1_236' title='bbox 1106 2450 1315 2519; x_wconf 79' lang='lat' dir='ltr'><strong>accipe:</strong></span> <span class='ocrx_word' id='word_1_237' title='bbox 1369 2449 1565 2520; x_wconf 81' lang='lat' dir='ltr'><strong>singuli</strong></span> <span class='ocrx_word' id='word_1_238' title='bbox 1592 2470 1622 2503; x_wconf 87' lang='lat' dir='ltr'><strong>e</strong></span> <span class='ocrx_word' id='word_1_239' title='bbox 1660 2451 1739 2503; x_wconf 89' lang='lat' dir='ltr'><strong>sin</strong></span> <span class='ocrx_word' id='word_1_240' title='bbox 1780 2451 1877 2502; x_wconf 90' lang='lat' dir='ltr'><strong>ulis</strong></span> <span class='ocrx_word' id='word_1_241' title='bbox 1904 2450 2121 2502; x_wconf 80' lang='lat' dir='ltr'><strong>navibus</strong></span> <span class='ocrx_word' id='word_1_242' title='bbox 2163 2450 2291 2500; x_wconf 85' lang='lat' dir='ltr'><strong>lecti</strong></span> <span class='ocrx_word' id='word_1_243' title='bbox 2321 2461 2500 2517; x_wconf 87' lang='lat' dir='ltr'><strong>erant,</strong></span> <span class='ocrx_word' id='word_1_244' title='bbox 2549 2462 2717 2522; x_wconf 81' lang='lat' dir='ltr'><strong>atque</strong></span> 
     </span>
     <span class='ocr_line' id='line_1_25' title="bbox 453 2520 2718 2586; baseline 0 -12"><span class='ocrx_word' id='word_1_245' title='bbox 453 2521 515 2576; x_wconf 82' lang='lat' dir='ltr'><strong>hi</strong></span> <span class='ocrx_word' id='word_1_246' title='bbox 544 2540 726 2575; x_wconf 85' lang='lat' dir='ltr'><strong>omnes</strong></span> <span class='ocrx_word' id='word_1_247' title='bbox 749 2539 881 2586; x_wconf 84' lang='lat' dir='ltr'><strong>uua,</strong></span> <span class='ocrx_word' id='word_1_248' title='bbox 915 2520 952 2572; x_wconf 88' lang='lat' dir='ltr'><strong>i.</strong></span> <span class='ocrx_word' id='word_1_249' title='bbox 978 2538 1025 2572; x_wconf 86' lang='lat' dir='ltr'><strong>e.</strong></span> <span class='ocrx_word' id='word_1_250' title='bbox 1064 2520 1333 2583; x_wconf 91' lang='lat' dir='ltr'><strong>cuncti,</strong></span> <span class='ocrx_word' id='word_1_251' title='bbox 1365 2521 1528 2573; x_wconf 86' lang='lat' dir='ltr'><strong>ibant.</strong></span> <span class='ocrx_word' id='word_1_252' title='bbox 1598 2527 1666 2573; x_wconf 75' lang='lat' dir='ltr'><strong>At</strong></span> <span class='ocrx_word' id='word_1_253' title='bbox 1690 2540 1722 2572; x_wconf 81' lang='lat' dir='ltr'>v</span> <span class='ocrx_word' id='word_1_254' title='bbox 1774 2523 1841 2573; x_wconf 89' lang='lat' dir='ltr'><strong>de</strong></span> <span class='ocrx_word' id='word_1_255' title='bbox 1867 2520 2094 2573; x_wconf 83' lang='lat' dir='ltr'><strong>offendit</strong></span> <span class='ocrx_word' id='word_1_256' title='bbox 2118 2538 2269 2571; x_wconf 87' lang='lat' dir='ltr'><strong>aures</strong></span> <span class='ocrx_word' id='word_1_257' title='bbox 2303 2525 2551 2574; x_wconf 77' lang='lat' dir='ltr'><strong>cuncti</strong></span> <span class='ocrx_word' id='word_1_258' title='bbox 2583 2541 2718 2574; x_wconf 78' lang='lat' dir='ltr'><strong>nam</strong></span> 
     </span>
     <span class='ocr_line' id='line_1_26' title="bbox 456 2589 2718 2661; baseline -0 -16"><span class='ocrx_word' id='word_1_259' title='bbox 456 2592 649 2647; x_wconf 68' lang='lat' dir='ltr'><strong>laeti.</strong></span> <span class='ocrx_word' id='word_1_260' title='bbox 718 2590 933 2647; x_wconf 81' lang='lat' dir='ltr'><strong>Scilicet</strong></span> <span class='ocrx_word' id='word_1_261' title='bbox 972 2590 1208 2660; x_wconf 88' lang='lat' dir='ltr'><strong>corrupit</strong></span> <span class='ocrx_word' id='word_1_262' title='bbox 1240 2590 1414 2641; x_wconf 87' lang='lat' dir='ltr'><strong>locum</strong></span> <span class='ocrx_word' id='word_1_263' title='bbox 1444 2609 1604 2661; x_wconf 83' lang='lat' dir='ltr'><strong>prava</strong></span> <span class='ocrx_word' id='word_1_264' title='bbox 1629 2591 1928 2644; x_wconf 86' lang='lat' dir='ltr'><strong>distinctio:</strong></span> <span class='ocrx_word' id='word_1_265' title='bbox 1980 2590 2243 2657; x_wconf 82' lang='lat' dir='ltr'><strong>iungenda</strong></span> <span class='ocrx_word' id='word_1_266' title='bbox 2270 2589 2408 2641; x_wconf 87' lang='lat' dir='ltr'><strong>enim</strong></span> <span class='ocrx_word' id='word_1_267' title='bbox 2436 2593 2582 2657; x_wconf 80' lang='lat' dir='ltr'><strong>Quid</strong></span> <span class='ocrx_word' id='word_1_268' title='bbox 2611 2611 2718 2643; x_wconf 72' lang='lat' dir='ltr'><strong>ve-</strong></span> 
     </span>
     <span class='ocr_line' id='line_1_27' title="bbox 455 2658 2717 2728; baseline -0.001 -13"><span class='ocrx_word' id='word_1_269' title='bbox 455 2662 618 2715; x_wconf 78' lang='lat' dir='ltr'><strong>niam</strong></span> <span class='ocrx_word' id='word_1_270' title='bbox 647 2663 834 2714; x_wconf 75' lang='lat' dir='ltr'><strong>cuncti</strong></span> <span class='ocrx_word' id='word_1_271' title='bbox 843 2699 858 2725; x_wconf 86' lang='lat'><strong>,</strong></span> <span class='ocrx_word' id='word_1_272' title='bbox 890 2677 995 2712; x_wconf 89' lang='lat' dir='ltr'><strong>nou</strong></span> <span class='ocrx_word' id='word_1_273' title='bbox 1021 2661 1211 2712; x_wconf 73' lang='lat' dir='ltr'><strong>cuncti</strong></span> <span class='ocrx_word' id='word_1_274' title='bbox 1234 2678 1291 2711; x_wconf 81' lang='lat' dir='ltr'><strong>n.</strong></span> <span class='ocrx_word' id='word_1_275' title='bbox 1320 2659 1359 2711; x_wconf 83' lang='lat' dir='ltr'><strong>l.</strong></span> <span class='ocrx_word' id='word_1_276' title='bbox 1390 2679 1446 2712; x_wconf 85' lang='lat' dir='ltr'><strong>n.</strong></span> <span class='ocrx_word' id='word_1_277' title='bbox 1473 2664 1529 2725; x_wconf 64' lang='grc' dir='ltr'><strong>ιζ,</strong></span> <span class='ocrx_word' id='word_1_278' title='bbox 1577 2669 1635 2712; x_wconf 87' lang='lat' dir='ltr'><strong>ut</strong></span> <span class='ocrx_word' id='word_1_279' title='bbox 1672 2659 1883 2713; x_wconf 83' lang='lat' dir='ltr'><strong>Iahnius</strong></span> <span class='ocrx_word' id='word_1_280' title='bbox 1921 2659 2123 2721; x_wconf 87' lang='lat' dir='ltr'><strong>edidit;</strong></span> <span class='ocrx_word' id='word_1_281' title='bbox 2173 2668 2329 2728; x_wconf 90' lang='lat' dir='ltr'><strong>atque</strong></span> <span class='ocrx_word' id='word_1_282' title='bbox 2370 2658 2426 2711; x_wconf 88' lang='lat' dir='ltr'><strong>in</strong></span> <span class='ocrx_word' id='word_1_283' title='bbox 2470 2662 2717 2713; x_wconf 81' lang='lat' dir='ltr'><strong>Mediceo</strong></span> 
     </span>
     <span class='ocr_line' id='line_1_28' title="bbox 455 2728 2716 2801; baseline 0 -18"><span class='ocrx_word' id='word_1_284' title='bbox 455 2731 667 2801; x_wconf 86' lang='lat' dir='ltr'><strong>quidem</strong></span> <span class='ocrx_word' id='word_1_285' title='bbox 694 2728 1078 2800; x_wconf 78' lang='lat' dir='ltr'><strong>iuterpuugitur</strong></span> <span class='ocrx_word' id='word_1_286' title='bbox 1106 2738 1161 2780; x_wconf 84' lang='lat' dir='ltr'><strong>et</strong></span> <span class='ocrx_word' id='word_1_287' title='bbox 1184 2739 1306 2781; x_wconf 85' lang='lat' dir='ltr'><strong>aute</strong></span> <span class='ocrx_word' id='word_1_288' title='bbox 1334 2738 1389 2780; x_wconf 89' lang='lat' dir='ltr'><strong>et</strong></span> <span class='ocrx_word' id='word_1_289' title='bbox 1412 2742 1537 2799; x_wconf 85' lang='lat' dir='ltr'><strong>post</strong></span> <span class='ocrx_word' id='word_1_290' title='bbox 1560 2732 1766 2794; x_wconf 74' lang='lat' dir='ltr'><strong>cuncti,</strong></span> <span class='ocrx_word' id='word_1_291' title='bbox 1817 2730 2060 2781; x_wconf 86' lang='lat' dir='ltr'><strong>nimirum</strong></span> <span class='ocrx_word' id='word_1_292' title='bbox 2091 2739 2149 2780; x_wconf 89' lang='lat' dir='ltr'><strong>ut</strong></span> <span class='ocrx_word' id='word_1_293' title='bbox 2175 2729 2308 2781; x_wconf 87' lang='lat' dir='ltr'><strong>haec</strong></span> <span class='ocrx_word' id='word_1_294' title='bbox 2333 2730 2562 2799; x_wconf 85' lang='lat' dir='ltr'><strong>prodeat</strong></span> <span class='ocrx_word' id='word_1_295' title='bbox 2586 2750 2716 2783; x_wconf 85' lang='lat' dir='ltr'><strong>seu-</strong></span> 
     </span>
     <span class='ocr_line' id='line_1_29' title="bbox 453 2796 2719 2882; baseline 0 -29"><span class='ocrx_word' id='word_1_296' title='bbox 453 2800 648 2854; x_wconf 84' lang='lat' dir='ltr'><strong>tentia:</strong></span> <span class='ocrx_word' id='word_1_297' title='bbox 698 2800 878 2864; x_wconf 87' lang='lat' dir='ltr'><strong>Quid</strong></span> <span class='ocrx_word' id='word_1_298' title='bbox 929 2796 1257 2864; x_wconf 84' lang='lat' dir='ltr'><strong>veniant,</strong></span> <span class='ocrx_word' id='word_1_299' title='bbox 1308 2809 1375 2851; x_wconf 91' lang='lat' dir='ltr'><strong>et</strong></span> <span class='ocrx_word' id='word_1_300' title='bbox 1427 2798 1674 2852; x_wconf 86' lang='lat' dir='ltr'><strong>cuncti</strong></span> <span class='ocrx_word' id='word_1_301' title='bbox 1725 2799 2010 2882; x_wconf 67' lang='lat' dir='ltr'><strong>quidem.</strong></span> <span class='ocrx_word' id='word_1_302' title='bbox 2082 2801 2164 2850; x_wconf 84' lang='lat' dir='ltr'><strong>Ita</strong></span> <span class='ocrx_word' id='word_1_303' title='bbox 2190 2798 2279 2861; x_wconf 89' lang='lat' dir='ltr'><strong>fit,</strong></span> <span class='ocrx_word' id='word_1_304' title='bbox 2315 2799 2509 2851; x_wconf 86' lang='lat' dir='ltr'><strong>utiam</strong></span> <span class='ocrx_word' id='word_1_305' title='bbox 2540 2802 2719 2853; x_wconf 80' lang='lat' dir='ltr'><strong>minus</strong></span> 
     </span>
     <span class='ocr_line' id='line_1_30' title="bbox 454 2867 2721 2938; baseline -0 -14"><span class='ocrx_word' id='word_1_306' title='bbox 454 2870 782 2924; x_wconf 83' lang='lat' dir='ltr'><strong>incommode</strong></span> <span class='ocrx_word' id='word_1_307' title='bbox 808 2869 942 2922; x_wconf 84' lang='lat' dir='ltr'><strong>haec</strong></span> <span class='ocrx_word' id='word_1_308' title='bbox 979 2867 1046 2921; x_wconf 88' lang='lat' dir='ltr'><strong>ad</strong></span> <span class='ocrx_word' id='word_1_309' title='bbox 1081 2885 1234 2921; x_wconf 80' lang='lat' dir='ltr'><strong>aures</strong></span> <span class='ocrx_word' id='word_1_310' title='bbox 1270 2867 1525 2921; x_wconf 82' lang='lat' dir='ltr'><strong>accidant.</strong></span> <span class='ocrx_word' id='word_1_311' title='bbox 1594 2871 1701 2921; x_wconf 84' lang='lat' dir='ltr'><strong>Res</strong></span> <span class='ocrx_word' id='word_1_312' title='bbox 1733 2888 1850 2938; x_wconf 74' lang='lat' dir='ltr'><strong>ipsa</strong></span> <span class='ocrx_word' id='word_1_313' title='bbox 1884 2880 2060 2922; x_wconf 86' lang='lat' dir='ltr'><strong>autem</strong></span> <span class='ocrx_word' id='word_1_314' title='bbox 2102 2869 2178 2921; x_wconf 87' lang='lat' dir='ltr'><strong>sic</strong></span> <span class='ocrx_word' id='word_1_315' title='bbox 2218 2869 2572 2938; x_wconf 78' lang='lat' dir='ltr'><strong>expedienda:</strong></span> <span class='ocrx_word' id='word_1_316' title='bbox 2611 2871 2721 2934; x_wconf 86' lang='lat' dir='ltr'><strong>Qui</strong></span> 
     </span>
     <span class='ocr_line' id='line_1_31' title="bbox 456 2937 2723 3007; baseline -0 -14"><span class='ocrx_word' id='word_1_317' title='bbox 456 2942 525 2993; x_wconf 85' lang='lat' dir='ltr'><strong>ad</strong></span> <span class='ocrx_word' id='word_1_318' title='bbox 554 2941 679 2993; x_wconf 91' lang='lat' dir='ltr'><strong>litus</strong></span> <span class='ocrx_word' id='word_1_319' title='bbox 704 2940 938 3007; x_wconf 76' lang='lat' dir='ltr'><strong>ignotum</strong></span> <span class='ocrx_word' id='word_1_320' title='bbox 968 2937 1271 3007; x_wconf 86' lang='lat' dir='ltr'><strong>appellunt,</strong></span> <span class='ocrx_word' id='word_1_321' title='bbox 1306 2939 1532 3006; x_wconf 85' lang='lat' dir='ltr'><strong>primum</strong></span> <span class='ocrx_word' id='word_1_322' title='bbox 1552 2940 1854 3007; x_wconf 84' lang='lat' dir='ltr'><strong>percontari</strong></span> <span class='ocrx_word' id='word_1_323' title='bbox 1880 2939 2086 3001; x_wconf 80' lang='lat' dir='ltr'><strong>solent,</strong></span> <span class='ocrx_word' id='word_1_324' title='bbox 2172 2955 2288 2988; x_wconf 88' lang='lat' dir='ltr'><strong>uem</strong></span> <span class='ocrx_word' id='word_1_325' title='bbox 2326 2937 2383 2989; x_wconf 88' lang='lat' dir='ltr'><strong>in</strong></span> <span class='ocrx_word' id='word_1_326' title='bbox 2406 2940 2580 2992; x_wconf 87' lang='lat' dir='ltr'><strong>locum</strong></span> <span class='ocrx_word' id='word_1_327' title='bbox 2610 2941 2723 2992; x_wconf 84' lang='lat' dir='ltr'><strong>siut</strong></span> 
     </span>
     <span class='ocr_line' id='line_1_32' title="bbox 456 3006 2723 3079; baseline 0 -18"><span class='ocrx_word' id='word_1_328' title='bbox 456 3009 641 3073; x_wconf 84' lang='lat' dir='ltr'><strong>delati;</strong></span> <span class='ocrx_word' id='word_1_329' title='bbox 677 3011 744 3062; x_wconf 79' lang='lat' dir='ltr'><strong>cf.</strong></span> <span class='ocrx_word' id='word_1_330' title='bbox 774 3026 937 3077; x_wconf 80' lang='lat' dir='ltr'><strong>supra</strong></span> <span class='ocrx_word' id='word_1_331' title='bbox 966 3026 1068 3058; x_wconf 83' lang='lat' dir='ltr'><strong>vss.</strong></span> <span class='ocrx_word' id='word_1_332' title='bbox 1097 3008 1219 3062; x_wconf 82' lang='lat'><strong>306.</strong></span> <span class='ocrx_word' id='word_1_333' title='bbox 1252 3026 1367 3077; x_wconf 87' lang='lat' dir='ltr'><strong>sqq.</strong></span> <span class='ocrx_word' id='word_1_334' title='bbox 1437 3008 1595 3072; x_wconf 86' lang='lat' dir='ltr'><strong>Quod</strong></span> <span class='ocrx_word' id='word_1_335' title='bbox 1622 3026 1782 3079; x_wconf 83' lang='lat' dir='ltr'><strong>saepe</strong></span> <span class='ocrx_word' id='word_1_336' title='bbox 1815 3009 1891 3061; x_wconf 84' lang='lat' dir='ltr'><strong>ita</strong></span> <span class='ocrx_word' id='word_1_337' title='bbox 1920 3009 2009 3073; x_wconf 86' lang='lat' dir='ltr'><strong>fit,</strong></span> <span class='ocrx_word' id='word_1_338' title='bbox 2058 3019 2117 3058; x_wconf 85' lang='lat' dir='ltr'><strong>ut</strong></span> <span class='ocrx_word' id='word_1_339' title='bbox 2184 3025 2247 3059; x_wconf 90' lang='lat' dir='ltr'><strong>uc</strong></span> <span class='ocrx_word' id='word_1_340' title='bbox 2271 3006 2400 3060; x_wconf 86' lang='lat' dir='ltr'><strong>illuc</strong></span> <span class='ocrx_word' id='word_1_341' title='bbox 2424 3009 2723 3075; x_wconf 78' lang='lat' dir='ltr'><strong>mittantur,</strong></span> 
     </span>
    </p>

    <p class='ocr_par' dir='ltr' id='par_1_5' title="bbox 493 3075 2722 3147">
     <span class='ocr_line' id='line_1_33' title="bbox 493 3075 2722 3147; baseline 0.001 -17"><span class='ocrx_word' id='word_1_342' title='bbox 493 3079 548 3130; x_wconf 87' lang='lat' dir='ltr'><strong>ui</strong></span> <span class='ocrx_word' id='word_1_343' title='bbox 570 3078 851 3147; x_wconf 80' lang='lat' dir='ltr'><strong>explorent</strong></span> <span class='ocrx_word' id='word_1_344' title='bbox 876 3075 1078 3139; x_wconf 75' lang='lat' dir='ltr'><strong>viciua3</strong></span> <span class='ocrx_word' id='word_1_345' title='bbox 1128 3086 1187 3128; x_wconf 90' lang='lat' dir='ltr'><strong>ut</strong></span> <span class='ocrx_word' id='word_1_346' title='bbox 1219 3075 1358 3129; x_wconf 80' lang='lat' dir='ltr'><strong>iufra</strong></span> <span class='ocrx_word' id='word_1_347' title='bbox 1380 3079 1500 3142; x_wconf 85' lang='lat' dir='ltr'><strong>Vn,</strong></span> <span class='ocrx_word' id='word_1_348' title='bbox 1539 3078 1690 3132; x_wconf 84' lang='lat' dir='ltr'><strong>15o.:</strong></span> <span class='ocrx_word' id='word_1_349' title='bbox 1729 3079 1950 3143; x_wconf 89' lang='lat' dir='ltr'><strong>„urbem</strong></span> <span class='ocrx_word' id='word_1_350' title='bbox 1985 3087 2041 3129; x_wconf 89' lang='lat' dir='ltr'><strong>et</strong></span> <span class='ocrx_word' id='word_1_351' title='bbox 2083 3078 2229 3128; x_wconf 79' lang='lat' dir='ltr'><strong>fines</strong></span> <span class='ocrx_word' id='word_1_352' title='bbox 2250 3086 2304 3128; x_wconf 91' lang='lat' dir='ltr'><strong>et</strong></span> <span class='ocrx_word' id='word_1_353' title='bbox 2343 3078 2507 3131; x_wconf 89' lang='lat' dir='ltr'><strong>litora</strong></span> <span class='ocrx_word' id='word_1_354' title='bbox 2538 3081 2722 3147; x_wconf 80' lang='lat' dir='ltr'><strong>gentis</strong></span> 
     </span>
    </p>

    <p class='ocr_par' dir='ltr' id='par_1_6' title="bbox 454 3145 2723 3495">
     <span class='ocr_line' id='line_1_34' title="bbox 518 3145 2722 3218; baseline 0.001 -20"><span class='ocrx_word' id='word_1_355' title='bbox 518 3149 581 3198; x_wconf 81' lang='lat' dir='ltr'><strong>iv</strong></span> <span class='ocrx_word' id='word_1_356' title='bbox 600 3149 747 3201; x_wconf 82' lang='lat' dir='ltr'><strong>ersi</strong></span> <span class='ocrx_word' id='word_1_357' title='bbox 783 3146 1075 3216; x_wconf 78' lang='lat' dir='ltr'><strong>explorant.</strong></span> <span class='ocrx_word' id='word_1_358' title='bbox 1088 3149 1123 3176; x_wconf 91' lang='lat'><strong>“</strong></span> <span class='ocrx_word' id='word_1_359' title='bbox 1194 3145 1265 3197; x_wconf 80' lang='lat' dir='ltr'><strong>Hi</strong></span> <span class='ocrx_word' id='word_1_360' title='bbox 1294 3158 1464 3198; x_wconf 84' lang='lat' dir='ltr'><strong>autem</strong></span> <span class='ocrx_word' id='word_1_361' title='bbox 1492 3150 1665 3199; x_wconf 86' lang='lat' dir='ltr'><strong>Troes</strong></span> <span class='ocrx_word' id='word_1_362' title='bbox 1704 3147 1873 3199; x_wconf 81' lang='lat' dir='ltr'><strong>iustae</strong></span> <span class='ocrx_word' id='word_1_363' title='bbox 1910 3146 2193 3216; x_wconf 78' lang='lat' dir='ltr'><strong>legationis</strong></span> <span class='ocrx_word' id='word_1_364' title='bbox 2238 3149 2466 3215; x_wconf 81' lang='lat' dir='ltr'><strong>speciem</strong></span> <span class='ocrx_word' id='word_1_365' title='bbox 2491 3167 2621 3218; x_wconf 84' lang='lat' dir='ltr'><strong>prae</strong></span> <span class='ocrx_word' id='word_1_366' title='bbox 2656 3168 2722 3201; x_wconf 85' lang='lat' dir='ltr'><strong>se</strong></span> 
     </span>
     <span class='ocr_line' id='line_1_35' title="bbox 454 3213 2721 3286; baseline 0.001 -17"><span class='ocrx_word' id='word_1_367' title='bbox 454 3218 728 3278; x_wconf 74' lang='lat' dir='ltr'><strong>ferebant3</strong></span> <span class='ocrx_word' id='word_1_368' title='bbox 760 3233 860 3268; x_wconf 88' lang='lat' dir='ltr'><strong>nec</strong></span> <span class='ocrx_word' id='word_1_369' title='bbox 891 3213 1116 3280; x_wconf 84' lang='lat' dir='ltr'><strong>singuli,</strong></span> <span class='ocrx_word' id='word_1_370' title='bbox 1149 3215 1245 3268; x_wconf 87' lang='lat' dir='ltr'><strong>sed</strong></span> <span class='ocrx_word' id='word_1_371' title='bbox 1269 3234 1373 3268; x_wconf 84' lang='lat' dir='ltr'><strong>uua</strong></span> <span class='ocrx_word' id='word_1_372' title='bbox 1397 3216 1569 3269; x_wconf 87' lang='lat' dir='ltr'><strong>cuncti</strong></span> <span class='ocrx_word' id='word_1_373' title='bbox 1596 3227 1649 3269; x_wconf 90' lang='lat' dir='ltr'><strong>et</strong></span> <span class='ocrx_word' id='word_1_374' title='bbox 1675 3234 1705 3268; x_wconf 87' lang='lat' dir='ltr'><strong>e</strong></span> <span class='ocrx_word' id='word_1_375' title='bbox 1730 3217 1948 3286; x_wconf 86' lang='lat' dir='ltr'><strong>singulis</strong></span> <span class='ocrx_word' id='word_1_376' title='bbox 1989 3217 2209 3268; x_wconf 84' lang='lat' dir='ltr'><strong>navibus</strong></span> <span class='ocrx_word' id='word_1_377' title='bbox 2246 3216 2373 3269; x_wconf 88' lang='lat' dir='ltr'><strong>lecti</strong></span> <span class='ocrx_word' id='word_1_378' title='bbox 2410 3219 2721 3271; x_wconf 80' lang='lat' dir='ltr'><strong>veniebant.</strong></span> 
     </span>
     <span class='ocr_line' id='line_1_36' title="bbox 456 3284 2723 3357; baseline 0 -18"><span class='ocrx_word' id='word_1_379' title='bbox 456 3287 628 3340; x_wconf 82' lang='lat' dir='ltr'><strong>Minus</strong></span> <span class='ocrx_word' id='word_1_380' title='bbox 652 3296 827 3338; x_wconf 78' lang='lat' dir='ltr'><strong>sutem</strong></span> <span class='ocrx_word' id='word_1_381' title='bbox 854 3284 913 3336; x_wconf 89' lang='lat' dir='ltr'><strong>id</strong></span> <span class='ocrx_word' id='word_1_382' title='bbox 935 3290 1146 3337; x_wconf 77' lang='lat' dir='ltr'><strong>Aeneae</strong></span> <span class='ocrx_word' id='word_1_383' title='bbox 1173 3285 1360 3336; x_wconf 87' lang='lat' dir='ltr'><strong>mirum</strong></span> <span class='ocrx_word' id='word_1_384' title='bbox 1391 3285 1559 3337; x_wconf 79' lang='lat' dir='ltr'><strong>videri</strong></span> <span class='ocrx_word' id='word_1_385' title='bbox 1595 3287 1851 3351; x_wconf 88' lang='lat' dir='ltr'><strong>debebat,</strong></span> <span class='ocrx_word' id='word_1_386' title='bbox 1887 3287 2031 3357; x_wconf 91' lang='lat' dir='ltr'><strong>quod</strong></span> <span class='ocrx_word' id='word_1_387' title='bbox 2079 3285 2349 3351; x_wconf 85' lang='lat' dir='ltr'><strong>venirent,</strong></span> <span class='ocrx_word' id='word_1_388' title='bbox 2383 3306 2536 3357; x_wconf 88' lang='lat' dir='ltr'><strong>quam</strong></span> <span class='ocrx_word' id='word_1_389' title='bbox 2572 3289 2723 3357; x_wconf 86' lang='lat' dir='ltr'><strong>quod</strong></span> 
     </span>
     <span class='ocr_line' id='line_1_37' title="bbox 457 3353 2722 3427; baseline 0 -17"><span class='ocrx_word' id='word_1_390' title='bbox 457 3356 537 3409; x_wconf 89' lang='lat' dir='ltr'><strong>ita</strong></span> <span class='ocrx_word' id='word_1_391' title='bbox 566 3355 741 3409; x_wconf 88' lang='lat' dir='ltr'><strong>cuncti</strong></span> <span class='ocrx_word' id='word_1_392' title='bbox 767 3353 1035 3417; x_wconf 78' lang='lat' dir='ltr'><strong>venireut3</strong></span> <span class='ocrx_word' id='word_1_393' title='bbox 1073 3363 1129 3406; x_wconf 88' lang='lat' dir='ltr'><strong>et</strong></span> <span class='ocrx_word' id='word_1_394' title='bbox 1154 3354 1230 3406; x_wconf 88' lang='lat' dir='ltr'><strong>sic</strong></span> <span class='ocrx_word' id='word_1_395' title='bbox 1264 3364 1411 3406; x_wconf 80' lang='lat' dir='ltr'><strong>recte</strong></span> <span class='ocrx_word' id='word_1_396' title='bbox 1447 3356 1777 3424; x_wconf 81' lang='lat' dir='ltr'><strong>subiungitur</strong></span> <span class='ocrx_word' id='word_1_397' title='bbox 1822 3356 2080 3427; x_wconf 82' lang='lat' dir='ltr'><strong>particula</strong></span> <span class='ocrx_word' id='word_1_398' title='bbox 2110 3374 2267 3419; x_wconf 83' lang='lat' dir='ltr'><strong>nam,</strong></span> <span class='ocrx_word' id='word_1_399' title='bbox 2303 3375 2508 3410; x_wconf 82' lang='lat' dir='ltr'><strong>eausam</strong></span> <span class='ocrx_word' id='word_1_400' title='bbox 2549 3357 2722 3411; x_wconf 81' lang='lat' dir='ltr'><strong>mira-</strong></span> 
     </span>
     <span class='ocr_line' id='line_1_38' title="bbox 457 3424 2069 3495; baseline -0.002 -15"><span class='ocrx_word' id='word_1_401' title='bbox 457 3424 616 3480; x_wconf 81' lang='lat' dir='ltr'><strong>tionis</strong></span> <span class='ocrx_word' id='word_1_402' title='bbox 644 3424 898 3478; x_wconf 78' lang='lat' dir='ltr'><strong>indicans.</strong></span> <span class='ocrx_word' id='word_1_403' title='bbox 943 3424 1086 3491; x_wconf 82' lang='lat' dir='ltr'><strong>Wr.)</strong></span> <span class='ocrx_word' id='word_1_404' title='bbox 1244 3424 1349 3478; x_wconf 82' lang='lat'><strong>519</strong></span> <span class='ocrx_word' id='word_1_405' title='bbox 1386 3437 1447 3477; x_wconf 72' lang='lat' dir='ltr'><strong>et</strong></span> <span class='ocrx_word' id='word_1_406' title='bbox 1481 3425 1547 3477; x_wconf 81' lang='lat' dir='ltr'><strong>ub</strong></span> <span class='ocrx_word' id='word_1_407' title='bbox 1577 3427 1765 3479; x_wconf 84' lang='lat' dir='ltr'><strong>Hamb.</strong></span> <span class='ocrx_word' id='word_1_408' title='bbox 1787 3445 1867 3495; x_wconf 89' lang='lat' dir='ltr'><strong>pr.</strong></span> <span class='ocrx_word' id='word_1_409' title='bbox 1902 3428 2069 3478; x_wconf 85' lang='lat' dir='ltr'><strong>abest.</strong></span> 
     </span>
    </p>
   </div>
   <div class='ocr_carea' id='block_1_5' title="bbox 456 3616 2728 4478">
    <p class='ocr_par' dir='ltr' id='par_1_7' title="bbox 456 3616 2728 4478">
     <span class='ocr_line' id='line_1_39' title="bbox 457 3616 2725 3705; baseline 0.002 -26"><span class='ocrx_word' id='word_1_410' title='bbox 457 3627 684 3679; x_wconf 85' lang='lat' dir='ltr'><strong>statum</strong></span> <span class='ocrx_word' id='word_1_411' title='bbox 711 3637 833 3678; x_wconf 92' lang='lat' dir='ltr'><strong>non</strong></span> <span class='ocrx_word' id='word_1_412' title='bbox 861 3616 1004 3676; x_wconf 82' lang='lat' dir='ltr'><strong>satis</strong></span> <span class='ocrx_word' id='word_1_413' title='bbox 1025 3618 1406 3697; x_wconf 76' lang='lat' dir='ltr'><strong>perspectum</strong></span> <span class='ocrx_word' id='word_1_414' title='bbox 1430 3616 1546 3676; x_wconf 87' lang='lat' dir='ltr'><strong>ha-</strong></span> <span class='ocrx_word' id='word_1_415' title='bbox 1627 3619 1809 3678; x_wconf 78' lang='lat' dir='ltr'><strong>iectus</strong></span> <span class='ocrx_word' id='word_1_416' title='bbox 1852 3640 1964 3700; x_wconf 91' lang='lat' dir='ltr'><strong>pro</strong></span> <span class='ocrx_word' id='word_1_417' title='bbox 2005 3619 2438 3698; x_wconf 79' lang='lat' dir='ltr'><strong>praedatoriis,</strong></span> <span class='ocrx_word' id='word_1_418' title='bbox 2480 3625 2725 3705; x_wconf 75' lang='grc' dir='ltr'><strong><em>λῃστρι-</em></strong></span> 
     </span>
     <span class='ocr_line' id='line_1_40' title="bbox 456 3701 2727 3784; baseline 0 -20"><span class='ocrx_word' id='word_1_419' title='bbox 456 3705 699 3765; x_wconf 85' lang='lat' dir='ltr'><strong>bebant.</strong></span> <span class='ocrx_word' id='word_1_420' title='bbox 755 3701 865 3784; x_wconf 81' lang='lat' dir='ltr'><strong>(De</strong></span> <span class='ocrx_word' id='word_1_421' title='bbox 904 3723 994 3762; x_wconf 82' lang='lat' dir='ltr'><strong>vs.</strong></span> <span class='ocrx_word' id='word_1_422' title='bbox 1033 3702 1182 3767; x_wconf 88' lang='lat'><strong>618.</strong></span> <span class='ocrx_word' id='word_1_423' title='bbox 1217 3702 1340 3762; x_wconf 83' lang='lat' dir='ltr'><strong>vid.</strong></span> <span class='ocrx_word' id='word_1_424' title='bbox 1372 3703 1443 3763; x_wconf 88' lang='lat' dir='ltr'><strong>V.</strong></span> <span class='ocrx_word' id='word_1_425' title='bbox 1477 3704 1543 3762; x_wconf 91' lang='lat' dir='ltr'><strong>L.</strong></span> <span class='ocrx_word' id='word_1_426' title='bbox 1628 3711 1795 3779; x_wconf 74' lang='grc' dir='ltr'><strong>παῖς.</strong></span> <span class='ocrx_word' id='word_1_427' title='bbox 1855 3705 2031 3764; x_wconf 83' lang='lat' dir='ltr'><strong>fuisse</strong></span> <span class='ocrx_word' id='word_1_428' title='bbox 2072 3704 2327 3764; x_wconf 82' lang='lat' dir='ltr'><strong>habitas.</strong></span> <span class='ocrx_word' id='word_1_429' title='bbox 2417 3704 2727 3765; x_wconf 84' lang='lat' dir='ltr'><strong>Aecurre-</strong></span> 
     </span>
     <span class='ocr_line' id='line_1_41' title="bbox 468 3787 2728 3872; baseline 0.001 -23"><span class='ocrx_word' id='word_1_430' title='bbox 468 3789 645 3867; x_wconf 86' lang='lat' dir='ltr'><strong>Wr.)</strong></span> <span class='ocrx_word' id='word_1_431' title='bbox 759 3790 903 3856; x_wconf 88' lang='grc'><strong>519.</strong></span> <span class='ocrx_word' id='word_1_432' title='bbox 970 3787 1223 3847; x_wconf 67' lang='lat' dir='ltr'><strong>Orantes-</strong></span> <span class='ocrx_word' id='word_1_433' title='bbox 1295 3793 1540 3849; x_wconf 77' lang='lat' dir='ltr'><strong>veniam</strong></span> <span class='ocrx_word' id='word_1_434' title='bbox 1627 3801 1768 3851; x_wconf 88' lang='lat' dir='ltr'><strong>rant</strong></span> <span class='ocrx_word' id='word_1_435' title='bbox 1796 3793 2003 3869; x_wconf 82' lang='lat' dir='ltr'><strong>itaque</strong></span> <span class='ocrx_word' id='word_1_436' title='bbox 2029 3791 2231 3866; x_wconf 88' lang='lat' dir='ltr'><strong>Poeni,</strong></span> <span class='ocrx_word' id='word_1_437' title='bbox 2277 3790 2728 3872; x_wconf 84' lang='lat' dir='ltr'><strong>prohibuerant</strong></span> 
     </span>
     <span class='ocr_line' id='line_1_42' title="bbox 458 3873 2727 3955; baseline 0.001 -19"><span class='ocrx_word' id='word_1_438' title='bbox 458 3876 657 3955; x_wconf 87' lang='lat' dir='ltr'><strong>simpl.</strong></span> <span class='ocrx_word' id='word_1_439' title='bbox 708 3873 1031 3955; x_wconf 87' lang='lat' dir='ltr'><strong>propitiam</strong></span> <span class='ocrx_word' id='word_1_440' title='bbox 1080 3882 1142 3932; x_wconf 90' lang='lat' dir='ltr'><strong>et</strong></span> <span class='ocrx_word' id='word_1_441' title='bbox 1190 3874 1545 3936; x_wconf 84' lang='lat' dir='ltr'><strong>benevolam</strong></span> <span class='ocrx_word' id='word_1_442' title='bbox 1628 3877 1921 3937; x_wconf 87' lang='lat' dir='ltr'><strong>Troianos</strong></span> <span class='ocrx_word' id='word_1_443' title='bbox 1947 3877 2284 3952; x_wconf 84' lang='lat' dir='ltr'><strong>escendere,</strong></span> <span class='ocrx_word' id='word_1_444' title='bbox 2311 3878 2405 3936; x_wconf 88' lang='lat' dir='ltr'><strong>sin</strong></span> <span class='ocrx_word' id='word_1_445' title='bbox 2430 3878 2727 3955; x_wconf 85' lang='lat' dir='ltr'><strong>facerent,</strong></span> 
     </span>
     <span class='ocr_line' id='line_1_43' title="bbox 459 3961 2727 4043; baseline 0.001 -22"><span class='ocrx_word' id='word_1_446' title='bbox 459 3962 832 4022; x_wconf 86' lang='lat' dir='ltr'><strong>voluntatem</strong></span> <span class='ocrx_word' id='word_1_447' title='bbox 849 4004 867 4034; x_wconf 90' lang='lat'><strong>,</strong></span> <span class='ocrx_word' id='word_1_448' title='bbox 912 3969 983 4020; x_wconf 90' lang='lat' dir='ltr'><strong>ut</strong></span> <span class='ocrx_word' id='word_1_449' title='bbox 1012 3979 1088 4018; x_wconf 88' lang='lat' dir='ltr'><strong>ne</strong></span> <span class='ocrx_word' id='word_1_450' title='bbox 1127 3961 1444 4021; x_wconf 88' lang='lat' dir='ltr'><strong>escendere</strong></span> <span class='ocrx_word' id='word_1_451' title='bbox 1474 3983 1544 4021; x_wconf 87' lang='lat' dir='ltr'><strong>ac</strong></span> <span class='ocrx_word' id='word_1_452' title='bbox 1623 3963 1745 4043; x_wconf 87' lang='lat' dir='ltr'><strong>igni</strong></span> <span class='ocrx_word' id='word_1_453' title='bbox 1786 3982 1966 4023; x_wconf 83' lang='lat' dir='ltr'><strong>naves</strong></span> <span class='ocrx_word' id='word_1_454' title='bbox 2007 3964 2359 4023; x_wconf 88' lang='lat' dir='ltr'><strong>comburere</strong></span> <span class='ocrx_word' id='word_1_455' title='bbox 2405 3965 2560 4024; x_wconf 80' lang='lat' dir='ltr'><strong>velle</strong></span> <span class='ocrx_word' id='word_1_456' title='bbox 2603 3966 2727 4024; x_wconf 87' lang='lat' dir='ltr'><strong>mi-</strong></span> 
     </span>
     <span class='ocr_line' id='line_1_44' title="bbox 457 4043 2721 4130; baseline 0.001 -22"><span class='ocrx_word' id='word_1_457' title='bbox 457 4049 633 4108; x_wconf 84' lang='lat' dir='ltr'><strong>littus</strong></span> <span class='ocrx_word' id='word_1_458' title='bbox 660 4057 866 4107; x_wconf 86' lang='lat' dir='ltr'><strong>tenere</strong></span> <span class='ocrx_word' id='word_1_459' title='bbox 894 4043 1381 4127; x_wconf 81' lang='lat' dir='ltr'><strong>prohiberentur.</strong></span> <span class='ocrx_word' id='word_1_460' title='bbox 1414 4049 1551 4108; x_wconf 88' lang='lat' dir='ltr'><strong>Sci·</strong></span> <span class='ocrx_word' id='word_1_461' title='bbox 1634 4049 1765 4109; x_wconf 82' lang='lat' dir='ltr'><strong>nati</strong></span> <span class='ocrx_word' id='word_1_462' title='bbox 1824 4058 2016 4111; x_wconf 85' lang='lat' dir='ltr'><strong>erant.</strong></span> <span class='ocrx_word' id='word_1_463' title='bbox 2115 4046 2374 4130; x_wconf 77' lang='lat' dir='ltr'><strong>(orantes</strong></span> <span class='ocrx_word' id='word_1_464' title='bbox 2447 4054 2721 4125; x_wconf 71' lang='lat' dir='ltr'><strong>veniam,</strong></span> 
     </span>
     <span class='ocr_line' id='line_1_45' title="bbox 457 4132 2725 4214; baseline 0 -21"><span class='ocrx_word' id='word_1_465' title='bbox 457 4133 632 4208; x_wconf 83' lang='lat' dir='ltr'><strong>lieet,</strong></span> <span class='ocrx_word' id='word_1_466' title='bbox 676 4142 749 4192; x_wconf 90' lang='lat' dir='ltr'><strong>ut</strong></span> <span class='ocrx_word' id='word_1_467' title='bbox 789 4151 1039 4209; x_wconf 87' lang='lat' dir='ltr'><strong>sequens</strong></span> <span class='ocrx_word' id='word_1_468' title='bbox 1080 4134 1272 4192; x_wconf 85' lang='lat' dir='ltr'><strong>oratio</strong></span> <span class='ocrx_word' id='word_1_469' title='bbox 1319 4154 1381 4195; x_wconf 85' lang='lat' dir='ltr'><strong>v.</strong></span> <span class='ocrx_word' id='word_1_470' title='bbox 1421 4134 1550 4202; x_wconf 81' lang='lat'><strong>525</strong></span> <span class='ocrx_word' id='word_1_471' title='bbox 1635 4156 1822 4214; x_wconf 86' lang='lat' dir='ltr'><strong>quum</strong></span> <span class='ocrx_word' id='word_1_472' title='bbox 1850 4132 2001 4194; x_wconf 62' lang='lat' dir='ltr'><strong>ha‘ec</strong></span> <span class='ocrx_word' id='word_1_473' title='bbox 2037 4135 2270 4195; x_wconf 88' lang='lat' dir='ltr'><strong>adiecta</strong></span> <span class='ocrx_word' id='word_1_474' title='bbox 2301 4135 2442 4211; x_wconf 86' lang='lat' dir='ltr'><strong>sint,</strong></span> <span class='ocrx_word' id='word_1_475' title='bbox 2487 4151 2543 4195; x_wconf 80' lang='lat' dir='ltr'><strong>ec</strong></span> <span class='ocrx_word' id='word_1_476' title='bbox 2568 4149 2725 4194; x_wconf 81' lang='lat' dir='ltr'><strong>tem-</strong></span> 
     </span>
     <span class='ocr_line' id='line_1_46' title="bbox 459 4218 2725 4301; baseline 0 -21"><span class='ocrx_word' id='word_1_477' title='bbox 459 4241 586 4301; x_wconf 90' lang='lat' dir='ltr'><strong>sqq.</strong></span> <span class='ocrx_word' id='word_1_478' title='bbox 645 4218 723 4278; x_wconf 88' lang='lat' dir='ltr'><strong>ad</strong></span> <span class='ocrx_word' id='word_1_479' title='bbox 764 4218 1217 4298; x_wconf 82' lang='lat' dir='ltr'><strong>intelligendum</strong></span> <span class='ocrx_word' id='word_1_480' title='bbox 1267 4221 1552 4299; x_wconf 85' lang='lat' dir='ltr'><strong>expedita</strong></span> <span class='ocrx_word' id='word_1_481' title='bbox 1622 4224 1834 4300; x_wconf 80' lang='lat' dir='ltr'><strong>plum,</strong></span> <span class='ocrx_word' id='word_1_482' title='bbox 1893 4241 2014 4300; x_wconf 87' lang='lat' dir='ltr'><strong>quo</strong></span> <span class='ocrx_word' id='word_1_483' title='bbox 2060 4221 2216 4281; x_wconf 87' lang='lat' dir='ltr'><strong>Dido</strong></span> <span class='ocrx_word' id='word_1_484' title='bbox 2260 4225 2321 4280; x_wconf 81' lang='lat' dir='ltr'><strong>se</strong></span> <span class='ocrx_word' id='word_1_485' title='bbox 2360 4223 2725 4296; x_wconf 71' lang='lat' dir='ltr'><strong>contulerat,</strong></span> 
     </span>
     <span class='ocr_line' id='line_1_47' title="bbox 458 4302 2725 4387; baseline 0.001 -20"><span class='ocrx_word' id='word_1_486' title='bbox 458 4306 552 4382; x_wconf 87' lang='lat' dir='ltr'><strong>sit,</strong></span> <span class='ocrx_word' id='word_1_487' title='bbox 569 4302 973 4385; x_wconf 80' lang='lat' dir='ltr'><strong>cogitandum,</strong></span> <span class='ocrx_word' id='word_1_488' title='bbox 998 4324 1183 4364; x_wconf 83' lang='lat' dir='ltr'><strong>naves</strong></span> <span class='ocrx_word' id='word_1_489' title='bbox 1208 4305 1338 4364; x_wconf 81' lang='lat' dir='ltr'><strong>illas</strong></span> <span class='ocrx_word' id='word_1_490' title='bbox 1359 4306 1426 4366; x_wconf 90' lang='lat' dir='ltr'><strong>in</strong></span> <span class='ocrx_word' id='word_1_491' title='bbox 1443 4307 1549 4366; x_wconf 89' lang='lat' dir='ltr'><strong>lit-</strong></span> <span class='ocrx_word' id='word_1_492' title='bbox 1626 4308 1911 4387; x_wconf 74' lang='lat' dir='ltr'><strong>petebant</strong></span> <span class='ocrx_word' id='word_1_493' title='bbox 1930 4352 1948 4382; x_wconf 89' lang='lat'><strong>,</strong></span> <span class='ocrx_word' id='word_1_494' title='bbox 1996 4308 2257 4386; x_wconf 84' lang='lat' dir='ltr'><strong>intellige</strong></span> <span class='ocrx_word' id='word_1_495' title='bbox 2295 4307 2371 4367; x_wconf 91' lang='lat' dir='ltr'><strong>de</strong></span> <span class='ocrx_word' id='word_1_496' title='bbox 2418 4310 2595 4368; x_wconf 85' lang='lat' dir='ltr'><strong>venia</strong></span> <span class='ocrx_word' id='word_1_497' title='bbox 2622 4330 2725 4369; x_wconf 83' lang='lat' dir='ltr'><strong>re-</strong></span> 
     </span>
     <span class='ocr_line' id='line_1_48' title="bbox 459 4388 2508 4478; baseline 0 -26"><span class='ocrx_word' id='word_1_498' title='bbox 459 4403 577 4470; x_wconf 87' lang='lat' dir='ltr'><strong>tus,</strong></span> <span class='ocrx_word' id='word_1_499' title='bbox 621 4388 789 4472; x_wconf 86' lang='lat' dir='ltr'><strong>quod</strong></span> <span class='ocrx_word' id='word_1_500' title='bbox 818 4410 957 4451; x_wconf 85' lang='lat' dir='ltr'><strong>rsro</strong></span> <span class='ocrx_word' id='word_1_501' title='bbox 988 4390 1140 4451; x_wconf 84' lang='lat' dir='ltr'><strong>sdiri</strong></span> <span class='ocrx_word' id='word_1_502' title='bbox 1173 4392 1422 4471; x_wconf 82' lang='lat' dir='ltr'><strong>solebat,</strong></span> <span class='ocrx_word' id='word_1_503' title='bbox 1449 4414 1550 4453; x_wconf 87' lang='lat' dir='ltr'><strong>re-</strong></span> <span class='ocrx_word' id='word_1_504' title='bbox 1633 4394 1803 4473; x_wconf 84' lang='lat' dir='ltr'><strong>ginse</strong></span> <span class='ocrx_word' id='word_1_505' title='bbox 1824 4393 2290 4455; x_wconf 75' lang='lat' dir='ltr'><strong>conveniendae.</strong></span> <span class='ocrx_word' id='word_1_506' title='bbox 2329 4393 2508 4478; x_wconf 86' lang='lat' dir='ltr'><strong>Wr.)</strong></span> 
     </span>
    </p>
   </div>
  </div>
 </body>
</html>
