2882 5028
473 399 627 471 636
985 390 1069 464 P.
1125 386 1672 462 VIRG1L11
1721 385 2278 462 MARONIS

470 580 578 656 Ut
601 575 952 678 primum
989 572 1203 650 alatis
1235 573 1489 672 tetigit
1513 571 1844 671 magalia
1869 521 2187 673 plantis:

469 778 652 833 sideri.
723 780 909 851 Neque
946 781 1060 832 esse
1086 778 1143 831 in
1172 780 1272 833 hac
1295 778 1549 850 positura,
1622 779 1724 831 uod
1752 778 2014 841 offendat3
2048 777 2124 830 ita
2160 776 2296 829 enim
2320 777 2498 830 Tacit.
2530 777 2714 831 Annal-

468 853 584 915 ΥΠ,
618 850 733 904 51.:
771 852 1223 920 vulneratamque
1257 853 1480 922 ripam
1521 868 1558 902 a
1641 851 1911 903 Araxis
1959 850 2150 900 trahit.
2218 848 2285 899 cf.
2321 848 2527 900 Tibun.
2566 849 2634 912 ΙΙ,
2669 851 2716 909 1,

466 923 586 982 744
621 918 864 972 similiter
897 921 957 971 in
994 938 1109 971 esse
1143 920 1371 990 positum
1408 927 1536 972 Aen.
1574 921 1664 984 vl,
1713 921 1826 975 58.:
1879 923 2151 988 Corpus
2194 919 2264 969 in
2311 917 2711 969 Aeacidae.

468 991 536 1042 cf.
574 991 671 1041 Ge.
709 990 799 1052 111,
846 989 997 1051 313.;
1064 997 1119 1039 et
1154 987 1256 1041 sub
1291 991 1387 1041 Ge.
1423 990 1515 1054 1V,
1558 989 1710 1044 333.:
1777 988 2107 1040 thalamo
2157 983 2281 1037 sub
2324 983 2715 1057 flumini-53

467 1059 606 1111 adde
642 1059 738 1123 IX,
772 1059 896 1115 643.
987 1058 1143 1110 Ratio
1196 1057 1406 1110 volandi
1453 1067 1513 1110 ut
1559 1057 1886 1122 declaretur,
1946 1057 2155 1126 poetice
2202 1055 2360 1106 adiici
2412 1067 2718 1125 ventosque

467 1126 687 1180 secabat
732 1145 831 1197 pro
879 1126 1108 1195 vulgari:
1163 1142 1360 1180 ventos
1402 1146 1621 1190 secan-33
1668 1127 1811 1178 cuius
1853 1125 1931 1177 rei
1983 1125 2221 1193 exempla
2266 1124 2371 1178 vid.
2415 1126 2478 1176 in
2527 1127 2601 1188 Q.
2648 1125 2714 1174 V.

467 1197 750 1261 xxxam
786 1197 839 1250 3.
875 1197 1215 1248 Weichertus
1250 1202 1333 1249 De
1374 1200 1559 1254 Ver-ss.
1595 1198 1760 1249 iniur.
1811 1214 1962 1267 susp.
2012 1214 2067 1265 p.
2104 1195 2187 1249 84.
2221 1212 2336 1263 sqq.
2388 1202 2520 1263 post
2556 1195 2717 1245 msie

466 1266 623 1337 plene
656 1265 1005 1335 interpungit,
1060 1265 1180 1318 colo
1226 1265 1284 1318 in
1331 1266 1436 1318 fine
1471 1284 1547 1318 vs.
1581 1267 1719 1329 255„
1764 1265 1923 1317 verba
1972 1276 2154 1316 terras
2202 1276 2350 1314 mter
2394 1263 2718 1382 eaeluque

467 1334 736 1389 commatis
771 1335 1016 1399 inclusit,
1050 1353 1081 1386 a
1114 1335 1316 1398 Iahnio‚
1353 1347 1532 1388 cetera
1563 1334 1877 1387 VVeicherto
1912 1334 2260 1397 assentiente,
2312 1350 2494 1385 rursus
2530 1332 2633 1383 snb
2686 1359 2717 1370 -·

467 1406 555 1470 tis,
588 1405 840 1474 legitque,
873 1415 931 1456 nt
961 1404 1392 1459 Wunderlichius
1425 1405 1680 1470 voluerat,
1714 1402 1936 1456 volabat
1968 1405 2131 1454 Litus
2162 1420 2457 1454 arenosum
2492 1402 2585 1453 ad
2616 1404 2715 1453 Ia·-

467 1474 632 1544 byae3
666 1473 917 1542 exemplis
951 1491 1186 1526 versuum
1222 1468 1601 1541 ὁμοτελεῦτων
1634 1492 1665 1525 a
1694 1475 1865 1524 Burm.
1892 1472 2070 1523 laudd.
2099 1472 2246 1524 addit
2271 1489 2300 1523 e
2326 1470 2560 1539 Virgilio
2588 1475 2715 1523 Aen.

464 1545 505 1603 1,
542 1546 664 1599 319.
696 1545 789 1608 VI,
826 1542 945 1599 844.
1018 1543 1176 1606 Quod
1208 1554 1486 1613 praeterea
1519 1544 1658 1594 idem
1693 1543 1991 1607 contendit,
2040 1541 2226 1593 demtis
2260 1540 2345 1592 his
2379 1541 2557 1592 tribus
2590 1558 2713 1591 ver-

469 1613 610 1665 sibus
642 1622 814 1664 totum
849 1612 1021 1664 locum
1056 1612 1244 1665 misere
1281 1630 1396 1664 esse
1429 1623 1757 1671 truncatnnn
1793 1612 2233 1681 comparationem
2269 1610 2407 1662 enim
2442 1627 2553 1661 non
2588 1628 2713 1679 per-

465 1682 640 1733 tinere
688 1682 755 1733 ad
801 1681 1200 1751 praecedentia,
1250 1682 1345 1734 sed
1391 1699 1484 1744 ea,
1571 1700 1666 1733 uae
1711 1691 2016 1750 sequantur:
2070 1678 2292 1732 volabas
2343 1691 2537 1731 terras
2570 1681 2714 1731 inter

466 1752 804 1821 caelumque:
853 1750 910 1802 id
944 1751 990 1803 si
1023 1768 1198 1802 verum
1249 1761 1386 1804 esset
1406 1791 1421 1816 ,
1471 1770 1539 1803 nu
1584 1768 1641 1802 us
1674 1751 1885 1802 relictus
1921 1760 2063 1802 esset
2094 1748 2376 1800 dubitandi
2405 1748 2581 1801 locus.
2647 1752 2713 1800 At

464 1820 598 1872 illud
633 1824 727 1873 avi
762 1821 952 1873 similis
981 1821 1312 1873 referendum
1350 1838 1465 1872 esse
1499 1822 1567 1873 ad
1600 1837 1909 1890 praegressa
1945 1819 2035 1870 illa
2109 1835 2332 1889 raeeeps
2366 1836 2425 1869 se
2464 1820 2618 1870 misit
2648 1847 2712 1856 —-

467 1891 672 1961 potius:
707 1908 767 1942 se
800 1891 945 1942 misit
977 1891 1063 1941 ad
1100 1890 1337 1942 undas
1367 1920 1433 1929 —
1470 1891 1641 1958 probe
1687 1890 1849 1941 sensit
1894 1839 2324 1953 Wundssrlichius
2373 1886 2430 1937 in
2468 1890 2617 1939 Nota
2651 1886 2713 1938 ad

466 1978 544 2011 vs.
577 1959 696 2015 254.
766 1958 902 2011 Hinc
947 1969 1093 2011 recte
1139 1960 1207 2011 ab
1257 1959 1464 2028 Heynio
1501 1977 1604 2010 non
1655 1959 1812 2027 plene
1845 1958 2185 2027 distinguitur
2215 1965 2341 2025 post
2377 1959 2572 2018 Misit3
2622 1973 2714 2007 nec

466 2028 786 2080 admittenda
820 2038 1074 2080 commata
1108 2046 1183 2081 vs.
1221 2028 1344 2084 256.
1411 2034 1583 2098 Atque
1618 2029 1892 2098 Heynium,
1928 2029 2029 2078 etsi
2061 2027 2110 2078 is
2144 2044 2307 2095 saepe
2342 2026 2712 2094 integerrimos
2792 2051 2793 2054 ¹

464 2098 613 2150 locos
645 2097 698 2149 in
735 2097 1084 2167 suspicionem
1117 2098 1358 2161 adducit,
1386 2098 1581 2165 insigni
1614 2098 1775 2150 fuisse
1810 2097 1863 2149 in
1897 2096 2271 2163 investigandis
2304 2096 2548 2162 versibus
2582 2096 2714 2147 insi—

467 2168 553 2219 tiis
589 2166 893 2234 sagacitate,
924 2185 1075 2219 nemo
1099 2167 1256 2219 facile
1282 2168 1618 2228 infitiabitur3
1637 2185 1940 2237 quamquam
1954 2166 2215 2218 interdum
2232 2164 2469 2218 rationes
2498 2165 2614 2216 eins
2640 2164 2715 2216 rei

466 2236 631 2287 sensit
661 2235 851 2303 magis,
886 2254 1039 2304 quam
1075 2237 1339 2306 explicuit.
1406 2238 1466 2288 Id
1505 2237 1553 2289 ei
1586 2238 1689 2289 hoc
1722 2237 1842 2288 loco
1876 2236 2128 2288 accidisse
2174 2245 2323 2305 puto.
2392 2235 2715 2304 Intelligitur

466 2305 602 2369 iam,
636 2323 804 2356 meam
838 2305 906 2356 de
939 2306 1023 2358 his
1059 2324 1164 2358 vas.
1198 2308 1507 2358 sententiam
1540 2324 1646 2358 non
1682 2306 1980 2376 discrepare
2027 2307 2093 2357 ab
2132 2304 2426 2373 Heyniana,
2462 2304 2593 2357 licet
2625 2323 2713 2356 su-

463 2374 631 2445 perbe
664 2372 923 2442 exagitata
951 2394 983 2427 a
1009 2376 1224 2430 Wakef.
1264 2377 1331 2428 ad
1359 2378 1572 2428 Lucret.
1617 2377 1686 2439 V,
1735 2377 1857 2432 326.
1928 2375 2155 2426 Primum
2197 2373 2388 2425 iustam
2416 2385 2600 2426 movet
2622 2391 2711 2426 sn-

466 2463 490 2495 s
531 2442 750 2495 icionem
766 2482 780 2507 ,
818 2444 960 2512 quod
982 2463 1058 2496 vs.
1086 2445 1206 2499 257.
1234 2446 1300 2496 ab
1329 2463 1461 2509 uno,
1498 2463 1574 2497 vs.
1603 2447 1745 2512 258„
1796 2445 2038 2497 Fabricio
2062 2454 2197 2496 teste
2238 2462 2270 2494 a
2296 2443 2543 2512 pluribus
2570 2442 2712 2495 libris

464 2533 495 2566 a
535 2522 642 2575 est3
678 2513 922 2583 quodque
953 2513 1092 2566 idem
1124 2516 1186 2565 in
1225 2514 1343 2567 aliis
1387 2514 1739 2585 transpositus
1782 2526 1905 2567 ante
1943 2533 2018 2567 vs.
2064 2513 2182 2571 257.
2223 2513 2442 2581 legitur.
2518 2517 2711 2566 Tamen

464 2584 597 2636 haec
622 2584 833 2635 leviora.
902 2588 971 2636 At
1000 2585 1160 2635 verba
1195 2596 1379 2637 terras
1401 2588 1553 2637 inter
1580 2585 1923 2655 caelumque,
1959 2596 2016 2636 ut
2044 2594 2249 2636 taceam
2274 2600 2380 2636 non
2412 2583 2593 2635 videri
2613 2584 2712 2635 hu-

462 2653 638 2705 milem
659 2654 885 2705 volatum
902 2691 917 2717 ,
948 2654 1114 2723 qualis
1134 2654 1235 2704 iam
1267 2665 1381 2706 erat
1404 2654 1678 2718 Mercurii,
1713 2663 1769 2705 et
1797 2653 1963 2723 qualis
2001 2663 2083 2705 est
2104 2670 2399 2721 mergos-um
2435 2654 2713 2705 similium-

465 2739 566 2791 que
607 2722 804 2788 avium,
852 2722 947 2774 sed
1001 2723 1240 2774 altiorem
1282 2724 1564 2784 denotare,
1628 2733 1811 2793 aperte
1865 2724 2197 2791 refragantur
2251 2723 2712 2792 praecedentibus,

463 2793 671 2860 quando
710 2792 1024 2844 Mercurium
1066 2809 1174 2843 non
1222 2792 1362 2843 inter
1407 2794 1604 2846 caelum
1655 2804 2025 2862 terrasque,
2108 2792 2205 2843 sed
2242 2792 2380 2843 inter
2417 2793 2625 2844 caelum
2663 2801 2715 2843 et

463 2880 643 2913 mare
685 2862 923 2926 volasse,
974 2861 1215 2914 discimus
1261 2880 1324 2913 ex
1357 2862 1471 2913 his:
1545 2863 1692 2914 misit
1726 2880 1785 2913 se
1817 2863 1905 2913 ad
1940 2862 2189 2917 undas,
2272 2863 2340 2912 Bt
2379 2861 2433 2912 in
2482 2861 2592 2913 hoc
2638 2871 2715 2913 est

465 2931 869 2999 comparationis
904 2930 982 2981 vis
1009 2932 1334 2999 quaerenda,
1373 2931 1544 3001 quod,
1596 2940 1654 2981 ut
1677 2931 1785 2983 avis
1816 2930 2105 2995 maritima,
2152 2931 2353 2983 iuxta
2402 2947 2714 3001 aequora

462 3002 638 3065 volat,
674 3000 710 3051 i.
738 3017 784 3053 e.
825 3017 932 3055 non
964 3000 1073 3052 alte
1102 3019 1259 3070 supra
1292 3020 1432 3053 mare
1457 3000 1651 3061 elatus3
1701 3019 1818 3052 nam
1843 3001 2049 3069 reliqua
2084 3003 2281 3069 circum
2331 3000 2542 3064 litora,
2605 3004 2713 3052 eir·-

463 3088 583 3121 cum
620 3070 878 3140 scopulos
918 3069 1124 3122 adiecta
1166 3082 1313 3132 sunt,
1359 3088 1463 3138 quo
1497 3068 1798 3133 definiatur,
1846 3069 2016 3139 qualis
2064 3070 2176 3120 sere
2217 3069 2326 3121 avis
2364 3069 2715 3138 intelligenda

463 3139 549 3191 sit.
619 3144 790 3225 Atque
854 3156 972 3188 uum
1001 3151 1280 3260 appareat,
1314 3139 1592 3208 Virgilium
1620 3139 1938 3207 expressisse
1966 3139 2243 3191 Homerica
2275 3138 2401 3189 illa:
2443 3139 2714 3209 „Hteqlrp

461 3204 524 3260 δ’
561 3203 803 3278 ἐπιβας,
862 3206 1024 3271 gat&
1053 3225 1151 3275 ρος
1186 3205 1443 3275 ἔμπεσε
1471 3204 1747 3280 πόντῳ·
1782 3203 1980 3261 σεύατ’
2026 3203 2203 3260 ἔπειτ’
2255 3204 2351 3261 ἐπὶ.
2380 3207 2564 3277 κῦμα,
2602 3206 2713 3261 ’λεί-

462 3294 541 3346 ρῳ
569 3270 768 3344 ὄρνιθι
805 3270 1030 3340 ἐοικός,
1076 3271 1206 3330 ὅστε
1247 3273 1393 3331 κατὰ
1451 3274 1675 3340 δεινοὺς
1710 3273 1956 3339 κόλπους
1993 3271 2130 3340 ἁλὰς
2174 3272 2523 3360 ὸῖτρυγέτοισ
2550 3279 2713 3346 ἰχθῦς

461 3341 762 3413 ἀγρώσσων
801 3341 1011 3397 πυκινὰ
1055 3341 1283 3414 πτερὰ
1328 3344 1633 3401 δεύεται
1679 3340 1943 3416 &haym
2012 3347 2202 3398 clarius
2256 3357 2417 3398 etiam
2464 3349 2711 3411 cernitar,

462 3432 616 3483 quam
647 3414 719 3465 sit
753 3413 1029 3465 absurdum
1053 3414 1187 3468 illud
1213 3429 1395 3469 terras
1419 3420 1568 3469 inter
1597 3417 1928 3487 caelumque.
1994 3419 2100 3469 Iam
2122 3415 2246 3467 vide
2280 3416 2414 3467 mihi
2442 3417 2711 3488 illepidum

459 3483 766 3535 versiculum
806 3483 928 3536 258.
1000 3484 1167 3550 Quid,
1216 3504 1441 3555 quaeso,
1503 3484 1791 3547 attinebat,
1845 3488 2018 3539 lovem
2055 3503 2235 3537 rursus
2276 3485 2710 3539 commemorari?

459 3558 657 3622 Atque,
692 3562 751 3603 ut
789 3551 923 3603 nihil
953 3552 1118 3606 dicam
1165 3553 1232 3607 de
1269 3555 1521 3607 inusitata
1563 3554 1791 3622 Virgilio
1814 3554 1914 3607 hac
1956 3564 2047 3606 ant
2086 3553 2242 3606 simili
2288 3555 2430 3607 lovis
2470 3557 2708 3627 appella-

460 3623 634 3674 tione:
673 3639 825 3690 quam
852 3630 933 3674 est
950 3623 1185 3693 ineptum
1222 3625 1326 3677 hoc
1354 3624 1507 3688 loco,
1542 3623 1633 3675 ubi
1663 3623 1904 3676 minister
1935 3625 2119 3676 summi
2159 3623 2384 3676 numinis
2413 3626 2706 3677 introduci·

459 3701 546 3741 tur
573 3691 890 3757 Mercurius,
924 3703 1188 3745 maternae
1221 3695 1496 3763 avitaeque
1531 3692 1750 3761 originis
1787 3692 2105 3763 omninoque
2143 3693 2351 3762 generis
2386 3697 2705 3747 mentionem

459 3759 675 3812 iniicere
714 3769 826 3811 tam
867 3762 1177 3829 copiosam?
1224 3765 1368 3816 Haec
1406 3763 1474 3814 de
1516 3762 1762 3830 singulis3
1820 3763 1923 3814 iam
1962 3764 2030 3814 de
2072 3782 2269 3814 summa
2307 3762 2390 3814 rei
2436 3766 2703 3834 agendum.

459 3831 712 3882 Versatur
735 3829 868 3882 haec
893 3832 1213 3902 comparatio
1239 3833 1295 3884 in
1322 3851 1381 3885 re
1407 3831 1553 3884 tenui
1569 3871 1584 3897 ,
1621 3831 1857 3900 satisque
1886 3832 2050 3884 habet
2074 3843 2237 3901 poeta
2270 3832 2455 3886 dicere
2491 3838 2590 3888 avi
2618 3837 2701 3885 si-

459 3899 687 3965 milis,
719 3916 824 3969 quo
850 3901 1130 3968 vocabulo,
1164 3902 1381 3968 similis,
1416 3920 1667 3971 nusquam
1693 3901 1860 3954 utitur
1889 3902 1942 3953 in
1973 3920 2035 3954 re
2073 3902 2220 3971 gravi
2244 3919 2447 3973 oreque
2479 3903 2701 3957 ornanda

460 4077 586 4139 769
641 4073 716 4132 de
749 4073 995 4133 Iunonis
1039 4073 1229 4157 equis)
1276 4076 1388 4150 ad,
1441 4075 1540 4135 vel
1625 4075 1912 4136 curritur.
2012 4077 2398 4137 Burmannus
2456 4082 2521 4138 in
2570 4078 2695 4138 vnl-

458 4179 699 4237 versus,
768 4161 950 4218 Litus
1001 4161 1276 4238 Libyae,-
1355 4170 1427 4219 ut
1482 4182 1538 4221 v.
1625 4172 1763 4241 gata
1817 4161 2194 4222 distinctione
2239 4164 2594 4243 acquiescit,
2641 4171 2693 4221 et

457 4248 583 4311 258
626 4245 716 4305 ad
754 4244 973 4304 undas.
1066 4246 1316 4306 Omissio
1356 4265 1539 4325 prae-
1623 4246 1704 4306 ad
1725 4248 2091 4327 scriptorum
2110 4269 2342 4309 morem
2359 4252 2563 4327 refert,
2589 4269 2693 4328 quo

462 4330 770 4411 positionis
813 4331 955 4390 satis
982 4332 1262 4410 frequens
1296 4342 1537 4411 poetae,
1622 4333 1874 4392 verbum
1901 4333 1980 4392 ad
2008 4334 2264 4394 alterum
2289 4345 2533 4396 tantum
2561 4335 2693 4395 sub·

458 4426 521 4477 et
548 4418 634 4477 sic
682 4415 919 4477 aurium
937 4418 1132 4497 ,etiam
1163 4416 1399 4479 fastidio
1430 4439 1537 4478 oc-
1622 4418 1914 4481 iectorum
1946 4421 2190 4502 proprie
2220 4431 2455 4502 spectat
2462 4444 2483 4499 5
2511 4431 2579 4481 ut
2592 4419 2689 4480 de-
