2882 5028
574 305 1183 384 AENEIDOS
1238 308 1443 382 LlB.
1504 310 1631 402 vl,
1692 312 2132 387 875-892

2342 320 2493 392 999

232 454 703 592 Purpureos
724 516 1084 595 spargam
1113 490 1393 587 flores,
1433 493 1941 595 animamque
1972 498 2287 596 nepotis
2341 481 2490 579 885

231 601 382 671 His
406 595 689 673 saltem
722 596 1234 674 adcumulem
1265 596 1538 691 doniS,
1595 611 1673 673 et
1709 597 1993 696 fungar
2023 599 2231 678 inani

227 705 600 778 Munere.

710 702 838 777 Sic
868 714 1033 778 tota
1059 703 1347 802 passim
1381 701 1713 799 regione
1739 715 2117 800 vagantur

232 803 464 879 Aeris
494 803 576 878 in
612 805 906 906 campis
936 805 1146 899 latis,
1205 817 1443 906 atque
1472 806 1740 882 omnia
1770 805 2121 886 lustrant.

235 913 467 1001 Quae
507 919 934 1009 postquam
969 907 1349 986 Anchises
1389 922 1666 986 natum
1707 934 1857 1009 per
1900 910 2206 1007 singula
2252 908 2489 1003 duxit,

231 1008 768 1111 lucenditque
797 1013 1152 1087 animum
1177 1010 1438 1089 famae
1469 1014 1854 1089 venientis
1886 1037 2195 1090 amore:

2337 1021 2487 1091 890

229 1114 434 1186 Exin
468 1112 681 1188 bella
706 1115 876 1190 viro
904 1129 1305 1191 memorat
1337 1141 1541 1217 quae
1573 1115 1867 1193 deinde
1895 1115 2270 1214 gerenda,
2350 1193 2361 1204 ,

231 1217 809 1318 Laurentisque
843 1218 1082 1294 docet
1109 1217 1493 1320 populoS,
1546 1220 1997 1322 urbemque
2025 1219 2312 1310 Latini3

376 1371 482 1426 886
517 1372 625 1423 Hie
666 1372 795 1426 salt.
845 1372 955 1428 elii.
1023 1374 1132 1428 Sed
1173 1374 1417 1427 Heinsius
1455 1391 1486 1427 e
1520 1374 1676 1428 codd.
1717 1341 1826 1427 His
1859 1375 2127 1443 reposuit,
2172 1382 2266 1428 aut
2309 1371 2486 1441 potius

229 1440 529 1502 revocavi&
566 1441 643 1492 sio
678 1441 813 1492 enim
846 1443 949 1494 iam
982 1443 1106 1496 inde
1141 1445 1207 1497 ab
1238 1443 1376 1498 Aldu
1414 1443 1628 1497 editum.
1700 1446 1861 1498 donis
1883 1444 2140 1513 qffungar
2163 1441 2377 1495 Mentel.
2401 1461 2483 1510 pr.

226 1512 421 1563 ina-nis
450 1510 641 1562 Medic.
678 1520 733 1562 et
762 1511 951 1580 fragm.
987 1514 1158 1567 vatic.
1173 1552 1188 1578 ,
1222 1526 1444 1582 uterque
1477 1530 1510 1567 a
1541 1532 1610 1565 in.
1645 1532 1728 1583 pr.

480 1581 581 1635 888
614 1582 800 1632 Acriis
843 1583 995 1634 Rom.
1044 1594 1101 1635 et
1144 1583 1363 1637 Mentel.
1411 1582 1546 1647 duo,
1602 1583 1740 1636 alter
1788 1584 1947 1636 etism
1993 1584 2107 1636 sine
2148 1586 2227 1636 in.
2294 1583 2487 1634 Acteis

228 1597 340 1631 sec.

229 1646 449 1715 Regius.
519 1649 624 1703 Vul

1867 1515 1971 1570 887
2005 1516 2246 1566 Munera
2275 1514 2485 1579 Meneg-

663 1658 802 1701 etsm
837 1651 994 1703 etiam
1028 1669 1113 1722 ap.
1148 1653 1326 1708 Schol.
1362 1652 1560 1704 Lucani
1595 1652 1703 1721 legi
1735 1663 1884 1706 notat
1930 1655 2102 1705 Burm.
2169 1650 2349 1703 Malim
2383 1650 2485 1703 Vi-

229 1735 347 1769 rum
379 1717 592 1771 doctum
625 1668 891 1783 goonis-0,
926 1722 1191 1791 quomodo
1224 1724 1390 1778 Aeris
1422 1725 1599 1793 campi
1628 1722 1920 1792 accipiendi
1954 1722 2089 1786 sint3
2132 1740 2200 1774 ne
2231 1737 2487 1783 moneam,

229 1785 288 1840 in
323 1787 506 1842 inferis
541 1789 816 1840 aetherem
856 1791 1136 1843 memorari
1182 1793 1356 1845 solere
1371 1829 1388 1855 ,
1435 1807 1543 1843 non
1560 1830 1575 1856 ,
1619 1811 1816 1845 aaron&

229 1856 363 1907 talb.

1956 1794 2061 1849 889
2114 1796 2281 1858 Quem
2324 1791 2485 1841 Mon·-

503 1859 607 1911 890
626 1856 822 1928 famae
853 1860 1093 1916 melioris
1126 1862 1315 1915 Medic.
1353 1878 1416 1911 ex
1451 1861 1653 1927 Colot„
1733 1861 1841 1914 uod
1887 1878 1951 1914 ex
1985 1860 2103 1914 aliis
2138 1860 2269 1915 locis
2305 1869 2485 1914 trene-

230 1926 394 1977 latum
431 1943 546 1978 esse
584 1927 718 1978 bene
753 1938 933 1979 monet
967 1930 1137 1981 Burni.
1190 1933 1278 2000 (ex
1321 1932 1413 1994 lv,
1461 1931 1619 1984 221.:
1674 1967 1706 1994 „
1731 1948 1879 1984 amne
1927 1930 2160 1983 melioris
2209 1929 2484 1982 amentis.“

237 1996 386 2060 Wr.)

527 1997 625 2050 891
663 1998 878 2048 Exhinc
909 1999 1063 2050 multi
1101 1998 1219 2066 hic,
1272 2009 1336 2054 ut*
1367 2007 1423 2051 et
1458 1999 1586 2052 alibi
1618 1999 1828 2054 solent.-
1880 2001 2040 2053 Bella
2072 2000 2269 2062 exinde
2298 1999 2482 2051 Franc-

231 2066 444 2132 (Exe'm,
477 2083 516 2115 n
552 2083 583 2116 s
619 2067 912 2117 recentiore
947 2086 1101 2119 manu
1135 2069 1522 2137 superscripta,
1564 2069 1765 2193 fram
1785 2072 1940 2136 Vnt„
1986 2069 2214 2121 fortasse
2254 2086 2317 2120 ex
2351 2084 2483 2137 pro-

227 2133 500 2185 nuntiandi
531 2135 768 2201 ratione3
802 2135 898 2187 sed
932 2136 1038 2190 vid.
1073 2139 1141 2192 V.
1173 2139 1237 2192 1..
1272 2140 1341 2191 ad
1374 2139 1490 2204 vn,
1523 2138 1645 2194 541.

229 2294 345 2352 pro
392 2272 686 2334 Anchisae
721 2274 919 2335 herois
957 2297 1210 2356 persona
1249 2291 1312 2342 et

227 2359 599 2438 temporibus
629 2384 647 2438 3
738 2362 1043 2442 virgiliani
1108 2365 1312 2444 potius

227 2446 362 2507 aevi
387 2444 664 2506 habenda
692 2448 832 2507 talis
859 2448 1058 2509 luctus
1080 2459 1311 2511 testan-

229 2533 295 2592 di
341 2532 646 2611 elegantia.
746 2536 904 2594 Sunt
947 2544 1149 2596 tamen
1202 2558 1312 2617 per

225 2639 291 2678 se
382 2618 759 2697 pulcerrima.
890 2618 1310 2699 (structuram

225 2703 407 2765 huius
452 2706 739 2765 orationis
769 2748 788 2781 ,
853 2706 1078 2766 nemini
1121 2709 1314 2788 impe-

226 2790 508 2849 ditiorem
551 2792 772 2867 vissm,
816 2792 1098 2870 expedivi
1140 2796 1204 2854 in
1242 2794 1314 2854 V.

225 2877 289 2935 1..
331 2875 408 2934 ed
466 2876 566 2952 IV,
613 2880 755 2942 688.
842 2877 1119 2939 Ceterum
1170 2884 1314 2939 setis

224 2970 409 3023 notus
434 2959 536 3021 hic
576 2962 754 3021 flores
795 2963 1109 3043 spargendi
1147 2986 1312 3040 mos;

227 3046 352 3111 vid.
425 3046 817 3108 Kirchmann.
887 3049 963 3108 de
1028 3049 1310 3111 Funerib.

232 3134 398 3192 Rom.
417 3132 517 3193 lib.
547 3134 591 3192 1.
624 3154 749 3213 cap.
784 3138 881 3199 11.
919 3138 1015 3197 W
1015 3133 1098 3217 r.)
1165 3137 1308 3202 885.

226 3223 500 3278 animam
537 3221 912 3279 accumulem
951 3221 1124 3279 donis
1164 3231 1310 3281 note

225 3304 515 3383 elegantia
541 3325 653 3384 pro
679 3305 930 3384 vulgari,
975 3306 1158 3382 dona,
1192 3307 1310 3366 flo-

225 3410 354 3466 res,
397 3391 462 3449 in
492 3391 748 3451 animam
778 3391 1093 3450 cumulem.
1138 3394 1312 3453 inmas·

226 3497 499 3552 munere,
548 3496 618 3535 eo
650 3496 857 3551 sensu,
902 3497 1021 3553 quo
1059 3477 1161 3537 lib.
1202 3478 1308 3553 XI,

225 3565 327 3629 51.
356 3563 460 3627 62.
514 3562 704 3623 Duxit
730 3561 876 3621 hinc
899 3581 1137 3622 versum
1165 3563 1308 3643 pul-

225 3646 543 3708 ceri-imum
580 3647 807 3708 Statius
841 3647 1080 3729 Epiced.
1115 3648 1308 3708 Patris

225 3733 296 3794 V.
322 3733 467 3793 silv.
495 3739 554 3810 3,
596 3735 724 3798 285
769 3735 859 3792 lte
906 3730 1169 3816 (Venite)
1204 3737 1309 3810 pii

229 3822 453 3879 Manes
488 3863 508 3894 ,
594 3820 965 3898 Graiumque
1017 3822 1305 3878 examina

229 3917 436 3963 vatum
456 3948 473 3979 ,
539 3907 957 3984 Illustmmque
1028 3906 1304 3963 animam

197 4034 206 4043 .
229 3989 513 4049 Lethaeis
538 3993 809 4069 spargite
832 3992 1018 4048 sertis.
1093 3984 1102 3993 ’

310 4077 695 4141 887—893.
739 4077 918 4134 Aeris
943 4078 1009 4133 in
1042 4077 1299 4153 campie.

227 4160 349 4219 Etsi
376 4179 572 4221 aerem
600 4161 663 4219 in
687 4160 887 4239 Elysio
917 4159 1143 4239 spirare
1181 4180 1306 4219 non

228 4244 463 4305 dubito:
508 4246 665 4306 conf.
696 4267 824 4326 sup.
853 4246 991 4306 Var.
1029 4247 1189 4304 Lect.
1228 4244 1307 4307 ed

225 4350 281 4389 v.
314 4328 440 4395 704
457 4352 476 4407 ;
519 4351 658 4391 cum
686 4340 886 4392 temen
914 4334 1071 4392 aeris
1101 4334 1310 4409 campi

1763 2142 1834 2209 r.)

1394 2278 1676 2340 insolenti
1702 2279 1886 2344 modo
1918 2280 2227 2353 dicantur,
2270 2278 2484 2357 spretis

1398 2365 1943 2426 Grammaticorum
1982 2366 2144 2447 apud
2203 2364 2482 2424 Servium

1397 2458 1461 2509 et
1489 2451 1742 2512 Cei-dam
1776 2453 2018 2532 argutiis
2052 2459 2268 2532 putare
2296 2450 2477 2508 male-

1394 2536 1534 2595 bam
1581 2556 1788 2615 graece
1836 2539 2067 2598 dictum
2084 2582 2102 2614 ,
2174 2555 2288 2616 pro
2337 2537 2482 2596 locis
2530 2578 2535 2581 ψ

1399 2621 1728 2700 caliginosis
1751 2620 1813 2682 h.
1845 2642 1895 2684 e.
1924 2624 2142 2683 inseris.
2215 2621 2313 2679 Sic
2338 2615 2478 2701 ἀήρ,

1398 2700 1633 2788 ηἐρόεις
1670 2726 1859 2786 saepe.
1916 2716 1977 2766 et
2025 2728 2154 2786 sup.
2198 2708 2324 2770 828
2364 2727 2479 2762 no-

1397 2805 1551 2851 ctem
1596 2792 1670 2853 de
1712 2791 1808 2853 his
1848 2793 1994 2853 locis
2033 2790 2200 2851 haud
2242 2792 2479 2869 resuge-

1396 2886 1512 2937 rat.
1596 2879 1803 2937 Sentio
1839 2888 2042 2938 tamen
2082 2887 2144 2937 et
2185 2873 2304 2935 hoe
2344 2895 2478 2934 mo-

1394 2962 1626 3023 lestiam
1668 2963 1921 3026 habere:
1990 2983 2127 3024 cum
2177 2981 2210 3020 a
2256 2962 2479 3040 campis

1394 3048 1610 3127 Elysiis
1657 3049 1840 3129 caligo
1888 3049 2089 3107 abesse
2133 3045 2372 3122 debeat5
2416 3056 2478 3107 et

1394 3154 1526 3213 sup.
1559 3133 1682 3199 640
1723 3134 1947 3195 lectum
1991 3143 2169 3194 esset:
2210 3133 2480 3210 Largior

1392 3219 1496 3279 hic
1524 3240 1772 3301 campos
1794 3220 2000 3280 aether
2021 3231 2077 3277 et
2105 3220 2329 3279 &etnim
2366 3239 2475 3277 ve-

1392 3308 1496 3365 stit
1530 3308 1880 3383 Purpureo,
1924 3306 2225 3385 solemque
2270 3322 2469 3379 sumn,

1392 3412 1509 3449 sua
1534 3390 1734 3451 sidera
1753 3404 1988 3451 nonan.
2078 3390 2317 3451 Scilicet
2339 3408 2474 3448 ere-

1391 3486 1566 3554 ptum
1616 3475 1687 3534 iis
1739 3486 1827 3537 est
1882 3477 2123 3536 caelum
2170 3483 2473 3552 nostrum3

1389 3582 1533 3621 nam
1557 3561 1624 3620 in
1653 3560 1855 3621 inseris
1895 3571 2040 3622 sunt
2068 3585 2085 3638 ;
2142 3570 2204 3621 at
2247 3558 2473 3621 habent

1388 3666 1588 3707 aerem
1642 3667 1862 3709 suum:
1941 3646 2241 3708 aetherem
2299 3646 2471 3706 illum

1383 3751 1612 3812 purum
1677 3741 1739 3793 et
1807 3742 2099 3813 apertum.
2195 3733 2471 3792 Dicamus

1389 3836 1528 3896 ergo
1587 3817 1847 3896 Campos
1899 3823 2057 3879 aeris
2098 3837 2223 3877 esse
2275 3815 2469 3876 dictos

1387 3902 1659 3963 locorum
1686 3947 1704 3978 ,
1774 3904 1878 3983 qui
1947 3904 2055 3964 tali
2112 3922 2246 3962 aere
2278 3945 2296 3978 ‚
2353 3922 2467 3981 pro

1389 3988 1552 4047 caelo
1569 4032 1587 4063 ,
1628 3989 1934 4050 fruuntur.
2018 3990 2136 4047 Pro
2167 3988 2468 4065 interpre—

1389 4073 1619 4133 tatione
1672 4093 1795 4135 esse
1833 4082 2030 4153 potest
2078 4073 2243 4132 locus
2296 4072 2467 4131 statii

1389 4180 1520 4239 sup.
1548 4159 1627 4221 ad
1663 4180 1723 4220 v.
1768 4162 1893 4225 637
1934 4158 2304 4238 adscriptum
2355 4177 2465 4217 ne-

1389 4244 2071 4324 mus—inquofalsa
2106 4242 2464 4303 dioec-aelo-

1392 4353 1507 4412 que
1573 4331 1915 4390 simillimus
1974 4327 2193 4388 aether.
2294 4328 2464 4389 Dicta
