2882 5028
525 371 1139 451 AENEmos
1189 372 1402 450 Lm.
1456 374 1588 470 vl,
1642 379 2079 454 eso-860

2296 384 2447 457 995

187 555 534 656 Adspice
554 560 588 653 ,'
625 570 717 633 ut
747 557 1068 655 insignis
1100 559 1372 659 spoliis
1402 558 1821 635 Marcellus
1855 562 2145 662 opimis

188 660 676 758 Ingreditur,
728 662 1143 764 victorque
1180 664 1390 738 viros
1418 665 1963 764 supereminet
1996 666 2289 746 omnis!

189 767 340 840 Hic
368 789 544 840 rem
576 768 1061 862 Romanam,
1115 790 1407 865 magno
1443 767 1813 843 turbante
1845 769 2215 868 tumultu,

193 870 476 964 Sistet,
513 890 761 969 eques
793 882 1095 945 sternet
1127 875 1477 965 Poenos,
1525 869 2000 973 Gallumque
2032 874 2445 976 rebellem,

192 973 628 1073 Tertiaque
661 996 878 1049 arma
905 975 1108 1074 patri
1144 973 1579 1076 suspendet
1606 987 1829 1075 capta
1858 977 2214 1071 Quirino,
2294 988 2445 1061 860

337 1162 439 1216 857
482 1163 620 1214 viris
666 1162 804 1214 alter
855 1163 1045 1217 Hamb.

1194 1165 1299 1222 859
1345 1164 1449 1216 Alii
1498 1164 1821 1233 distinguunt
1864 1175 1988 1235 post
2035 1169 2207 1219 δίκη
2254 1187 2446 1238 εςαεες

189 1230 275 1282 nil
307 1233 488 1282 refert.
560 1233 662 1299 (Ita
695 1232 1083 1302 interpungitur
1115 1232 1168 1284 in
1204 1233 1395 1285 Medic.
1431 1244 1489 1284 et
1531 1235 1717 1301 fragm.
1767 1237 1919 1297 Vat.;
1961 1236 2057 1286 sed
2106 1238 2296 1288 rectius
2345 1237 2447 1289 ad-

188 1300 427 1366 iungitur
464 1319 629 1369 eques
660 1301 822 1354 verbo
860 1315 1087 1366 sternet,
1120 1319 1272 1371 quam
1306 1307 1481 1357 sistet.
1526 1306 1669 1370 Wr.)
1738 1306 1896 1374 equis
1926 1305 2097 1370 Rom„
2132 1306 2275 1374 quod
2308 1306 2445 1359 male

188 1370 393 1440 probat
429 1368 655 1430 Pierins3
693 1381 773 1421 est
809 1373 947 1423 enim
979 1371 1194 1440 vulgare
1230 1389 1328 1439 pro
1363 1374 1534 1424 altero
1561 1372 1792 1443 poetico·

183 1441 379 1561 santrio
408 1439 575 1507 fragm

1929 1375 2035 1430 860
2067 1377 2274 1428 Tristia
2297 1378 2446 1428 Rom.

579 1475 593 1489 .
629 1440 798 1492 Vatic-
835 1461 867 1493 a
899 1460 967 1493 m.
1003 1459 1084 1511 pr.
1154 1441 1491 1511 suspendent
1524 1443 1707 1493 Franc.
1777 1455 1943 1512 rapta
1987 1442 2215 1496 malebat
2263 1446 2448 1497 Mark-

252 1508 340 1559 nd.
373 1509 442 1559 ad
475 1513 606 1560 Stat.
643 1527 696 1577 p.
731 1511 851 1574 277,
896 1521 954 1562 ut
986 1512 1088 1562 iam
1123 1511 1448 1563 Passeratius
1483 1512 1622 1582 apud
1660 1510 1947 1576 Guellium3
1993 1512 2070 1566 sic
2104 1514 2203 1567 Ge.
2235 1516 2324 1581 111,
2360 1516 2449 1571 32.

190 1578 304 1632 Sed
336 1595 437 1630 nec
469 1577 633 1630 minus
668 1578 891 1634 alterum
923 1581 1060 1633 bene
1093 1579 1306 1633 dictum.

191 1735 332 1798 viae
357 1736 393 1795 s.
413 1780 432 1811 ‚
476 1736 556 1795 ad
583 1755 761 1815 quem
784 1749 857 1799 ut
884 1737 1283 1799 deduceretur

191 1821 394 1882 oratio
413 1867 430 1896 ,
475 1821 555 1881 Μ.
586 1823 902 1883 Claudiurn
933 1824 1283 1885 Marcellum

191 1908 354 1968 bello
382 1907 606 1967 Punico
643 1909 698 1968 11
742 1910 973 1969 clarum
1017 1909 1281 1969 induxit.

190 1993 618 2055 Narrationem
649 1994 884 2054 deloco
921 1993 1040 2055 hoc
1081 2016 1283 2056 coram

194 2080 452 2140 Octavia
486 2080 640 2139 lecto
676 2081 817 2140 vide
856 2082 918 2140 in
961 2082 1101 2140 Vita
1141 2082 1274 2141 vir-

1366 1748 1463 1797 eta
1490 1738 1554 1798 in
1579 1739 1820 1799 laudem
1846 1736 2092 1799 cedunt.
2174 1740 2323 1799 Rem
2348 1750 2449 1800 ta-

1364 1843 1503 1884 men
1542 1825 1657 1883 alio
1686 1824 1869 1885 modo
1895 1824 2140 1903 expedit
2174 1827 2445 1886 Servius:

1365 1913 1695 1969 Possumus
1722 1924 1779 1969 et
1794 1954 1813 1985 ‚
1872 1912 2040 1990 quod
2074 1923 2161 1969 est
2204 1912 2440 1987 melius,

1365 1996 1690 2054 secundum
1740 1998 1937 2075 legem
1989 1997 2237 2055 Numae
2289 1997 2450 2055 hunc

1365 2081 1564 2139 locum
1599 2085 1870 2158 accipere
1885 2124 1905 2155 ‚
1967 2085 2075 2159 qui
2106 2086 2443 2160 praecepit,

196 2166 326 2246 gilii
362 2162 427 2243 ς.
472 2164 555 2228 47
598 2174 660 2223 et
702 2167 870 2225 Serv.
920 2166 997 2225 ad
1035 2186 1096 2226 v.
1140 2170 1285 2231 862.
1355 2170 1567 2244 prima
1612 2171 1819 2243 opima
1859 2166 2060 2244 spolia
2096 2168 2236 2226 lovi
2266 2170 2448 2226 Fere-

195 2250 553 2329 Respiciunt
595 2249 1000 2311 narrationem
1034 2254 1289 2311 Senecae

194 2336 386 2398 verba
429 2335 492 2394 in
532 2336 831 2396 consolat.
881 2337 960 2396 ad
1000 2336 1288 2397 Marciam

194 2427 264 2487 2.
285 2422 390 2482 ubi
418 2421 493 2480 de
519 2422 845 2500 pertinacia
862 2422 1086 2482 doloris
1103 2423 1289 2483 Octa·

194 2508 366 2568 viae:
398 2511 672 2567 earmina
697 2507 1083 2568 celebrandae
1105 2511 1284 2568 Mar*-

194 2595 342 2654 cella?
364 2597 682 2652 memoriae
723 2597 1055 2672 composita
1090 2596 1283 2654 alios-

196 2700 319 2760 que
369 2678 698 2737 smdionun
747 2679 994 2738 honores
1056 2683 1276 2739 reiecit.

195 2764 414 2827 videri
455 2773 654 2843 potest
694 2774 861 2824 totus
908 2764 1077 2824 locus
1133 2765 1283 2825 reli-

194 2871 323 2930 quo
359 2851 480 2909 iam
506 2849 766 2909 carmine
794 2849 1063 2911 absoluto
1090 2850 1285 2910 inser-

195 2947 301 2997 tus
331 2954 485 3008 esse;
510 2955 623 2994 nec
655 2945 857 2996 tamen
888 2937 1085 3011 video,
1119 2937 1284 2996 uude

195 3021 322 3084 viri
351 3022 517 3081 docti
554 3020 675 3080 hoc
714 3031 1023 3101 tamquam
1069 3023 1287 3102 explo—

195 3118 406 3169 ratum
432 3106 571 3165 satis
603 3107 839 3167 tradere
868 3108 1116 3186 possint.

292 3194 420 3258 856
446 3225 534 3239 -
563 3196 708 3257 860.
764 3194 989 3271 spolias
1045 3195 1283 3271 opimis,

199 3278 401 3339 occiso
426 3278 768 3337 Insubrium
799 3279 1110 3338 Gallorum
1136 3279 1289 3338 duce

198 3363 586 3425 Virdomaro.
633 3364 761 3424 Liv.
806 3364 964 3444 Epir..
995 3365 1136 3423 XX.
1160 3363 1286 3424 vid.

199 3450 471 3512 Perizon.
513 3449 831 3510 Animadv.
874 3470 926 3509 c.
968 3448 1089 3509 V11.
1164 3450 1285 3510 Ea-

201 3536 346 3597 dem
371 3543 517 3594 sunt
544 3555 604 3595 v.
625 3538 751 3599 860
771 3539 944 3594 tertia
968 3552 1146 3593 arma
1172 3556 1285 3594 oa-

188 3634 354 3702 put,
411 3619 476 3683 h.
521 3638 573 3680 e.
629 3619 810 3679 tertia
856 3620 1044 3699 spolia
1091 3620 1288 3700 opima

202 3714 348 3788 post
377 3705 703 3765 Romulum
731 3714 794 3765 et
833 3705 1107 3780 Cossum,
1149 3727 1288 3764 sus-

189 3792 424 3872 pendet
469 3792 752 3868 Quirino,
811 3789 874 3850 h.
924 3809 975 3850 e.
1013 3791 1291 3851 Romulo.

204 3876 393 3955 Atqui
439 3895 517 3935 ex
548 3876 790 3936 Romuli
841 3876 1123 3935 instituto
1163 3876 1293 3937 lovi

204 3961 484 4034 Feretrio
505 3962 855 4021 serebantur
867 3961 1054 4040 spolia
1079 3963 1294 4040 opima.

205 4047 336 4110 vid.
367 4047 496 4109 Liv.
524 4048 570 4122 1,
616 4051 715 4112 10.
801 4046 920 4106 Sed
955 4047 1154 4126 potuit
1196 4065 1293 4106 se-

205 4131 388 4195 rioris
417 4133 550 4193 aevi
577 4132 783 4211 religio
810 4133 1134 4194 Romulum
1162 4131 1291 4193 Iovi

206 4218 537 4296 adiungere
560 4238 579 4295 ;
635 4227 835 4298 potest
896 4237 1132 4297 quoque
1193 4217 1293 4277 di-

207 4313 378 4365 ctum
395 4322 526 4379 ,esse
541 4348 559 4379 ,
603 4303 747 4381 quia
784 4304 1086 4363 conditori
1126 4303 1294 4364 urbis

205 4389 413 4451 omnia
445 4389 749 4469 praeclara
790 4399 1171 4471 posterorum
1199 4390 1292 4449 fa-

1367 2254 1480 2312 trio
1506 2250 1709 2310 debere
1746 2252 2034 2331 suspendi
2049 2295 2069 2328 ,
2118 2253 2282 2333 quod
2321 2255 2451 2313 iam

1369 2337 1671 2396 Romulus
1680 2337 1958 2416 ficerat,-
1986 2340 2249 2399 secunda
2263 2339 2450 2400 Mat*-

1368 2425 1419 2479 u·
1451 2465 1469 2496 ,
1532 2421 1697 2501 quod
1749 2424 1968 2482 Cosam
1998 2422 2162 2500 fecit
2186 2446 2216 2497 ‚-
2277 2427 2450 2484 tertia

1377 2507 1634 2583 Quirino
1651 2551 1670 2582 ,
1715 2509 1881 2587 quod
1891 2508 2055 2585 jecit
2083 2510 2444 2570 Marcellus.

1365 2593 1487 2651 Nec
1516 2610 1827 2672 perperam
1855 2591 2006 2652 haec
2046 2593 2276 2654 tradita
2306 2613 2450 2670 esse,

1364 2676 1654 2756 intelliges
1674 2718 1695 2753 ‚
1737 2676 1785 2736 ai
1833 2674 2228 2738 Plutarchum
2276 2679 2450 2740 evol-

1366 2763 1528 2825 veris
1562 2763 1627 2822 in
1679 2762 1963 2822 Marcello
2002 2780 2063 2840 p.
2110 2766 2239 2831 302
2280 2764 2344 2823 C.
2388 2775 2451 2823 et

1364 2849 1567 2911 locum
1602 2848 1763 2907 ,Festi
1807 2846 1968 2929 apud
2008 2847 2277 2909 Perizon.
2306 2848 2347 2909 1.
2395 2869 2447 2910 c.

1367 2954 1503 3014 pag.
1534 2934 1658 3003 255
1690 2954 1810 3012 sq.,
1853 2932 2017 2995 unde
2046 2941 2281 2994 constat
2308 2935 2452 2995 vul-

1367 3038 1568 3099 garem
1602 3037 1732 3079 eam
1761 3020 2175 3080 Romanorum
2210 3020 2453 3099 opinio-

1368 3124 1507 3167 nem
1541 3104 1720 3165 fuisse
1770 3114 1834 3165 et
1893 3106 2450 3183 interpretationem

1367 3192 1533 3271 Legis
1564 3190 1809 3268 Numae,
1839 3208 1992 3269 quae
2022 3189 2097 3249 de
2125 3191 2320 3253 tribus
2354 3190 2452 3250 di-

1359 3277 1559 3337 .versis
1594 3276 1923 3355 spoliorum
1972 3276 2284 3354 generibus
2320 3286 2453 3337 erat

1365 3363 1512 3424 lata.
1600 3362 1843 3423 Poetam
1865 3371 2069 3424 autem
2105 3364 2275 3442 sequi
2308 3363 2452 3423 vul-

1366 3466 1568 3527 garem
1607 3447 1948 3526 opinionem
1987 3448 2078 3508 fas
2117 3457 2224 3509 est.
2308 3448 2452 3509 Post

1366 3532 1519 3594 haec
1557 3533 1755 3593 omnia
1799 3542 2005 3594 tamen
2059 3543 2260 3594 manet
2314 3531 2452 3609 hoc,

1367 3619 1558 3700 spolia
1584 3619 1782 3699 opima
1810 3620 1875 3678 in
1906 3618 2117 3681 eodem
2145 3620 2303 3681 Iovis
2333 3619 2451 3678 Fe-

1370 3704 1547 3766 retrii
1610 3703 1835 3783 templo
1904 3705 2085 3765 fuisse
2171 3704 2451 3786 reposita.

1372 3791 1646 3869 Propon-t.
1672 3789 1773 3866 ΙΙΙ,
1812 3793 1891 3854 10
1926 3790 1969 3851 f.
2015 3792 2207 3850 Nunc
2250 3791 2452 3867 spolia

1374 3879 1440 3934 ἰη
1470 3875 1687 3952 templo
1713 3879 1832 3934 tn'a
1867 3876 2130 3937 condita.
2218 3874 2452 3935 Nobili-

1374 3970 1508 4021 tata
1544 3979 1784 4039 quoque
1824 3970 1918 4021 est
1958 3960 2244 4022 memoria
2284 3959 2451 4018 Mar-

1377 4046 1511 4107 celli
1536 4046 1780 4106 denario
1809 4049 2000 4125 gentis
2038 4044 2347 4119 Claudiae,
2386 4043 2452 4103 in

1376 4153 1499 4211 quo
1532 4132 1822 4213 templum
1861 4140 2123 4209 quatuor
2162 4130 2454 4189 columnis

1374 4219 1441 4279 in
1471 4219 1671 4278 fronte
1708 4226 1987 4277 ornatum
2023 4216 2148 4296 ipse
2182 4214 2454 4295 ingredi-

1377 4315 1483 4364 tur
1512 4313 1824 4384 tropaeum
1866 4310 2114 4381 gestans.
2199 4302 2456 4361 ειιηιιιίιιι

1372 4398 1577 4472 potest
1637 4388 1882 4470 proprie
1949 4386 2182 4447 dictum
2240 4385 2454 4464 videri,

1876 4488 2041 4559 63*
