2882 5028
517 275 1355 354 TRACTATARUM
1405 274 1513 351 IN
1523 273 2051 352 VENTIONE
2327 282 2423 353 45

170 478 297 545 hnc
347 474 500 568 ipsa
537 470 933 541 vav-ienae
980 459 1505 541 declaremus,
1594 463 1798 538 Sunt
1842 476 2107 539 autem
2154 462 2426 562 multa,

172 596 376 674 quae,
410 570 552 646 etsi
597 568 701 644 ab
756 568 935 642 aliis
985 564 1131 640 alia
1173 566 1484 641 ratione
1536 565 1948 642 tradantur
1999 580 2079 643 et
2127 590 2427 642 ornen-

173 689 323 770 tur,
382 672 739 750 fundum
809 686 1093 746 tamen
1158 692 1681 745 communem
1739 671 2042 770 priscae
2103 670 2426 747 alicuius

178 794 309 854 eta
346 777 790 852 maioribus
823 786 1199 874 acceptae
1228 775 1694 848 narrationis
1733 787 2005 874 aperte
2042 773 2424 874 prodant;

167 896 335 957 sunt
381 880 562 976 alia,
636 880 727 953 in
789 879 1087 979 quibus
1147 900 1430 952 omnes
1490 875 1664 952 fere
1722 879 2242 975 conveniunt,
2308 881 2424 954 uti

166 986 679 1079 Callistratus,
758 984 1082 1079 Satyrus
1138 993 1219 1055 et
1259 980 1659 1077 ArctinuS,
1728 979 1857 1054 hic
1909 981 2242 1082 quidem
2288 1008 2424 1058 an-

162 1090 682 1190 tiquissimuS,
752 1087 837 1160 in
906 1083 1104 1177 hoc,
1179 1083 1401 1183 quod
1462 1090 1770 1160 Aeneas
1827 1087 2168 1160 Penates
2240 1110 2422 1163 cum

160 1192 503 1267 Palladio
575 1188 1001 1264 abstulerit
1062 1188 1281 1282 (vide
1333 1188 1434 1266 ib.
1502 1212 1562 1265 e.
1628 1192 1749 1269 68.
1808 1196 1945 1279 69,
2020 1188 2226 1266 adde
2273 1194 2422 1289 Ly-

160 1295 424 1396 cophr.
478 1303 684 1374 1261
736 1317 911 1392 sqq.
982 1290 1351 1390 Xenoph.
1410 1290 1514 1366 de
1555 1295 1828 1370 Venat.
1881 1316 2048 1366 non
2087 1290 2343 1392 longe
2381 1322 2422 1370 a

160 1412 342 1499 pr.);
428 1396 663 1499 quod
724 1408 1042 1497 patrem
1102 1407 1183 1469 et
1231 1391 1506 1471 filium.
1542 1402 1817 1470 secum
1868 1395 2177 1473 duxerit
2236 1398 2422 1494 (vid.

165 1504 444 1602 partim
494 1500 689 1577 ibid.
747 1498 1037 1600 partim
1069 1502 1291 1575 Auct.
1352 1497 1455 1574 de
1490 1499 1703 1596 Orig.
1746 1502 1838 1576 G.
1863 1503 2099 1578 Rom.
2143 1526 2207 1579 c.
2249 1511 2296 1580 9
2345 1516 2425 1577 et

170 1616 351 1684 llet
375 1603 747 1705 inprimis
780 1602 1141 1700 egregius
1169 1625 1260 1676 ex
1288 1600 1709 1703 Sophoclis
1721 1606 2180 1681 Laocoonte
2201 1604 2425 1682 locus

169 1735 279 1809 ap.
317 1710 648 1803 Dionys,
699 1709 761 1799 I,
816 1714 915 1785 48
968 1712 1134 1785 Νῦν
1179 1709 1251 1784 δ’
1303 1717 1378 1784 ἐν
1420 1706 1764 1785 πύλαισιν
1806 1713 2150 1804 Αἰνείας,
2205 1713 2247 1788 ὁ
2299 1719 2425 1809 τῆς

169 1819 381 1900 θεοῦ,
447 1811 817 1913 Πάρεστ“,
869 1812 990 1889 ἐπ’
1043 1812 1260 1908 ὤμων
1290 1812 1554 1909 πατέρ’
1608 1816 1788 1907 ἔχων
1817 1817 2205 1909 κεραυνίου
2241 1813 2423 1892 Nw'-

167 1949 294 1994 τον
344 1914 910 2005 καταστάζοντα
962 1911 1314 2011 βύσσινον
1376 1913 1632 2014 φάρος.
1731 1922 2011 1992 Κυκλιῖ
2053 1922 2130 1995 δὲ
2178 1922 2423 1995 πᾶσαν

169 2026 461 2097 οἰκετῶν
535 2023 1076 2118 παμπληθίαν,
1156 2016 1668 2108 Συνοποὶζεται
1738 2024 1820 2095 δὲ
1879 2024 2199 2121 πλῆθος,
2286 2022 2422 2115 οὐχ

172 2126 334 2201 ὅσον
400 2130 674 2209 δοκεῖς,
775 2130 882 2198 Of
927 2120 1132 2222 ‘cryso’
1183 2124 1395 2220 ἐρῶσι
1466 2124 1596 2220 τῆς
1664 2126 1972 2221 Φρυγῶν
2048 2123 2425 2218 «incestae,-

173 2224 265 2299 ita
324 2223 547 2299 enim
614 2220 800 2319 lego
863 2245 1014 2322 pro
1085 2223 1217 2318 οὐχ
1266 2224 1444 2300 ὅσον
1487 2230 1718 2301 δοκεῖ
1773 2234 1965 2317 Σοι,
2031 2236 2185 2312 τοῖς
2233 2227 2421 2304 δ’”ἑ.

173 2332 461 2429 confluit
504 2332 906 2401 multitudo
948 2331 1194 2400 maior
1230 2352 1454 2424 quam
1493 2339 1573 2400 tu
1591 2325 1821 2424 puteis
1851 2332 2232 2425 (eorum),
2286 2328 2423 2428 qui

172 2437 327 2507 Ιιιίο
370 2437 786 2530 Phrygwm
841 2435 1243 2505 discessero·
1292 2434 1646 2504 interesse
1702 2436 1999 2534 cupiunt
2019 2438 2115 2509 *1.
2213 2428 2422 2510 conf.

173 2533 297 2614 ἰοί
345 2538 671 2611 Excurs.
712 2535 935 2610 XVII
975 2532 1257 2631 adn).
1361 2536 1429 2608 A
1486 2533 1882 2608 Strabone
1915 2537 2120 2629 XIII,
2162 2561 2234 2634 p.
2269 2545 2419 2616 607

172 2638 365 2715 inter
409 2637 994 2740 πολυθρύλλητα
1038 2649 1540 2732 memoratur
1583 2649 1673 2712 et
1714 2634 1908 2731 hoc,
1962 2650 2043 2711 et
2091 2636 2258 2732 alia,
2319 2640 2423 2717 de

172 2737 899 2843 quibus'sigillatim
939 2740 1098 2814 suis
1134 2738 1846 2831 locis-videbimus,
1899 2738 2424 2844 inprimisque

175 2845 384 2946 quod
425 2846 509 2919 in
568 2843 889 2918 Latium
955 2841 1397 2919 discesserit
1433 2847 1781 2939 AeneaS‚
1851 2855 1935 2918 et
1975 2843 2423 2922 secundum

183 2947 582 3024 oraculum
633 2969 739 3022 eo
778 2945 963 3022 loco
1012 2945 1502 3041 consederit,
1552 2943 1692 3020 ubi
1739 2969 2104 3023 mensam
2153 2972 2425 3026 come-

180 3050 463 3130 derant.
574 3049 1017 3148 Vulgarem
1069 3049 1276 3126 hanc
1325 3051 1541 3127 inter
1594 3047 1838 3127 Italos
1893 3047 2137 3128 fuisse
2192 3050 2425 3129 fabu-
2481 3119 2516 3126 .,

175 3154 357 3254 lam,
429 3168 528 3231 ut
585 3166 671 3230 et
740 3153 1071 3232 alteram
1120 3152 1337 3229 illam
1393 3152 1498 3230 de
1546 3177 1688 3229 sue
1740 3153 2059 3250 gravida
2074 3159 2218 3253 **)‚
2289 3181 2426 3233 co-

114 3273 127 3282 ’
178 3260 385 3360 piose
454 3259 711 3334 docet
755 3259 1076 3355 Dionys.
1114 3257 1357 3335 Halic.
1409 3259 1474 3354 Ι,
1526 3262 1649 3336 55.
1701 3261 1828 3354 56,
1885 3260 2174 3334 Conon
2229 3264 2425 3337 Nar-

180 3378 301 3441 rat.
357 3369 460 3442 46
508 3375 597 3438 et
644 3386 739 3437 ex
790 3364 1146 3459 Lutati0,
1216 3364 1522 3438 Catone
1568 3373 1650 3436 et
1694 3363 2062 3458 Caesare,
2127 3367 2428 3440 Auctor

185 3465 272 3542 de
315 3467 534 3564 Orig.
581 3469 679 3542 G.
715 3467 809 3542 R.
869 3489 928 3543 c.
984 3474 1100 3545 11.
1154 3473 1286 3557 123
1344 3488 1388 3539 e
1434 3487 1600 3565 quo
1641 3465 1977 3539 omnino
2084 3479 2278 3560 atet,
2336 3492 2427 3543 ex

189 3569 687 3672 suiptorihus
762 3568 1152 3647 Romanis
1223 3568 1564 3669 antiquis
1635 3590 1806 3642 non
1869 3491 2097 3644 facifie
2166 3569 2424 3647 ullum

192 3669 441 3772 fuisse,
518 3674 661 3775 qui
718 3676 1046 3750 Aeneae
1105 3668 1261 3748 fata
1332 3683 1414 3746 et
1486 3670 1919 3746 adventum
1979 3670 2060 3746 in
2120 3674 2427 3750 Italiam

197 3799 335 3852 non
371 3777 889 3880 exposuisset.
991 3779 1205 3853 Item
1229 3779 1484 3853 Varro
1535 3773 1640 3851 de
1679 3776 1846 3854 RR.
1887 3776 1988 3873 ΙΙ,
2041 3780 2110 3855 4.
2194 3778 2426 3857 Adde

336 4111 387 4195 ⁶)
438 4114 516 4175 Et
570 4115 662 4175 sic
704 4130 884 4172 nunc
940 4107 1173 4169 editum
1219 4106 1394 4169 video
1449 4128 1483 4167 e
1525 4105 1854 4189 Tyrwhiui
1907 4109 2324 4172 emendatione
2365 4111 2429 4171 in

200 4213 326 4256 nova
370 4201 507 4263 edit.
550 4197 855 4283 Sophocl.

334 4321 410 4404 ··)
456 4322 594 4384 vid.
636 4322 919 4383 Excurs.
972 4313 1027 4374 u
1067 4313 1148 4374 aa
1192 4313 1295 4374 ub.
1337 4312 1464 4374 vu.
