2882 5028
530 326 1149 405 AENEIDOS
1195 330 1412 406 LIB.
1462 331 1555 425 V,
1608 334 2044 408 774—785
2264 336 2414 410 825

188 512 693 613 Adloquitur,
737 513 1070 614 talisque
1109 511 1454 592 effundit
1485 529 1813 615 pectore
1851 529 2209 616 questus:
2263 525 2416 596 780

183 617 502 695 lunonis
531 618 782 714 gravis
815 619 964 713 ira,
1018 642 1170 695 nec
1203 618 1718 695 exsaturabile
1754 628 2055 720 pectuS,
2243 628 2244 631 ’

187 723 494 817 Cogunt
521 744 682 816 me,
724 726 1121 822 Neptune,
1172 746 1453 822 preces
1479 722 1970 799 descendere
2008 725 2090 797 in
2120 722 2417 800 omnis:

185 826 434 917 Quam
467 847 620 898 nec
647 822 886 921 longa
917 822 1118 916 dies,
1172 826 1422 924 pietas
1457 850 1607 902 nec
1643 827 1945 924 mitigat
1970 826 2175 920 ulla3

183 930 339 1002 Nec
374 927 583 1002 Iovis
619 927 959 1026 imperio
994 925 1333 1030 satisque
1369 927 1696 1005 infracta
1726 929 2075 1029 quiescit.

184 1032 356 1105 Non
380 1029 646 1106 media
677 1029 778 1105 de
808 1043 1045 1128 gente
1062 1031 1466 1130 Phrygum
1500 1032 1849 1109 exedisse
1874 1028 2239 1108 nefandis
2269 1036 2420 1111 785

276 1157 446 1229 784.
516 1172 847 1231 rA‘nst

1212 1344 1375 1379 voces
1422 1328 1621 1380 zulich.
1669 1344 1784 1380 cum
1845 1326 2012 1380 Goth.
2074 1343 2212 1388 sem,
2278 1323 2425 1376 sacili

1196 1397 1376 1448 Heius.
1439 1398 1681 1468 reposuit
1743 1415 1806 1449 ex
1873 1397 2066 1448 Medic.
2131 1395 2423 1461 ceterisque

306 1324 414 1379 780
451 1323 649 1393 eff'udit
696 1337 801 1377 tres
854 1325 1025 1377 Burm.
1149 1364 1163 1378 .

183 1391 338 1462 lapsu.
477 1396 579 1450 781
631 1412 733 1446 nec
779 1345 1150 1447 exsaturabtss

183 1462 406 1513 omnibus
427 1501 443 1527 ,
478 1462 638 1514 etism
672 1464 956 1529 Pierianis,
991 1466 1082 1534 qui
1117 1465 1200 1517 vel
1235 1485 1336 1517 nec
1367 1467 1452 1518 vel
1486 1486 1661 1537 neque
1696 1486 1804 1518 exs.
1824 1505 1839 1529 ,
1885 1484 1987 1517 uno
2025 1463 2276 1516 Moutalb.
2326 1479 2422 1512 ex-

184 1541 362 1599 cepto,
411 1532 680 1584 exhibent.
734 1535 809 1599 (in
843 1534 1086 1586 Mediceo
1121 1552 1222 1585 nec
1252 1537 1444 1586 mutari
1483 1537 1537 1586 in
1571 1554 1691 1606 neq.
1741 1537 1906 1588 refert
1955 1532 2265 1603 Fogginius3
2317 1530 2423 1584 vid.

184 1602 246 1663 Q.
277 1603 341 1652 V.
376 1600 617 1667 xxxn,
654 1605 734 1656 12.
773 1614 824 1654 et
864 1605 944 1658 13.
1015 1604 1284 1655 Adiectiva
1319 1604 1607 1674 simplicis.
1655 1606 1987 1673 negationem
2021 1606 2274 1657 adiectam
2320 1601 2424 1652 ha-

184 1669 385 1734 bentia,
420 1688 586 1740 saepe
620 1690 652 1723 s
689 1672 918 1724 librariis
952 1672 1007 1723 in
1042 1674 1367 1742 composita,
1404 1685 1464 1725 ut
1496 1692 1608 1726 non
1682 1678 1800 1745 iger
1848 1674 1902 1725 in
1951 1676 2179 1746 impiger
2231 1681 2287 1721 et
2332 1687 2426 1722 ce-

183 1746 290 1790 tera
328 1740 609 1805 similiter,
644 1742 876 1793 converti
911 1742 1069 1793 docet
1101 1743 1245 1799 Cort.
1279 1743 1347 1794 sd
1378 1745 1572 1795 Lucan.
1610 1746 1630 1794 Ι
1659 1746 1695 1806 Ι,
1733 1746 1850 1798 156.
1911 1747 2054 1808 Wr.)
2123 1759 2222 1792 nec
2269 1742 2426 1792 insa-

185 1806 411 1860 turabile
448 1812 584 1862 Ven.
648 1811 823 1879 vulgg.
859 1824 916 1862 et
949 1810 1396 1865 inexsaturabile.
1449 1814 1547 1880 (its
1580 1813 1747 1864 Palst.
1790 1815 1936 1881 Wr.)
2005 1809 2263 1878 Displicet
2301 1823 2426 1861 vero

179 1890 364 1948 peetus
400 1888 526 1947 post
557 1893 795 1949 pectore.
865 1883 941 1931 Io.
979 1881 1254 1933 Schrader.
1289 1883 1425 1934 coni.
1464 1901 1679 1934 numen.
1752 1883 1878 1949 (Sed
1928 1884 1995 1933 cf.
2047 1882 2145 1943 IX,
2189 1878 2296 1931 484
2345 1895 2426 1946 sq.

188 1955 237 1997 et
266 1948 369 2000 vid.
405 1952 469 2000 V.
509 1949 570 1999 L.
607 1949 674 2000 ad
709 1967 783 2001 vs.
826 1952 942 2005 181.
984 1951 1130 2019 Wr.)
1267 1952 1373 2006 782
1417 1953 1493 2003 ad
1544 1969 1729 2005 omnes
1773 1969 2075 2020 expressum
2120 1950 2173 1999 in
2224 1946 2425 2000 Servio.

187 2017 294 2082 (sed
331 2018 448 2070 cod.
484 2018 674 2069 Dresd.
710 2021 770 2070 in
808 2038 855 2071 ο.
901 2018 1042 2085 W'r.)
1180 2021 1285 2073 784
1306 2020 1558 2092 satisque
1591 2024 1742 2073 Rom.
1776 2021 1968 2072 Medic.
2017 2037 2132 2073 cum
2173 2017 2323 2080 aliis,
2376 2023 2430 2067 et

186 2086 257 2136 sic
287 2088 539 2139 maiorem
575 2087 680 2138 vim
713 2089 888 2139 inesse
938 2089 1138 2141 Pierius
1186 2091 1451 2142 censebat.
1523 2088 1798 2161 (satisque
1846 2090 2002 2142 etiam
2049 2092 2101 2145 3.
2151 2091 2237 2151 8.,
2287 2084 2431 2155 quod

188 2157 436 2208 revocavi.
515 2158 741 2210 Videtur
773 2177 843 2209 ve
874 2157 940 2209 iis
991 2157 1202 2222 deberi,
1257 2161 1346 2228 qui
1393 2160 1754 2211 disiunctivsm
1803 2160 1998 2230 requiri
2049 2156 2430 2217 existimarent3

187 2235 236 2275 at
268 2225 499 2287 licuerit,
536 2226 581 2277 si
615 2227 688 2278 ita
723 2244 937 2279 necesse
965 2228 1053 2293 sit,
1087 2229 1221 2280 haec
1257 2229 1604 2296 coniungere:
1638 2232 1864 2300 imperio
1899 2242 1954 2280 et
1976 2227 2176 2300 satis
2209 2227 2427 2285 Iovi-53

188 2293 301 2359 vid„
336 2307 393 2347 ut
424 2295 535 2347 alia
571 2297 826 2358 omittam,
862 2314 1018 2365 supra
1052 2300 1146 2361 IV,
1180 2300 1332 2352 614:
1369 2301 1481 2363 „sic
1515 2300 1545 2349 f
1548 2308 1658 2350 ata
1693 2299 1883 2350 Iovis
1919 2302 2217 2367 poscunt;“
2253 2296 2348 2346 sed
2377 2307 2432 2346 tu

188 2363 267 2413 ndi
315 2367 379 2428 Q.
425 2367 496 2418 V.
551 2367 815 2430 xxxvl,
868 2370 953 2420 10.
1011 2369 1154 2433 Wr.)
1213 2367 1469 2438 satisque
1527 2370 1735 2420 invicta
1782 2385 1861 2437 pr.
1906 2368 2122 2420 Mentel.
2169 2382 2270 2436 pro
2321 2382 2431 2417 var.

187 2431 302 2485 lect.
373 2433 632 2505 (fati-sve
662 2436 848 2503 fragm.
897 2437 1022 2488 Vat.
1071 2437 1211 2506 spud
1259 2439 1458 2489 Bottar.
1508 2446 1564 2488 et
1613 2437 1781 2488 Palat.
1833 2440 1915 2490 W
1910 2437 1977 2504 r.)
2131 2436 2234 2490 785
2284 2437 2433 2486 exci-

189 2501 325 2555 disse
356 2504 552 2572 fragm.
586 2505 759 2557 Vstic.
794 2521 908 2557 cum
944 2524 1026 2575 pr.
1059 2507 1254 2559 Moret.
1303 2526 1333 2559 a
1364 2525 1433 2559 m.
1487 2525 1592 2559 sec.
1653 2516 1709 2558 et
1756 2523 1838 2576 pr.
1883 2505 2136 2558 Rottend.
2188 2523 2249 2556 ue
2300 2505 2433 2555 Pur-

189 2570 348 2636 rhss.;
382 2577 464 2643 (et
498 2575 557 2629 7.
595 2577 744 2644 Wr.)
782 2574 888 2627 hoc
920 2576 1059 2627 forte
1092 2577 1257 2644 magis
1292 2577 1496 2645 placet,
1541 2575 1662 2645 quis
1699 2576 1996 2643 potentius,
2045 2574 2285 2642 idemque
2320 2573 2432 2624 usi-

188 2643 354 2695 tatius.
437 2644 680 2696 Alterum
740 2654 917 2696 tamen
971 2644 1223 2697 librorum
1272 2648 1350 2711 (et
1395 2646 1581 2698 Servii.
1635 2645 1779 2712 lVr.)
1836 2644 2115 2697 auctoritas
2162 2642 2433 2704 defendit3

189 2709 470 2765 habendum
516 2729 582 2765 ue
614 2712 749 2765 adeo
786 2730 900 2766 voc.
956 2715 1295 2783 exquisitius,
1350 2714 1453 2766 etsi
1497 2715 1667 2766 minus
1716 2724 1935 2782 gratnm.
2005 2718 2084 2766 Au
2131 2723 2291 2779 poeta
2339 2728 2433 2762 re-

189 2782 353 2906 ὃροέῗ
381 2782 521 2903 inu?
555 2782 887 2836 Homericum
931 2781 1253 2855 βεβρώθοις
1288 2784 1550 2853 Πρίαμον
1596 2803 1675 2855 sq.
1721 2785 1789 2836 de
1840 2782 2051 2836 lunonis
2102 2781 2237 2833 odiis
2286 2780 2433 2833 Iliad.

224 2886 240 2915 ‚
393 2871 473 2922 sq.

268 2995 388 3058 780
418 3027 505 3041 -—
540 2992 684 3058 784.
738 2993 996 3076 eff'undit
1030 3010 1271 3075 pectore
1438 2995 1827 3062 785—788.
1871 2993 2071 3053 urbem
2111 2991 2313 3053 meds‘a
2360 2993 2435 3051 de

192 3093 442 3156 questus.
542 3079 816 3138 Enniana
838 3081 1114 3142 formula.
1172 3082 1270 3143 Ad
1349 3094 1529 3159 gente
1616 3081 1938 3160 Phrygum
1970 3124 1990 3155 ,
2091 3078 2287 3138 medis
2358 3097 2436 3137 ex

191 3166 303 3230 781
353 3174 711 3246 comparant
761 3165 988 3227 callim.
1032 3168 1097 3227 in
1145 3169 1272 3228 Del.

199 3253 310 3322 106
339 3271 424 3329 sq.
452 3256 607 3325 221,
637 3253 836 3311 nescio
876 3273 1059 3331 quam
1102 3252 1272 3314 bene.

193 3330 471 3395 iunctura
506 3336 720 3395 durior
746 3357 906 3416 seqq.
951 3341 1095 3404 783.
1128 3339 1273 3404 784.

195 3437 366 3480 verse.
384 3466 403 3497 ,
446 3423 513 3482 in
542 3422 803 3502 pedestri
853 3424 1125 3484 oratione
1164 3426 1277 3485 vix

195 3505 513 3567 tolerabilis
538 3552 554 3582 ,
634 3509 859 3588 epicam
921 3510 1274 3588 gravitatem

196 3585 386 3652 lubet.
478 3594 586 3674 (Et
612 3594 737 3654 vid.
778 3595 849 3653 V.
897 3595 960 3653 L.
1005 3596 1083 3654 ad
1127 3597 1273 3657 Aen.

196 3675 289 3751 111,
322 3683 453 3753 10.‚
510 3689 647 3739 tum
693 3681 768 3754 Q.
807 3680 878 3740 V.
921 3682 1176 3760 XXXII,
1212 3688 1273 3748 2.

198 3763 253 3824 8.
281 3772 341 3823 et
374 3768 474 3828 12.
512 3763 691 3846 Wr.)
778 3768 926 3830 783.
968 3772 1169 3845 pietas
1195 3789 1277 3828 sc.

150 3897 158 3904 .
199 3844 425 3908 Aeneae
466 3850 534 3910 in
577 3850 678 3909 illa
729 3851 1053 3931 placanda,
1114 3874 1172 3914 v.
1224 3875 1274 3914 c.

201 3952 323 4013 sup.
365 3936 466 4011 ΠΙ,
512 3935 656 4000 547.
714 3939 1275 4018 ηεαίἰὶα-ἱιψνα·
1310 3971 1321 3984 ·

198 4031 291 4077 cta
336 4024 592 4099 quiescit
610 4067 627 4096 ,
691 4032 901 4082 ornate
953 4046 1067 4104 pro
1095 4070 1113 4101 ,
1179 4026 1279 4084 inae

1355 3166 1591 3226 Troade
1621 3212 1637 3242 ,
1713 3167 1973 3226 exedisse
2004 3211 2023 3241 ,
2104 3164 2437 3240 confecisse,

1353 3253 1712 3334 perdidisse,
1761 3251 2078 3327 excidisse5
2121 3250 2273 3309 nihil
2307 3271 2439 3311 sm-

1355 3338 1531 3419 plius.
1621 3339 1745 3397 Cur
1777 3357 1925 3397 vero
1971 3338 2234 3395 mediam
2281 3355 2439 3416 gen-

1358 3438 1475 3484 tem
1496 3469 1514 3500 ,
1654 3424 1782 3502 lgus
1805 3422 1867 3482 h.
1899 3423 1939 3482 1.
1979 3442 2048 3481 sc
2084 3423 2260 3482 vilem
2306 3422 2440 3503 ple-

1357 3511 1493 3569 bem
1539 3511 1552 3524 '
1630 3516 1969 3590 erpretetur
2022 3509 2258 3583 Burm.,
2317 3528 2438 3567 non

1359 3616 1654 3673 assequor.
1734 3594 1959 3675 (media
1987 3595 2061 3652 de
2083 3608 2260 3673 gente
2290 3615 2441 3653 con-

1358 3682 1614 3742 trarium
1658 3679 1835 3755 huic,
1895 3679 2061 3757 quod
2106 3679 2284 3739 etism
2331 3699 2443 3739 ex-

1360 3777 1585 3827 torrem
1617 3786 1755 3826 cum
1779 3766 1901 3825 suis
1917 3766 2156 3826 Aenean
2177 3764 2438 3844 insequi-

1361 3863 1485 3912 tur.
1533 3854 1637 3913 W
1628 3850 1712 3933 r.)
1799 3853 2119 3932 Reliquias
2145 3898 2164 3928 ,
2228 3851 2444 3911 Troia-

1362 3960 1473 3998 nos
1499 3938 1653 3997 urbe
1683 3947 1855 4017 capta
1878 3939 2249 4018 superstites,
2276 3949 2443 3995 traxe

1359 4047 1473 4103 per
1503 4046 1703 4083 omnes
1727 4046 1986 4103 poenas,
2036 4022 2310 4084 omnibus
2337 4041 2443 4079 ca-

199 4103 480 4183 fringitm·
497 4152 515 4182 ,
559 4106 860 4184 flectitur,
886 4110 1051 4188 satis
1072 4157 1091 4187 ,
1140 4131 1279 4170 cum
1362 4109 1731 4169 lamitatibus
1800 4131 1869 4168 ac
1929 4110 2100 4169 malis
2161 4124 2441 4181 versasse,

197 4188 433 4270 videat,
479 4194 605 4252 sats
635 4215 668 4251 a
701 4213 763 4252 se
801 4195 1109 4257 interverti
1156 4218 1279 4256 non
1362 4196 1643 4273 iactasse3
1686 4204 1758 4257 ut
1792 4195 1963 4272 duci,
2021 4194 2142 4273 sgi,
2199 4211 2308 4273 per
2344 4191 2443 4251 ul-

198 4294 384 4352 posse.
429 4278 508 4338 cf.
552 4279 684 4355 XII,
719 4283 844 4346 793
886 4302 1012 4361 sqq.
1065 4282 1173 4343 ubi
1219 4303 1277 4344 v.
1363 4282 1541 4357 tima,
1584 4301 1692 4362 per
1723 4290 1942 4341 cuncta
1982 4278 2301 4359 supplicis,
2346 4275 2447 4338 di-

202 4362 322 4427 800
349 4371 439 4423 est
468 4364 784 4441 infleeoere.
1366 4367 1543 4427 citur.
1632 4364 1773 4448 (Sed
1818 4364 1940 4426 vid.
1985 4366 2055 4425 V.
2109 4365 2174 4423 L.
2227 4363 2305 4422 sd
2360 4365 2447 4425 vs‘.
