2882 5028
683 341 862 412 AD
970 337 1599 412 LIBRUM
1703 336 1825 413 1V
2242 344 2391 416 721

169 526 476 587 admodum
532 528 597 587 in
655 529 892 609 templis
942 520 1276 609 Aesculapii
1336 549 1465 588 mos
1522 528 1637 587 suit
1694 536 1996 608 serpentes
2042 528 2121 588 all
2179 538 2242 590 et
2281 550 2396 609 pa·-

167 614 244 672 sci
301 631 332 671 e
384 623 625 693 patera;
691 616 854 675 unde
905 622 1000 674 tot
1052 616 1216 695 signa
1262 613 1597 694 Aesculapii
1640 622 1703 672 et
1743 614 2005 693 Hygieae
2060 626 2398 695 serpentem

167 701 516 778 pascentium
559 720 590 759 e
633 702 848 780 patella
867 709 1118 760 extant.
1202 701 1476 760 Proclive
1517 708 1705 773 esset,
1750 718 1783 757 e
1824 700 2206 779 sequentibus
2248 722 2398 762 con-

167 784 349 860 iicere,
389 806 567 845 usum
590 807 755 846 nunc
786 788 1044 864 aliquem
1068 789 1381 863 magicum
1419 786 1698 844 draconis
1737 785 1915 845 fuisse
1950 787 2126 864 anui3
2185 807 2400 865 quem-

170 870 482 930 admodum
515 872 582 930 in
623 873 928 932 nonnullis
970 872 1204 953 templis
1249 870 1638 931 divinationis
1680 890 1864 948 genus
1888 872 2009 932 fuit
2047 891 2080 930 e
2123 882 2401 953 serpente

169 976 323 1015 sam-a
364 967 641 1037 captum;
710 959 893 1018 variis
936 958 1180 1034 quidem
1221 957 1453 1032 modis,
1512 955 1818 1017 interdum
1863 977 2006 1017 casu
2042 968 2104 1017 et
2158 969 2399 1035 eventu,

168 1043 329 1102 utin
370 1063 475 1120 eo,
547 1043 714 1122 quod
769 1044 845 1104 ab
902 1043 1217 1103 Herodoto
1276 1051 1815 1119 commemoratur,
1876 1043 2040 1120 VIII,
2096 1044 2198 1109 41.
2263 1065 2401 1105 cum

168 1126 417 1187 Athenas
462 1129 818 1189 deserendas
860 1149 985 1189 esse
1023 1129 1450 1210 pronuntiaret
1489 1126 1912 1188 Themistocles
1955 1149 2031 1188 ex
2075 1148 2174 1205 eo,
2236 1130 2403 1208 quod

169 1213 336 1274 draco
375 1225 708 1275 evanuerat
744 1215 812 1278 ἐκ
840 1220 952 1277 τοῦ
982 1219 1208 1294 σηκοῦ,
1254 1234 1392 1274 cum
1434 1224 1638 1273 tamen
1681 1215 1780 1273 ille
1808 1215 2028 1292 alioqui
2056 1216 2208 1275 nihil
2233 1236 2403 1275 com-

167 1320 330 1359 mune
370 1300 626 1360 haberet
668 1321 808 1361 cum
849 1301 1234 1375 divinatione,
1276 1309 1338 1359 et
1373 1300 1701 1360 haberetur
1734 1300 1801 1359 in
1830 1300 2209 1361 Parthenone
2240 1311 2402 1360 tam-

168 1405 329 1463 quam
371 1397 578 1447 custos
633 1395 694 1445 et
751 1379 1067 1466 οἱκουρόςε
1142 1394 1214 1445 ut
1273 1385 1519 1445 omnino
1578 1405 1820 1459 caussae
1875 1385 2057 1446 huius
2108 1387 2405 1465 religionis

166 1473 589 1533 servandorum
631 1472 696 1531 in
737 1473 884 1532 locis
927 1472 1107 1531 sacris
1141 1471 1477 1531 draconum
1498 1472 1669 1531 suere
1696 1472 1915 1548 variae,
1959 1493 2096 1532 cum
2122 1472 2234 1552 ipsi
2259 1473 2406 1532 dra-

169 1576 327 1617 eones
369 1569 494 1618 tam
541 1559 870 1617 multarum
912 1578 1117 1617 rerum
1161 1558 1428 1636 symbola
1472 1566 1683 1616 essent.
1771 1559 1840 1617 ln
1882 1557 2076 1618 hortis
2119 1559 2406 1639 Hesperi-

169 1642 327 1719 dum,
369 1665 494 1704 non
544 1644 742 1703 minus
784 1664 961 1723 quam
1005 1643 1069 1702 in
1109 1641 1323 1703 Martis
1362 1643 1503 1702 luco
1548 1640 1713 1723 apud
1742 1643 2156 1724 Colchospro
2199 1656 2410 1704 custo-

169 1728 257 1786 dia
315 1739 565 1790 tantum
621 1730 802 1788 fuisse
855 1729 1224 1805 traduntur;
1287 1730 1348 1787 in
1409 1729 1539 1789 istis
1591 1728 1834 1808 quidem
1889 1730 2172 1790 servabat
2224 1730 2409 1791 draco

170 1834 329 1874 aurea
368 1816 531 1876 mala
574 1815 852 1891 Iunonis3
895 1814 1060 1893 quod
1102 1834 1180 1873 ex
1224 1813 1585 1894 Pherecydis
1627 1816 1958 1896 fragmento
2003 1826 2066 1875 et
2108 1836 2184 1875 ex
2220 1816 2412 1897 Apol-

167 1898 363 1961 lodoro
404 1902 560 1962 satis
591 1910 849 1963 constat.
905 1903 1190 1960 servatos
1212 1900 1458 1979 legimus
1482 1902 1699 1981 passim
1734 1903 1794 1961 in
1823 1903 2078 2001 templis
2102 1902 2412 1978 dracones,

170 2005 220 2045 v.
242 2008 288 2047 c.
314 1987 595 2063 Lanuvii,
619 1986 836 2063 quibus
864 1985 1045 2066 dapes
1078 1987 1567 2066 apponebantur3
1596 1988 1915 2086 augurium
1940 2008 2017 2047 ex
2040 1988 2112 2047 iis
2138 1990 2271 2049 cibo
2299 2009 2412 2048 ve·-

168 2074 448 2133 scentibus
498 2081 749 2151 captum
792 2091 948 2147 esse,
995 2072 1349 2132 coniiciebat
1410 2092 1601 2151 nuper
1644 2074 1981 2151 ingeniosus
2032 2074 2154 2149 vir,
2212 2076 2414 2135 Botti-

168 2177 288 2234 ger,
336 2160 401 2220 in
448 2157 708 2218 eandem
751 2158 1101 2217 sententiam
1148 2159 1463 2237 augurium
1507 2158 1729 2218 Salutis
1769 2160 2241 2239 interpretando.
2328 2161 2414 2219 De

170 2243 585 2324 Hesperidibus
611 2254 752 2324 post
781 2263 845 2301 ea
863 2289 879 2319 ,
923 2263 1076 2321 quae
1116 2243 1192 2304 ad
1231 2244 1669 2325 Apollodorum
1698 2244 2002 2327 disputata
2035 2257 2197 2323 sunt,
2240 2246 2415 2327 plura

173 2350 631 2392 commemorare
680 2329 831 2389 nihil
864 2330 1101 2405 ,attinet

286 4503 598 4580 Vmeu..
645 4509 857 4584 ΤόΜ.
912 4507 1007 4585 ΙΙ.
1874 4593 1878 4598 ,
1910 4505 2013 4576 46
