2882 5028
507 402 1117 488 AENEIDOS
1170 405 1556 502 LIB.V1,·
1605 411 2053 490 eoo—⁶16

150 589 443 667 Inclusi
468 613 820 691 poenam
848 603 1318 692 exspectant.

2263 415 2419 493 94³
2468 432 2472 436 ’

1422 594 1544 669 Ne
1575 613 1872 692 quaere
1904 591 2199 690 doceri,

154 699 419 790 Quam
474 718 881 795 poenam3
945 708 1080 771 aut
1146 719 1349 797 quae
1400 691 1669 771 forma
1725 696 1939 772 viros
1994 694 2418 778 fortunave

1321 799 1622 876 mersit.
2263 806 2420 884 615

152 903 447 976 Saxum
482 900 763 997 ingens
792 900 1126 978 volvunt
1161 900 1323 1000 alii,
1374 900 1775 1002 radiisque
1810 914 2176 979 rotarum

255 1029 430 1100 616.
479 1042 853 1100 musve

288 1175 396 1228 614
429 1177 700 1246 Suspensi
723 1194 888 1248 poen.
915 1193 963 1228 e.
995 1173 1176 1228 Schol.
1209 1172 1370 1228 Statii
1404 1175 1430 1224 1
1463 1172 1638 1228 Theb.
1673 1170 1798 1230 431.
1866 1176 1974 1229 Sed
2022 1176 2077 1228 in
2125 1185 2245 1230 toto
2285 1176 2412 1231 loco

149 1245 405 1295 Tartarus
443 1245 668 1297 carceris
703 1245 971 1297 notionem
1006 1245 1171 1296 habet
1204 1245 1517 1297 adiunctam.
1592 1245 1898 1311 (ex-sectant
1932 1264 1963 1297 a
1994 1265 2064 1298 m.
2098 1265 2180 1317 pr.
2215 1248 2414 1301 Medic.

152 1314 301 1380 Wr.)
373 1316 691 1396 expendunt
736 1314 835 1368 vir
884 1314 1067 1366 doctu·
1112 1315 1167 1365 in
1221 1313 1440 1366 miscell.
1487 1314 1639 1367 Obu.
1682 1314 1823 1382 apud
1867 1316 2042 1367 Burm.
2113 1316 2216 1368 Sed
2264 1328 2415 1371 recte

145 1382 237 1434 hic
272 1382 518 1448 subiicit,
553 1397 872 1456 exspectare
905 1383 1042 1436 hanc
1080 1383 1182 1434 vim
1217 1384 1448 1448 habere,
1488 1391 1547 1435 ut
1598 1400 1691 1434 eo·
1741 1400 1942 1451 poenas
1992 1394 2138 1438 certo
2190 1385 2410 1439 daturoe

148 1469 265 1503 esee
300 1461 529 1504 constet.
598 1453 813 1505 Scilicet
859 1466 1179 1524 exspectare
1222 1453 1278 1505 h.
1328 1451 1364 1506 l.
1417 1462 1496 1503 est
1539 1462 1805 1522 metuere,
1857 1463 1912 1504 et
1957 1454 2183 1523 vulgaria
2234 1456 2409 1508 oratio

148 1533 315 1573 esset:
352 1522 417 1572 iia
454 1521 542 1573 hic
578 1523 858 1592 aliquando
893 1522 1106 1574 inclusis
1152 1539 1326 1590 poena
1375 1522 1726 1588 exspectanda
1781 1532 1878 1574 eet.
1966 1525 2043 1576 Io.
2086 1525 2410 1578 Schraderne

146 1591 200 1641 in
235 1589 447 1642 schedis
480 1589 654 1642 locum
693 1592 985 1644 scabiosum
1024 1609 1139 1643 ease
1171 1601 1316 1644 ratus
1352 1593 1493 1643 varie
1544 1592 1817 1644 tentabat:
1864 1593 2006 1644 inter
2053 1603 2257 1646 cetera:
2306 1614 2407 1646 ex·-

139 1661 400 1732 pendunt
424 1689 489 1698 —
521 1662 832 1712 Poenarum
879 1679 1021 1731 quae
1052 1659 1249 1731 forma
1294 1657 1769 1781 reoffertunave
1816 1674 2030 1715 menet.
2099 1665 2411 1734 (exceptant

147 1747 281 1780 corr.
319 1729 574 1792 Bothiue;
607 1730 714 1782 vid.
746 1732 876 1782 Not.
920 1731 1064 1797 Wr.)
1136 1749 1238 1782 nec
1283 1730 1393 1781 Dor
1431 1729 1443 1742 ⁶
1491 1766 1507 1781 .

1645 1731 1749 1785 615
1807 1743 2006 1783 merset
2053 1733 2157 1784 duo
2205 1733 2409 1798 Heius„

144 1814 250 1849 non
282 1798 442 1850 male.
477 1799 657 1867 (idque
692 1800 927 1867 praefert
960 1798 1215 1860 Euthicu
1262 1800 1358 1850 sed
1393 1798 1500 1851 vid.
1532 1800 1662 1851 Not.
1702 1800 1768 1851 ad
1805 1802 1903 1852 Ge.
1934 1802 2029 1863 lv,
2082 1804 2201 1857 149.
2260 1802 2405 1870 Wr.)

146 1882 362 1938 mergat
393 1870 580 1920 Franc-

718 1870 822 1922 616
858 1869 1098 1920 radii-we
1128 1869 1364 1936 reposuit
1395 1882 1496 1937 pro
1529 1868 1731 1950 vulgari
1768 1887 1888 1939 que.
1955 1869 2070 1921 Etsi
2103 1870 2241 1922 enim
2277 1890 2408 1941 pae-

143 1937 238 1989 eim
276 1937 599 1988 contendere
630 1938 771 1990 viros
807 1938 992 1989 doctos
1030 1938 1268 2003 memini,
1321 1955 1426 2007 que
1464 1937 1621 1989 etiam
1668 1955 1746 1990 sio
1793 1937 1954 2008 poni,
2002 1941 2177 1993 verior
2225 1950 2404 1992 tamen

147 2016 225 2057 est
261 2006 435 2058 altera
469 2007 605 2058 ratio
643 2007 697 2058 e't
730 2007 904 2076 lapsus
950 2025 1132 2059 caussa
1174 2007 1229 2058 in
1274 2015 1503 2075 promtu.
1556 2006 1786 2076 (restitui
1834 2008 2072 2060 codicum
2120 2009 2405 2062 lectionem

145 2077 454 2145 radii-equa
490 2076 597 2130 vid.
639 2079 705 2141 Q.
739 2077 805 2131 V.
840 2077 1124 2143 XXX1111,
1163 2080 1214 2131 1.
1253 2075 1401 2144 Wr.)

142 2224 295 2276 esset
327 2226 541 2295 poetae
568 2217 718 2296 epici
740 2217 1052 2297 gravitate,
1067 2217 1231 2278 mul-

139 2313 206 2361 to
232 2302 421 2380 megia
447 2304 719 2363 Romani.
806 2304 961 2362 Tum
1005 2305 1110 2382 qui
1146 2304 1233 2363 fi·-

141 2387 277 2448 dem
300 2388 456 2447 fallit
472 2433 489 2462 ,
522 2391 573 2446 ia
612 2397 673 2447 et
696 2410 874 2448 auam
896 2398 958 2447 et
983 2392 1231 2450 alteriue

140 2475 417 2534 dextr-am
446 2474 653 2535 fallere
681 2473 798 2534 dici
819 2484 1039 2555 potest.
1099 2475 1230 2536 Ita-

138 2566 255 2638 que
299 2561 632 2621 necessario
690 2561 1105 2641 accipiendum
1152 2562 1230 2621 de

136 2647 498 2706 libertorum
537 2646 845 2727 impietate
899 2656 962 2705 et
1012 2647 1229 2706 fraude

135 2732 198 2791 in
224 2740 515 2812 patronos
546 2754 704 2793 suos.
762 2732 857 2792 An
882 2733 1227 2811 Pompeium

134 2817 376 2878 Menam
404 2861 422 2892 ‚
479 2819 584 2878 Cn.
628 2819 892 2898 Pompeii
924 2818 1228 2893 libertum,

1314 2236 1489 2296 saepe
1508 2225 1777 2297 tempore
1807 2217 2106 2278 bellorum
2137 2216 2403 2279 civilium

1312 2303 1377 2361 in
1409 2302 1685 2362 dominos
1714 2324 1853 2363 euos
1897 2304 2080 2363 fuisse
2118 2304 2404 2363 infidissi-

1313 2409 1443 2447 mos
1471 2395 1738 2463 constat,
1783 2409 1833 2470 e.
1860 2409 1911 2449 c.
1948 2408 2024 2447 ex
2050 2390 2310 2471 Appiam
2333 2390 2401 2449 Β.

1314 2475 1439 2534 Civ.
1472 2475 1525 2638 )1,
1551 2479 1654 2543 72.
1686 2474 1788 2551 IV,
1818 2478 1922 2540 22.
1960 2478 2065 2541 29.
2108 2479 2210 2542 39.
2253 2478 2397 2541 515⁴

1317 2562 1424 2622 W
1412 2582 1464 2618 r.

1399 2644 1544 2711 614.
1586 2643 1731 2709 615.
1784 2644 1997 2703 Ornati
2032 2662 2245 2703 verane
2282 2665 2398 2724 pro

1311 2731 1574 2809 vulgari:
1630 2730 1692 2787 hi
1730 2729 1945 2789 inclusi
1986 2730 2169 2790 variis
2202 2728 2400 2790 modia

1311 2817 1672 2895 puniuntur.
1723 2815 1862 2875 Noli
1880 2833 2183 2893 quaerere,
2210 2836 2400 2894 quam

135 2905 239 2980 qui
272 2905 527 2962 Sextum
554 2904 859 2984 prodidit,
891 2904 1231 2964 animode-
1298 2922 1570 2979 poenam
1619 2900 2056 2980 expectandam
2102 2898 2399 2976 habeant3

133 2989 460 3068 signaverit
496 2998 702 3068 poeta,
747 2989 1050 3049 affirmare
1094 2990 1226 3067 quia

134 3076 340 3135 ausit?
428 3074 549 3133 Nec
573 3085 774 3134 tamen
813 3075 898 3133 sic
925 3076 989 3134 in
1016 3074 1226 3155 Angu-

133 3169 301 3220 etum
340 3170 673 3238 peccasset,
730 3181 871 3220 nam
915 3170 976 3219 et
1013 3162 1096 3235 is,
1151 3170 1227 3219 ut

134 3246 319 3306 ceteri
350 3244 651 3322 homines,
697 3246 1056 3326 proditionis
1085 3247 1225 3305 sru-

135 3342 306 3393 ctum
334 3333 647 3411 amplecti,
692 3332 1069 3412 proditorem
1110 3332 1224 3390 ab·-

131 3416 420 3491 horrere,
466 3417 691 3477 debuit.
781 3416 870 3498 (si
893 3417 1049 3477 bella
1080 3427 1225 3477 tan-

130 3504 220 3582 git
243 3503 442 3562 civilia
471 3504 768 3582 Virgilius,
790 3505 1004 3582 pungit
1026 3504 1225 3576 etiam,

131 3589 183 3648 ei
236 3588 386 3668 quid
425 3589 634 3666 video,
691 3591 1064 3667 Augustum,
1119 3589 1225 3666 qui

132 3694 272 3734 cum
308 3674 573 3734 Antonio
597 3695 766 3733 arma
795 3673 1021 3754 patriae
1051 3675 1225 3734 intu-
1270 3724 1275 3729 .

129 3759 308 3820 leret.
407 3759 560 3820 Mihi
625 3760 869 3838 quidem
925 3758 1076 3819 haec
1136 3760 1221 3819 ita

128 3865 291 3905 nexa
352 3868 571 3923 „arma
621 3850 809 3904 secuti
868 3848 1066 3923 impia
1112 3866 1221 3905 nec

129 3934 307 3991 veriti
361 3933 735 3991 dominorum
783 3930 1005 4009 fallere
1066 3931 1220 3989 dex-

129 4021 298 4076 ινωῑ(
328 4016 409 4075 ad
438 4017 662 4076 bellum
690 4018 908 4076 servile
936 4017 1220 4076 videntur

129 4112 445 4181 spectare3
509 4103 675 4181 quod
727 4103 777 4162 si
820 4123 1001 4181 quam
1037 4121 1218 4180 grave

128 4188 315 4248 suerit
353 4198 704 4267 reputamus
728 4231 746 4263 ,
806 4209 932 4247 non
971 4187 1221 4266 putabi-

125 4293 265 4333 mus
321 4273 448 4332 eiua
499 4274 862 4334 mentionem
913 4273 1220 4351 indignam

123 4358 313 4431 suinae⁴
387 4359 537 4437 epici
618 4370 831 4438 poetae
900 4362 1216 4439 gravitate.

120 4443 312 4506 Paulo
349 4443 520 4506 aliter
554 4444 895 4526 Ruhkopfi:
955 4448 1217 4522 „servos

1313 2995 1421 3046 aut
1448 3007 1604 3066 quae
1646 3005 1872 3066 poenae
1893 2986 2112 3063 forma
2131 3029 2150 3060 ,
2187 2984 2397 3064 fortw-

1307 3093 1498 3147 nave‚
1547 3071 1712 3149 quod
1740 3072 2010 3131 miseriae
2035 3090 2253 3151 geum,
2298 3074 2397 3129 vi—

1306 3179 1403 3216 ros
1425 3161 1627 3216 met-ait
1667 3155 1752 3238 (v.
1786 3178 1917 3237 sup.
1948 3177 2009 3217 v.
2038 3159 2191 3235 512)
2211 3201 2227 3231 ,
2261 3156 2397 3217 illoc

1307 3243 1899 3407 ἓωᾙῖέυὶηωηῗιξξ
1924 3243 2221 3386 ωἳὲιεῗίιιξεω
2250 3241 2398 3409 (gg

1663 3351 1679 3388 z
1872 3351 1898 3386 ι
2184 3372 2199 3387 .

1307 3417 1510 3473 mersit
1537 3413 1677 3475 vide
1722 3434 1842 3492 quo
1886 3414 2018 3473 iure
2058 3412 2221 3473 idem
2268 3434 2396 3474 esse

1308 3499 1472 3559 dicas
1487 3545 1505 3577 ,
1564 3498 1728 3577 quod
1787 3512 2011 3558 manet.
2103 3499 2397 3561 Videlicet

1306 3584 1459 3644 haec
1496 3586 1753 3661 ,finoluu'
1791 3606 2059 3662 poenam
2109 3607 2238 3645 exa
2244 3607 2395 3664 pe-
2471 3636 2478 3641 .

1306 3675 1578 3730 etant“
1616 3670 1920 3750 pertinent
1945 3670 2021 3730 ad
2053 3680 2253 3732 totum
2286 3690 2393 3750 ge·-

1307 3777 1422 3816 nm
1454 3776 1692 3830 eorum,
1736 3757 1839 3834 qui
1869 3757 2019 3816 talea
2049 3758 2146 3816 vel
2176 3758 2394 3817 similes

1306 3852 1524 3916 eunt,
1565 3842 1767 3920 quales
1795 3842 1978 3904 modo
2012 3842 2190 3919 dicti;
2232 3864 2393 3902 mer-

1302 3931 1384 3987 sit
1446 3937 1679 4009 spectat
1729 3928 1811 3987 ad
1863 3948 1964 3987 eos
1990 3930 2043 4005 ,⁸
2084 3929 2191 4007 qui
2241 3927 2392 3988 talen

1301 4013 1620 4074 {uerunt
1643 4057 1661 4089 ,
1731 4015 1955 4094 quique
2027 4014 2147 4073 iam
2213 4013 2393 4074 luunt

1299 4119 1539 4181 poenas.
1589 4100 1763 4183 Wr.)

1389 4191 1534 4253 616.
1577 4188 1838 4263 Iterum,
1887 4194 2193 4261 ,tamquam
2238 4201 2390 4262 poe·-

1300 4280 1365 4332 ta
1394 4317 1413 4349 ,
1467 4272 1549 4332 ad
1614 4283 1847 4334 veteres
1904 4268 2147 4350 mythos
2207 4268 2388 4330 redit.

1298 4359 1436 4419 Non
1462 4377 1696 4419 necesse
1725 4367 1815 4417 eat
1831 4401 1850 4433 ,
1894 4366 1968 4431 ut
1999 4354 2195 4415 solum
2220 4354 2391 4435 Sisy-

1296 4444 1493 4526 phum
1556 4454 1619 4505 et
1686 4444 1957 4506 Ixionem
2029 4441 2389 4522 respexerit3
