2882 5028
576 350 1426 429 TRAGTATARUM
1476 352 2124 430 INVENTIONE
2396 362 2498 434 66

219 544 316 618 68
355 564 465 641 sq.
530 548 635 619 81
689 564 821 641 sq.
896 544 1059 620 254
1101 563 1222 640 sq.
1340 540 1562 616 Paria
1628 566 1722 617 ex
1776 543 2087 618 Catone
2144 548 2351 639 (non
2404 567 2495 618 ex

226 649 319 739 Q.
348 644 701 743 Lutatio)
740 643 1037 745 prodit
1081 644 1358 721 Victor
1408 643 1515 720 de
1561 645 1658 724 Ο.
1702 648 1795 722 G.
1827 647 1921 723 R.
1967 656 2081 728 13.
2113 690 2223 706 -—·
2248 661 2498 747 utpote

224 753 343 846 qd
382 749 792 846 (Latinus)
865 755 949 824 ἔπι
992 754 1134 824 hoe
1175 752 1556 824 eonsilium
1616 754 2071 826 auctoritate
2124 757 2497 828 uminum

220 857 679 951 cogebatur,-
719 879 1052 952 nmque
1089 856 1281 928 artis
1316 879 1415 927 ac
1450 859 1753 930 somniis
1794 880 2026 950 saepe
2069 860 2496 931 admonitu

212 971 387 1031 emt
429 964 796 1032 tutior-m
839 983 926 1032 ee
970 963 1340 1034 adver-m
1374 961 1857 1056 homsore,
1908 963 1978 1033 ei
2010 964 2268 1058 copias
2310 987 2493 1036 σιω
2619 1072 2622 1075 Ι

212 1085 385 1135 σοι
421 1066 752 1137 moenie
791 1066 1308 1138 maim-rimi.

428 1237 527 1312 X.
583 1227 974 1310 Similiter
1021 1230 1258 1308 etiam
1317 1228 1398 1307 in
1447 1228 1764 1323 ceteris,
1832 1257 2038 1332 quae
2079 1232 2178 1310 ab
2221 1234 2489 1310 Aenea

214 1335 303 1410 in
341 1334 567 1412 ltalia
614 1348 837 1435 gesta
880 1348 1106 1432 sunt,
1156 1348 1485 1436 poetam
1526 1330 1608 1411 id
1750 1336 1933 1431 ‘sse‚
1998 1350 2089 1412 ut
2135 1336 2492 1436 antiquas

221 1434 599 1514 historias
638 1440 1302 1540 narrationesque
1334 1433 1439 1515 de
1467 1462 1649 1515 orac
1741 1439 1805 1514 is
1835 1452 1918 1516 et
1953 1438 2284 1518 ostentis
2332 1439 2492 1515 suis

224 1539 575 1618 consiliis
626 1539 1315 1637 accommodaret,
1369 1566 1464 1618 ex
1508 1540 1792 1618 iisdem
1833 1542 2287 1620 auctoribus
2336 1541 2492 1618 cla-

229 1670 409 1721 rum
463 1659 628 1744 est,
679 1660 764 1723 et
814 1644 1022 1722 infra
1076 1670 1404 1748 quoque
1447 1670 1595 1721 suo
1646 1645 1830 1722 loco
1867 1643 2260 1746 sigillatim
2307 1669 2491 1722 mo-

232 1748 571 1829 nebitur.
682 1752 946 1845 Quam
1017 1750 1567 1825 auctoritatem
1619 1750 1699 1824 in
1774 1750 2078 1825 excidio
2133 1750 2487 1826 Troiano

232 1865 619 1953 sequutus
667 1853 805 1952 sit,
873 1852 1239 1953 pluribus
1299 1851 1771 1929 Excursibus
1845 1852 1945 1930 ad
2016 1852 2148 1932 lib.
2199 1855 2277 1931 H
2347 1850 2489 1929 de-

233 1954 666 2036 clai-abitur.

427 2132 559 2207 XI.
615 2132 737 2206 Ex
775 2128 889 2221 iis,
943 2151 1152 2229 quae
1198 2126 1460 2203 adhuc
1491 2126 1696 2204 dicta
1743 2141 1951 2227 sunt,
2004 2128 2207 2225 satis,
2261 2141 2486 2229 puto,

230 2231 731 2332 intelligitur,
807 2255 982 2307 non
1068 2229 1279 2306 male
1351 2230 1513 2306 hoc
1580 2256 1624 2308 a
1689 2256 1826 2309 me
1882 2233 2485 2334 pronuntiatum

228 2360 433 2414 esse:
485 2337 912 2411 materiam
963 2334 1330 2409 carminis
1381 2346 1670 2435 poetae
1719 2337 1922 2412 mira
1964 2334 2286 2412 fortuna
2338 2334 2486 2411 ob—

222 2438 450 2514 latam
495 2438 794 2532 fuisse,
849 2462 1016 2513 non
1061 2436 1160 2513 ab
1206 2460 1307 2513 eo
1355 2438 1869 2536 excogitatam
1920 2451 2000 2516 et
2043 2440 2484 2528 inventamg

216 2546 783 2620 tractationem
827 2555 1093 2618 autem
1139 2554 1221 2618 et
1265 2544 1771 2619 ornationem
1837 2544 1978 2619 etsi
2024 2568 2194 2619 non
2239 2544 2485 2641 magis

214 2662 453 2747 poeta
496 2673 544 2722 a
595 2671 688 2722 se
735 2647 1004 2747 petiit,
1060 2670 1243 2721 cum
1285 2647 1620 2721 Homeri
1674 2648 2015 2746 vestigiis
2066 2647 2484 2741 insisteret,

215 2752 319 2826 ita
376 2765 669 2827 tamen
730 2774 921 2825 eum
982 2749 1116 2824 illa
1157 2750 1240 2823 in
1305 2772 1397 2826 re
1443 2763 1843 2825 versatum
1903 2773 2113 2842 esse,
2179 2763 2273 2826 ut
2332 2746 2484 2825 ele-

214 2857 580 2952 gantiore
629 2851 967 2942 iudicio,
1035 2853 1340 2928 maiore
1396 2852 1617 2929 cultu
1659 2866 1741 2930 et
1794 2852 2297 2954 exquisitiore
2350 2876 2484 2927 or-

222 2972 439 3057 natu,
496 2957 786 3035 omnia
838 2970 1477 3057 persequeretur.

410 3130 693 3208 Etiam
746 3128 954 3204 hanc
1008 3127 1488 3227 argumenti,
1574 3125 1797 3229 quod
1858 3140 2101 3230 poeta
2142 3139 2482 3204 tractan-

204 3233 406 3311 dum
452 3234 613 3309 sibi
662 3245 1076 3327 sumserat,
1126 3229 1588 3308 felicitatem
1633 3230 1977 3334 aliquam
2023 3230 2478 3307 habendam

201 3363 379 3415 esse
425 3362 681 3440 supra
727 3335 1032 3436 (Disqu
1086 3339 1143 3415 I.
1198 3361 1255 3414 s.
1295 3338 1517 3433 VIII)
1561 3329 1938 3432 diximus,
1995 3334 2243 3436 quod,
2297 3359 2481 3412 cum

190 3473 339 3544 per
397 3451 728 3519 deorum
774 3446 1185 3516 ministeria
1216 3463 1346 3515 res
1395 3449 1602 3513 esset
1633 3437 2173 3540 exsequenda,
2229 3435 2482 3515 offer-

199 3561 387 3624 rent
434 3572 526 3623 se
588 3544 930 3623 lunonis
991 3556 1071 3619 et
1114 3541 1453 3623 Veneris
1495 3541 1868 3638 numina,
1939 3565 2142 3642 quae
2190 3553 2479 3641 poetae

205 3675 525 3727 oeussae
595 3663 766 3752 tam
821 3646 1227 3747 praeclare
1277 3646 1667 3739 serviunt,
1732 3645 2278 3746 potentissima
2329 3644 2478 3734 illa,

211 3768 286 3830 et
334 3756 503 3857 ipsa
555 3750 840 3829 sabula
887 3750 1049 3825 iam
1099 3749 1409 3825 dudum
1441 3762 1934 3841 consecrata;
1985 3773 2199 3843 nam,
2310 3748 2477 3823 uod

211 3860 481 3960 insigni
547 3853 907 3935 Veneris
988 3876 1171 3929 cura
1245 3851 1563 3928 habitus
1630 3865 1748 3927 est
1806 3857 2152 3942 AeneaS,
2236 3851 2257 3926 i
2387 3877 2478 3927 ex

210 3965 562 4042 Homero
641 3956 1047 4036 familiare
1103 3955 1251 4031 sihi
1319 3956 1568 4031 habet
1636 3954 1928 4050 lector,
2006 3961 2087 4031 et
2151 3954 2479 4032 Iunonis

210 4067 469 4145 odium
520 4070 607 4144 in
660 4062 1076 4141 Troianos
1126 4084 1292 4135 non
1337 4059 1606 4134 minus
1652 4083 1744 4134 ex
1780 4062 2145 4136 Homero
2189 4072 2474 4134 notum

205 4187 323 4253 est.
424 4177 604 4252 Iam
656 4164 974 4246 eximio
1030 4162 1292 4264 aliquo
1335 4161 1708 4238 fortunae
1755 4160 2158 4239 beneficio
2203 4185 2329 4237 res
2374 4162 2475 4237 ita

198 4275 508 4376 serebat,
567 4289 669 4353 ut
718 4263 1301 4349 alteriusdeae
1349 4290 1656 4342 numen
1704 4263 2475 4364 Carthaginiensibus

190 4398 258 4461 et
287 4410 472 4462 mox
521 4387 848 4460 Turno
905 4368 1493 4445 accommodari
1545 4381 1851 4469 posset,
1921 4368 2159 4445 altera
2207 4379 2472 4443 autem
