2882 5028
513 347 615 419 66

978 343 1057 414 Ρ.
1127 341 1665 418 VIRGILII
1726 342 1986 419 MAR
2018 341 2305 419 ONIS

516 523 827 621 Quidve
887 522 1212 619 dolens,
1268 524 1543 622 regina
1594 526 1841 602 deum
1882 538 2004 601 tot
2046 523 2372 602 volvere
2427 548 2663 601 casus

510 629 915 725 Insignem
960 630 1255 729 pietate
1303 630 1602 723 virum,
1652 642 1776 705 tot
1828 628 2045 706 adire
2087 628 2401 704 labores

1028 736 1435 808 Tantaene
1487 734 1768 809 animis
1808 731 2287 808 coelestibus
2333 732 2533 809 irae!

511 731 919 832 Inpulerit.

2696 638 2815 708 10

615 834 821 911 Urbs
865 836 1183 936 antiqua
1225 833 1417 929 suit;
1488 837 1698 934 Tyrii
1740 849 2079 925 tenuere
2124 834 2430 926 coloni;
2590 930 2594 932 ⁷

512 937 943 1034 Carthago,
1009 937 1312 1014 Italiam
1364 953 1638 1016 contra
1682 939 2220 1039 Tiberinaque
2265 938 2507 1036 longe

513 1043 773 1135 Ostia,
832 1040 1055 1117 dives
1105 1066 1391 1142 opum,
1447 1043 1891 1146 studiisque
1941 1041 2370 1144 asperrima
2415 1040 2664 1119 helii:

623 1172 734 1241 11.
788 1164 1256 1257 lnporum
1315 1186 1384 1238 Τ.

509 1336 600 1370 cur
631 1335 717 1369 me
749 1314 930 1385 fugis?
1000 1321 1182 1388 Itaque
1224 1318 1387 1370 verba
1435 1337 1545 1388 quo
1583 1318 1807 1370 nuntiae
1833 1318 1987 1370 laeso
2014 1315 2150 1368 hanc
2186 1315 2387 1368 habent
2424 1314 2562 1366 vim:
2603 1336 2698 1386 qu
2723 1337 2806 1371 0-

508 1388 701 1440 modo
739 1387 889 1438 laeso
926 1388 1081 1439 eius
1113 1391 1367 1452 numine,
1402 1387 1479 1439 ita
1509 1387 1739 1456 quidem,
1773 1397 1833 1438 ut
1865 1406 1972 1458 quo
2007 1403 2115 1438 non
2138 1384 2212 1437 sit
2245 1384 2486 1437 absoluto
2517 1388 2804 1454 positum,

507 1458 603 1509 sed
638 1475 753 1508 cum
788 1459 1010 1508 numine
1041 1457 1377 1526 iungendum.
1449 1457 1572 1509 vid.
1609 1457 1767 1508 etiam
1801 1462 1929 1509 Aen.
1964 1458 2054 1519 111,
2100 1456 2225 1510 337.
2276 1454 2457 1523 ibique
2490 1472 2623 1507 vern
2663 1457 2802 1508 dis—-

507 1536 777 1598 putantem
812 1526 1101 1595 Heynium,
1148 1526 1388 1596 inprimis
1424 1544 1551 1578 vero
1585 1526 1776 1594 Langii
1809 1524 2018 1579 Vindio.
2055 1525 2323 1593 Tragoed.
2358 1528 2508 1576 Rom.
2533 1544 2668 1594 pag.
2698 1531 2799 1581 50.

506 1599 748 1648 Ceterum
783 1612 849 1645 ne
884 1614 917 1647 a
951 1596 1187 1664 pedestri
1238 1598 1450 1666 quidem
1497 1596 1738 1648 oratione
1785 1596 2043 1647 abhorret
2089 1594 2177 1645 hic
2224 1593 2561 1646 Pronominis
2615 1614 2797 1657 usus3

542 1683 666 1717 nare
698 1683 807 1716 non
842 1674 985 1728 erat,
1020 1667 1163 1735 quod
1196 1667 1480 1718 Crenzerus
1517 1676 1570 1717 et
1604 1668 1844 1716 Moserns
1879 1675 2127 1732 corrupta
2162 1672 2427 1733 putarent,
2457 1681 2601 1731 quae
2628 1667 2795 1733 apud

506 1684 611 1788 ἒίο.
647 1737 714 1788 de
748 1736 884 1803 nep.
919 1744 1126 1787 exstant
1158 1737 1197 1799 1,
1226 1737 1342 1790 36.:
1379 1734 1666 1798 „Imitabor
1701 1752 1828 1803 ergo
1864 1738 2097 1797 Aratum,
2129 1732 2236 1802 qui,
2269 1734 2470 1800 magnis
2503 1734 2576 1785 de
2611 1736 2795 1787 rebus

505 1805 683 1856 dicere
724 1803 1031 1868 exordiens,
1079 1823 1109 1856 a
1156 1807 1280 1856 Iove
1327 1805 1680 1873 incipiendum
1730 1814 1897 1874 putat.
1967 1808 2032 1855 L.
2082 1806 2229 1867 Quo
2264 1805 2289 1853 1
2301 1802 2462 1854 ove?
2511 1814 2607 1854 aut
2641 1805 2797 1873 quid

508 1875 670 1926 habet
699 1873 841 1925 illius
877 1875 1117 1926 carminis
1152 1875 1322 1926 simile
1350 1876 1483 1927 haec
1517 1874 1781 1925 oratio?“
1842 1874 1878 1925 i.
1916 1891 1963 1926 e.

505 1943 799 2013 cipiemlum
833 1944 1024 2011 putas?
1067 1947 1213 2009 Wr.)
1319 1946 1354 1998 9
1391 1944 1601 2010 Quidve
1623 1950 1798 1995 Deum
1826 1948 1897 1994 R.
1924 1943 2136 1994 dolens.
2170 1941 2358 1992 Hamb.
2386 1959 2467 2010 pr.

500 2014 729 2086 pulcrae
776 2014 928 2063 Rom.
966 2028 1082 2064 cnm
1138 2012 1256 2064 aliis
1294 2031 1379 2081 ap.
1415 2013 1599 2065 Heius.
1647 2014 1812 2064 ad'v.
1848 2016 1901 2065 4.

2010 1872 2363 1941 quomodo
2406 1891 2437 1924 a
2470 1874 2648 1925 Iove
2688 1893 2790 1924 m-

2567 1946 2638 1997 11
2659 1947 2788 1995 Im-

1993 2014 1999 2023 '
2066 2015 2132 2065 12
2167 2011 2270 2061 Cur
2313 2013 2470 2079 Tyrii
2503 2024 2544 2062 ε.
2586 2015 2795 2065 co‘loru'

506 2075 811 2151 parenthesi
845 2081 1205 2147 includantur,
1240 2101 1348 2135 non
1382 2083 1556 2135 video.
1625 2085 1720 2134 Est
1755 2083 1892 2135 enim
1929 2100 1992 2135 ea
2024 2081 2236 2151 poetica
2263 2080 2472 2144 'forma3
2507 2091 2571 2132 ut
2602 2084 2789 2134 ubso-

472 2200 483 2213 ,
507 2153 618 2204 luta
654 2151 1015 2202 enuntiatione
1050 2152 1279 2216 dicatur,
1327 2149 1478 2222 quod‘
1523 2153 1578 2203 in
1622 2169 1783 2222 prosa
1832 2162 2002 2213 esset,
2041 2150 2348 2230 urbs-fuit,

1271 2223 1338 2276 13
1371 2224 1662 2295 Karthago
1693 2222 1878 2273 Medic.
1908 2240 2025 2273 cum
2051 2220 2230 2271 mu'ltxs
2260 2219 2404 2270 aliis:
2438 2219 2570 2271 item
2600 2222 2786 2273 Goth.

505 2235 594 2272 ten
602 2238 755 2283 uere,
792 2220 1115 2273 habitarunt.

2400 2169 2569 2220 quarn
2611 2156 2684 2204 T.
2735 2172 2786 2203 ο.

503 2308 610 2343 sec.
678 2289 785 2342 Alii
821 2296 1089 2359 Cae-tago,
1125 2301 1184 2343 ut
1208 2301 1263 2343 et
1288 2292 1429 2361 apud
1453 2291 1605 2344 alios.
1683 2291 1942 2343 Yiberma
1973 2306 2152 2342 omnes
2182 2290 2238 2340 h.
2261 2289 2316 2351 1.‚
2351 2307 2465 2341 c-um
2491 2291 2624 2342 alias
2644 2301 2786 2355 tan-

504 2371 691 2430 topere
725 2359 929 2411 varient
949 2358 1074 2411 libri
1101 2360 1156 2413 in
1186 2361 1459 2429 scriptura.

1536 2374 1542 2380 “
1593 2362 1660 2416 14
1694 2361 2208 2417 Hostiae‘Medioem.
2242 2358 2369 2410 item
2397 2361 2559 2411 Goth.
2587 2378 2677 2429 pr.
2717 2371 2785 2413 et

503 2440 629 2481 tert.
671 2446 771 2498 pro
807 2440 1056 2500 corrupta
1092 2431 1390 2501 sequiorum
1424 2430 1749 2483 saeculorum
1782 2430 2062 2500 scriptura.

503 2556 766 2635 primum
795 2572 857 2612 se
885 2553 1086 2614 offert:
1145 2578 1263 2637 quo
1304 2557 1415 2616 deo
1459 2558 1593 2615 lae-

503 2663 569 2699 so
588 2683 606 2715 ,
655 2661 780 2699 non
837 2639 1122 2700 convenit
1180 2662 1317 2703 cum
1370 2642 1593 2702 altero:

503 2726 720 2807 quidve
766 2726 972 2786 dolens
1012 2726 1183 2788 Iuno.
1297 2729 1595 2787 Omnibus

503 2813 754 2872 tentatis
810 2820 871 2871 et
929 2813 1236 2893 expensis,
1313 2833 1469 2893 quae
1525 2814 1593 2872 in

504 2900 837 2958 Excursum
881 2895 972 2978 1†
1008 2898 1334 2975 reiecimus,
1378 2919 1596 2978 quam-

503 3004 682 3062 quam
734 2982 1042 3043 duriorem
1060 3028 1077 3059 ,
1129 2988 1431 3065 praeferas
1481 3006 1587 3045 ra-

502 3072 726 3128 tionem
783 3069 903 3128 iam
949 3089 982 3125 a
1043 3071 1254 3130 servio
1308 3072 1585 3152 proposi-

500 3164 650 3214 tam:
706 3175 843 3233 quo,
892 3173 1012 3230 qua
1040 3173 1138 3231 re,
1195 3177 1315 3235 qua
1361 3178 1588 3234 caussa,

504 3237 923 3321 (exponuntur
969 3260 1212 3300 caussae
1242 3263 1360 3303 vss.
1401 3245 1582 3309 25—

500 3325 629 3407 28.)
679 3324 905 3405 (potius
926 3345 1044 3385 vss,
1075 3330 1366 3392 19—28.
1413 3326 1582 3412 Wr.)

500 3415 742 3470 numine
771 3413 959 3486 laese,
1010 3412 1322 3473 maiestate
1357 3413 1582 3493 divina,

501 3496 562 3557 h.
613 3517 663 3556 e.
715 3497 843 3578 ipsa
902 3497 1149 3559 Iunone.
1256 3500 1587 3561 Subiicitur

498 3603 612 3663 pro
649 3582 1076 3663 explicatione:
1132 3586 1351 3666 quidve
1381 3587 1588 3647 dolens

499 3701 586 3714 -—
613 3670 896 3747 inpulerit
939 3669 1052 3729 dea
1094 3672 1297 3732 virum
1340 3671 1587 3756 (exqui-

499 3755 647 3830 site,
706 3754 767 3814 h.
822 3774 872 3816 e.
928 3757 1210 3839 coegerit)
1271 3771 1356 3817 tot
1407 3781 1588 3818 casus

500 3841 753 3916 volvere,
800 3840 864 3900 h.
888 3861 938 3901 e.
966 3852 1036 3918 ut
1073 3845 1322 3919 subiret,
1368 3845 1585 3906 adiret.

500 3926 672 4001 Quae
719 3928 876 3987 enim
923 3929 1158 4007 gravia,
1217 3930 1485 3991 difficilia
1525 3941 1586 3991 et

499 4013 746 4073 molesta
808 4023 982 4090 sunt,
1049 4023 1108 4074 et
1164 4037 1316 4095 quae
1370 4039 1585 4099 magna

500 4119 637 4158 cum
669 4098 1023 4159 difficultate
1064 4123 1403 4180 movemus,
1450 4127 1582 4165 ma·-

498 4182 837 4260 chinamur,
881 4187 1201 4263 molimur)
1223 4190 1584 4269 perficitnus,

499 4290 569 4330 ea
614 4273 779 4332 volvi
820 4274 1013 4352 poetis
1052 4273 1374 4358 dicuntum
1415 4300 1583 4342 nunc

499 4367 562 4418 ct
598 4375 698 4431 es,
740 4377 893 4436 quae
919 4359 1273 4423 tolerantur.

1771 2560 1868 2619 12.
1921 2554 1975 2614 A
2014 2553 2262 2615 Iunonis
2304 2553 2456 2612 odiis
2500 2555 2781 2633 orditur,

1678 2642 1900 2721 quippe
1955 2661 2064 2722 per
2116 2659 2273 2719 quae
2315 2639 2581 2701 obiectae
2618 2653 2779 2703 sunt

1679 2728 2090 2803 difficultates,
2162 2725 2379 2803 quibus
2435 2728 2511 2786 ab
2557 2728 2781 2788 Italiae

1679 2813 1853 2873 aditu
1890 2821 2270 2874 averteretur
2312 2812 2559 2874 Aeneas.
2634 2816 2778 2875 Ex-

1677 2909 1991 2981 ponuntur
2019 2898 2143 2958 odii
2178 2918 2446 2959 caussae:
2491 2920 2647 2978 quae
2672 2902 2778 2960 le·

1678 2993 1905 3044 ctorem
1935 3005 2141 3045 rerum
2159 2984 2557 3047 Troia'narum
2590 2987 2779 3049 haud

1669 3089 1918 3152 prorsus
1980 3070 2196 3131 rudem
2254 3072 2459 3131 studio
2528 3074 2775 3154 legendi

1670 3158 1868 3217 nescio
1894 3178 2014 3237 quo
2046 3157 2344 3217 imbuunt.
2389 3159 2513 3221 Cur
2542 3183 2576 3220 a
2605 3163 2774 3222 Car-

1672 3243 1913 3323 thagine
1957 3245 2198 3304 initium
2246 3248 2531 3307 narrandi
2573 3250 2770 3310 saciat

1669 3341 1881 3410 poeta,
1937 3350 1997 3392 v.
2031 3351 2179 3391 mox
2211 3330 2290 3388 ad
2319 3351 2378 3390 v.
2410 3336 2513 3398 34.
2602 3336 2771 3397 Urbs

1633 3475 1636 3486 .
1651 3415 1792 3495 suit
1814 3460 1833 3491 ‚
1935 3417 2219 3495 qnoniam
2283 3418 2386 3476 illa
2439 3431 2571 3480 tum
2627 3433 2771 3482 erat

1673 3521 1909 3580 eversa,
1955 3524 1991 3561 a
2016 3503 2213 3584 Tyriis
2257 3504 2502 3567 condita
2540 3517 2604 3568 et
2642 3508 2767 3568 hc-

1671 3588 1878 3650 bitata.
1949 3593 2242 3670 antiqua,
2291 3612 2414 3650 non
2444 3604 2568 3655 tam
2596 3616 2766 3673 quo-

1672 3674 1833 3735 niam
1900 3697 2059 3735 nova
2125 3676 2422 3758 Carthago
2493 3681 2765 3741 deducta

1672 3781 1866 3842 nuper
1891 3783 1924 3819 a
1953 3762 2200 3821 Caesare
2221 3764 2453 3825 colonia
2482 3778 2634 3845 erat,
2693 3777 2766 3828 ut

1670 3849 1792 3907 sere
1841 3848 2236 3929 interpretes5
2305 3852 2407 3912 sed
2472 3856 2763 3932 quoniam

1670 3934 1913 4012 antiqua
1934 3935 2099 4014 origo
2127 3935 2399 4014 inprimis
2420 3939 2483 3999 in
2511 3943 2762 4002 urbium

1670 4021 1848 4080 laude
1889 4032 2282 4084 memoratur.
2354 4025 2457 4086 ins.
2494 4027 2582 4103 11,
2628 4033 2760 4094 863

1671 4108 1746 4167 de
1775 4109 1979 4168 Troia:
2035 4108 2187 4167 Urbs·
2212 4115 2469 4192 antiqua
2496 4118 2638 4175 mit.
2697 4125 2760 4173 et

1671 4194 1747 4253 de
1796 4196 1995 4255 ltalia:
2065 4197 2246 4254 Terra
2292 4203 2551 4281 antiqua
2572 4247 2592 4277 ‚
2629 4224 2759 4280 po-

1666 4292 1816 4340 tens.

1758 4370 1837 4431 13
1856 4366 2041 4432 —14.
2085 4371 2325 4450 Longe,
2373 4373 2592 4451 procul
2623 4373 2756 4445 sita,
