2882 5028
589 431 1201 511 AENEIDOS
1256 432 1463 510 LIB.
1516 435 1612 528 V,
1662 440 2100 513 797—813
2342 443 2492 516 829

230 618 482 698 Millia
514 618 765 694 multa
797 616 1022 695 daret
1045 617 1247 714 lete,
1298 631 1878 721 gemerentque
1904 618 2188 720 repleti

232 730 579 820 AmneS,
628 730 783 797 'nec
813 722 1167 822 reperire
1199 723 1407 797 viam
1448 734 1681 822 atque
1719 722 2086 799 evolvere
2121 737 2391 823 posset

231 832 334 904 In
368 851 590 902 mare
629 850 714 901 se
741 824 1134 904 Xanthus:
1202 825 1524 902 Pelidae
1560 838 1750 901 tunc
1787 849 1935 924 ego
1969 824 2160 901 sorti

236 934 786 1028 Congressum
825 934 1187 1026 Aenean,
1241 953 1392 1004 nec
1416 928 1553 1004 dis
1585 953 1735 1004 nec
1768 928 2061 1004 viribus
2090 929 2387 1031 aequi5‚

230 1034 478 1112 Nube
508 1059 689 1110 cava
714 1033 975 1135 rapui:
1003 1056 1383 1132 cuperem
1407 1057 1659 1133 quum
1681 1046 1991 1110 vertere
2021 1033 2117 1108 ab
2151 1033 2314 1108 imo
2340 1041 2493 1112 810

234 1137 802 1213 Structa·meis
844 1135 1210 1211 manibus
1245 1139 1609 1237 periurae
1657 1137 1979 1211 moenia
2027 1137 2335 1214 Troiae.

230 1244 474 1319 Nunc
526 1265 855 1342 quoque
901 1263 1135 1315 mens
1179 1240 1465 1316 eadem
1511 1251 1811 1339 perstat
1841 1238 2079 1317 mihi:
2131 1239 2348 1341 pelle
2390 1239 2490 1314 ti-

254 1384 259 1391 ·
1402 1367 1743 1421 morem.

235 1452 536 1541 TutuS,
593 1470 795 1548 quos
838 1440 1099 1548 eptae,
1150 1459 1431 1548 portus
1482 1445 1818 1535 adcedet
1845 1446 2153 1524 Averni.

378 1655 481 1709 806
528 1655 727 1706 darent
782 1657 952 1718 Rom„
996 1653 1149 1706 male.
1304 1656 1408 1711 807
1458 1656 1743 1709 revolvere
1790 1654 1895 1707 dno
1929 1656 2098 1705 Burm-
2146 1669 2261 1706 cum
2297 1652 2488 1705 Medic.

230 1723 417 1776 Pierii.
489 1727 635 1775 viam
671 1743 779 1794 qua
814 1744 894 1776 ev.
950 1744 1006 1796 p.
1041 1730 1117 1776 Au
1190 1723 1313 1775 etin.
1359 1726 1426 1776 de
1463 1727 1745 1778 Grammat.
1795 1742 1882 1793 ap.
1919 1727 2190 1776 Burmann.
2213 1723 2384 1774 ‹Iliad.
2422 1740 2485 1789 φ,

229 1796 341 1849 219
378 1794 624 1844 Xanthus
662 1789 803 1846 ου’δέ
833 1792 890 1863 τζ
928 1810 1006 1861 πη
1056 1793 1304 1860 avenam
1343 1791 1604 1861 προχέειν
1649 1791 1791 1861 ῥόον
1836 1793 1915 1855 εἰς
1947 1789 2059 1846 ἅλα
2096 1792 2229 1845 δῖαν
2257 1787 2488 1845 Στεινό-

228 1878 408 1929 μενος
448 1859 701 1917 νεκύεσσι
784 1866 963 1933 poseic
996 1862 1179 1927 multi,
1241 1862 1447 1916 vitiose.
1513 1869 1720 1935 passim
1759 1866 1888 1914 Ven.
2027 1865 2128 1917 808
2163 1866 2231 1912 In
2274 1882 2343 1914 m.
2378 1864 2488 1913 iam

237 1935 313 1984 X.
350 1932 609 1984 Montalb.
683 1935 764 2000 (ln
800 1933 975 1984 medio
1010 1951 1163 1983 versu
1199 1932 1389 1984 rectius
1439 1935 1666 1986 fortasse
1714 1934 1869 2002 plene
1903 1930 2318 2000 interpungitur3
2378 1930 2484 1981 vid.

228 2002 305 2054 nd
339 2019 416 2053 ve.
452 2004 574 2054 804.
628 2031 695 2041 —
756 2004 877 2055 809.
913 2008 1152 2053 Aeneam
1178 2003 1326 2053 Rom.
1365 2002 1451 2053 hic
1501 2013 1556 2055 et
1601 2021 1677 2054 ve.
1727 2004 1848 2056 850.
1903 2003 2047 2069 Wr.)
2188 2003 2292 2054 810
2326 2001 2492 2070 rapui

227 2070 400 2123 lectio
438 2081 520 2122 eet
553 2072 745 2122 Medic.
780 2080 835 2122 et
871 2071 1020 2123 alior.
1058 2072 1235 2123 Heius.
1273 2083 1325 2123 et
1358 2073 1494 2124 Pier.
1557 2080 1624 2123 At
1651 2075 1830 2142 eripui
1852 2074 2002 2123 Rom.
2042 2077 2116 2138 (et
2144 2070 2308 2122 Palat.
2343 2070 2485 2133 Wr.)

229 2158 353 2193 cum
389 2140 558 2191 altera
591 2140 819 2202 familie3
872 2152 928 2191 et
978 2143 1127 2210 ripui
1175 2143 1514 2208 superaddita
1565 2161 1596 2192 e
1643 2143 1827 2209 fragm.
1881 2140 2052 2192 Vatic.
2122 2141 2226 2193 Sed
2266 2138 2487 2190 alterum

229 2209 447 2261 doctius
484 2227 582 2277 pro
616 2219 809 2279 poeta,
844 2210 931 2278 qui
968 2210 1255 2262 communia
1290 2212 1511 2277 respuit.
1547 2214 1675 2277 (non
1712 2211 1981 2279 eripuit
2014 2220 2215 2261 tantum
2248 2208 2487 2278 periculo

229 2291 288 2331 et
341 2288 510 2329 tntum
555 2279 843 2347 praestitit3
894 2280 987 2331 sed
1034 2279 1194 2348 longe
1239 2279 1460 2332 abstulit
1507 2282 1571 2332 ab
1607 2281 1753 2345 acie,
1800 2280 1836 2332 i.
1875 2298 1920 2331 e.
1956 2279 2223 2349 rapuit3
2272 2278 2377 2329 vid.
2425 2275 2484 2328 11.

226 2349 369 2411 XX,
405 2349 527 2402 325.
551 2367 664 2417 sqq.
701 2377 769 2389 —
804 2367 1052 2419 cuperem
1087 2352 1208 2418 qui
1237 2349 1516 2418 legendum
1562 2360 1713 2419 putat
1762 2349 1995 2401 Bothiue.
2052 2349 2192 2417 Wr.)
2263 2368 2307 2400 c.
2365 2366 2487 2399 cum

227 2429 485 2470 evertere
530 2418 663 2470 Gud.
715 2429 771 2470 et
817 2418 984 2470 wan.
1065 2437 1316 2490 cuperem
1360 2434 1681 2471 convertere
1730 2421 1770 2470 F
1772 2424 1914 2471 rane.
1972 2421 2050 2488 (et
2095 2424 2241 2471 Serv·
2298 2417 2485 2469 Dread.

234 2490 326 2543 W
320 2492 401 2551 r.)
465 2500 727 2559 cuperent
762 2505 881 2539 eum
913 2489 1099 2555 fragm.
1141 2489 1310 2540 Vatic.
1380 2488 1450 2541 ab
1486 2508 1596 2542 uno
1631 2491 1834 2557 Menag.
1870 2506 1952 2558 pr.
2073 2490 2168 2543 811
2204 2492 2490 2559 periturae

225 2559 424 2625 fragm.
460 2558 628 2610 vatic.
664 2556 856 2609 Medic.
893 2575 925 2609 a
960 2576 1026 2609 m.
1061 2576 1144 2627 pr.
1181 2568 1237 2609 et
1273 2558 1512 2624 Dorvill„
1549 2559 1770 2627 proclivi
1805 2560 1972 2626 lapsu.
2010 2559 2085 2626 (ni
2119 2559 2375 2610 adscitum
2405 2566 2488 2608 eet

228 2645 303 2679 ex
338 2629 406 2691 11,
440 2627 564 2680 660.
608 2630 752 2694 Wr.)
823 2627 929 2688 Sed
965 2627 1186 2678 alterum
1219 2628 1479 2679 sollenne.
1532 2638 1612 2693 (et
1657 2630 1761 2681 vid.
1813 2631 1941 2680 Not.
1991 2629 2162 2696 Heyn.
2270 2631 2489 2679 eriume

227 2714 353 2749 cum
407 2697 597 2748 ceteris
645 2697 813 2751 Pelet.
873 2699 957 2749 W
951 2698 1020 2765 r.)
1105 2698 1313 2749 Laudat
1356 2699 1530 2750 Burm.
1578 2709 1690 2750 not.
1739 2697 1830 2749 ad·
1857 2697 2005 2748 ovid.
2055 2699 2133 2748 XI
2243 2707 2312 2748 et.
2361 2697 2484 2750 215.

227 2768 344 2823 812
381 2777 558 2817 restae
593 2765 797 2836 aliquot
830 2766 965 2818 Pier.
1016 2784 1129 2818 cum
1166 2767 1271 2819 Err.
1341 2779 1595 2837 praestat
1639 2780 1748 2820 tres
1782 2769 1971 2829 Burm„
2026 2776 2082 2817 ut
2130 2765 2255 2816 alibi
2302 2765 2487 2816 eadem

223 2835 480 2889 varietas.
550 2837 683 2887 milne·
752 2849 903 2889 erata
938 2836 1102 2888 Goth.
1140 2854 1222 2905 pr.
1291 2838 1537 2888 timorem
1564 2835 1759 2888 invexit
1787 2835 1968 2888 Heius.
2006 2852 2069 2885 ex
2099 2835 2288 2886 Medic.
2317 2844 2372 2885 et
2396 2832 2489 2884 bi-

222 2904 316 2958 ni·
359 2904 510 2965 eliiu
560 2922 682 2957 acce
723 2916 817 2956 unt
850 2907 1034 2958 Franc.
1069 2922 1252 2957 recens
1288 2914 1344 2956 et
1375 2906 1579 2957 ieiunus
1614 2907 1798 2972 codex,
1851 2905 1934 2956 ed.
1970 2906 2103 2956 Ven.
2142 2914 2214 2968 et,
2260 2913 2319 2954 nt
2351 2919 2489 2954 nuno
2551 2951 2554 2964 ,

222 2975 424 3038 video,
476 2975 662 3042 fragm.
709 2976 879 3028 Vetic.
951 2981 1018 3027 At
1065 2977 1327 3026 Romanus
1381 2975 1567 3043 (Palat.
1624 2977 1766 3042 Wr.)
1818 2984 1875 3026 et
1910 2974 2106 3038 ceteri,
2167 2990 2280 3025 cum
2315 2973 2487 3023 tribus

225 3044 401 3097 Goth.
440 3054 491 3094 et
526 3044 647 3097 edd.
686 3045 878 3113 vulgg„
914 3047 1150 3104 timores,
1198 3044 1340 3113 quod
1378 3044 1582 3096 mireris
1615 3044 1737 3096 loco
1773 3044 2049 3095 deiectum.
2121 3041 2281 3093 Nolui
2314 3052 2488 3092 tamen

222 3117 422 3167 iterum
459 3130 670 3164 novare.
709 3117 786 3180 (et
825 3124 1089 3183 receptam
1136 3113 1419 3165 lectionem
1467 3117 1709 3165 clusorem
1755 3114 1918 3165 tuitus
1961 3130 2072 3163 eum
2111 3114 2175 3174 Q.
2221 3112 2288 3164 V.
2323 3112 2487 3174 vnn,

221 3188 283 3248 3,
321 3184 455 3243 XI.;
510 3184 733 3250 timores
785 3183 955 3235 edidit
1001 3183 1149 3233 lehn.
1192 3184 1337 3248 Wr.)
1476 3184 1582 3237 813
1623 3187 1796 3235 Tutoe
1841 3200 1943 3236 aec.
1979 3180 2231 3233 Rottend.
2309 3184 2490 3232 Tutus

222 3273 258 3307 e
299 3270 407 3304 uos
438 3251 658 3305 Dorvill.
731 3254 941 3305 accedit
972 3253 1224 3305 Rottend.
1260 3270 1342 3321 pr.
1377 3270 1407 3303 a
1440 3270 1508 3303 m.
1550 3270 1660 3320 ρης
1695 3255 1772 3320 (et
1805 3258 1949 3305 Serv.
1976 3251 2159 3301 Dreed.
2200 3251 2349 3316 Wr.)
2383 3250 2489 3301 boc

224 3327 247 3376 i
296 3340 381 3374 em
415 3322 472 3373 in
505 3322 698 3375 Medic.
736 3332 946 3383 extare,
982 3323 1235 3390 Spenciue
1272 3330 1497 3373 testatur
1533 3333 1584 3373 et
1617 3322 1817 3373 firmat:
1874 3320 2090 3389 Foggin.
2127 3319 2295 3370 edidit
2328 3337 2488 3371 aece-

225 3394 347 3448 dee.
419 3393 660 3444 Ceterum
693 3391 877 3443 mirum
913 3391 1079 3444 Servii
1118 3408 1360 3443 acumen:
1422 3393 1667 3455 „Portus
1717 3392 1952 3443 accedet.
2024 3389 2122 3440 Hic
2155 3388 2488 3456 distinguen-

225 3462 421 3528 ,‚dum,
472 3479 538 3513 ne
573 3462 641 3512 eit
677 3461 995 3513 contrarium
1046 3463 1270 3512 Veneris
1312 3460 1590 3530 petitioni,
1636 3478 1770 3529 quae
1805 3461 1905 3512 ait:
1958 3460 2120 3511 liceat
2155 3462 2487 3511 Laurentem

223 3531 529 3598 „accedere
571 3529 841 3599 z'ybrimfl
913 3536 1198 3599 Argutatur
1250 3548 1459 3601 quoque
1493 3532 1775 3599 Spenciua,
1821 3528 1911 3601 qui
1962 3528 2186 3583 Veneria
2222 3529 2485 3599 precibus,

224 3688 381 3758 294.
438 3689 584 3755 295.
639 3702 1054 3769 gemerentque
1112 3691 1326 3769 repleti
1406 3687 1520 3772 eq.)
1596 3690 1875 3748 Causeam
1909 3687 2031 3747 irae
2061 3697 2302 3747 enarrat
2326 3688 2486 3748 idem

222 3779 463 3837 Amnes
515 3785 628 3835 eto.
671 3797 733 3838 v.
789 3775 954 3835 Iliad.
1000 3800 1068 3854 φ,
1109 3781 1149 3839 7
1193 3796 1319 3853 sqq.
1407 3799 1476 3853 φ,
1511 3773 1636 3842 446
1673 3796 1834 3854 aqq.,
1877 3774 2042 3833 unde
2080 3772 2143 3834 h.
2185 3775 2224 3833 l.
2270 3777 2485 3854 periu-

224 3865 362 3927 218
392 3880 517 3940 sqq.
574 3881 820 3934 amnes,
887 3882 1025 3920 nam
1066 3860 1319 3921 Xantho
1402 3883 1508 3920 rae
1536 3905 1554 3934 ‚
1646 3882 1681 3918 a
1753 3860 1999 3940 periuro
2064 3861 2485 3936 Laomedonte,

224 3946 457 4007 auxilia
532 3967 826 4024 aquarum
903 3948 1045 4007 tulit
1107 3948 1320 4006 Simois
1403 3946 1758 4023 mercedem,
1806 3947 1885 4006 ob
1913 3967 2120 4006 muros
2147 3956 2487 4006 exstructos

220 4033 377 4093 ibid.
411 4052 471 4092 v.
518 4037 645 4097 307
689 4051 816 4110 sqq.
874 4032 1027 4091 nube
1068 4054 1226 4092 cava
1259 4053 1319 4093 v.
1406 4032 1482 4091 ab
1511 4052 1579 4092 eo
1610 4043 1916 4107 exactam,
1959 4042 2229 4111 negante.
2477 4077 2484 4088 .

222 4117 398 4180 Iliad.
427 4142 487 4193 v,
519 4122 644 4183 320
678 4137 805 4196 sqq.
864 4140 1134 4195 cuperem
1182 4140 1323 4177 cum
1494 4120 1619 4183 812
1649 4157 1726 4167 —
1760 4120 1903 4184 815.
1972 4132 2182 4194 portae
2233 4119 2480 4189 Averni,

221 4215 344 4265 etc.
379 4224 517 4263 cum
548 4212 753 4262 tamen
784 4203 1074 4263 Troianos
1107 4223 1324 4264 exosus
1407 4206 1658 4280 Cumas,
1698 4206 1798 4264 lib.
1826 4204 1922 4280 vl,
1959 4209 2021 4276 2,
2064 4203 2330 4280 adeoque
2357 4202 2485 4261 Ita-

220 4309 455 4368 eeeem3
525 4297 596 4348 ut
651 4290 770 4349 fuit
809 4288 1120 4368 Neptunus
1159 4291 1322 4349 inter
1405 4290 1567 4351 liam.
1667 4292 1838 4349 Unus
1869 4333 1886 4365 ,
1969 4289 2332 4363 Palinurue;
2409 4287 2485 4347 cs.

217 4378 447 4439 infesta
488 4375 704 4434 Troiae
760 4375 1024 4434 numina.
1078 4396 1133 4435 v.
1174 4375 1322 4436 ibid.
1406 4396 1553 4435 mox
1581 4396 1640 4436 v.
1671 4380 1797 4441 888
1823 4395 1930 4454 eq„
1959 4374 2123 4453 quod
2154 4372 2486 4452 epiaodium

216 4463 307 4530 84
339 4470 405 4521 et
430 4463 559 4528 313
590 4481 719 4540 sqq.
766 4457 868 4543 (cf.
895 4460 1045 4522 Aen.
1085 4460 1158 4537 11,
1195 4465 1319 4527 610
1405 4481 1573 4548 nnnc
1623 4460 1997 4542 praestruit5
2075 4458 2250 4522 idem.
2299 4480 2494 4522 unum.
