2882 5028
487 377 587 449 54
860 368 1197 461 DISQU.
1248 368 1327 442 11
1373 365 1512 443 DE
1565 366 1935 442 RERUM
1986 367 2094 442 IN
2155 366 2376 442 AEN.

488 557 780 633 Troiae
836 551 1234 630 excidium
1285 566 1473 654 post
1512 551 1837 629 Achillis
1872 549 2032 627 fata
2088 548 2578 649 differretur,
2637 575 2762 627 ne

489 660 752 736 omnis
806 658 1343 735 Troianorum
1400 657 1635 758 stirps
1701 681 1746 732 a
1797 656 2207 732 saeviente
2251 654 2391 731 illo
2445 655 2767 733 exscin-

390 810 407 829 ·
487 764 834 840 deretur.

691 934 904 1012 VIII.
963 929 1241 1008 Fuisse
1303 928 1549 1007 etiam
1611 934 1971 1009 somnium
2029 926 2355 1030 aliquod
2418 932 2767 1007 Aeneae

488 1037 981 1118 celebratum
1039 1058 1083 1111 a
1121 1030 1436 1130 multiS‚
1507 1057 1601 1111 ex
1640 1034 1798 1114 Cic.
1857 1032 1962 1109 de
2004 1033 2176 1111 Div.
2222 1035 2284 1128 1,
2337 1041 2436 1112 21
2497 1058 2765 1134 appa—

485 1154 642 1219 ret:
709 1146 884 1222 Sint
934 1145 1158 1234 haec,
1228 1153 1311 1216 ut
1350 1143 1553 1234 dixi,
1609 1143 1899 1216 somnia
1928 1141 2422 1238 fabularum,
2485 1143 2770 1237 hisque

488 1251 963 1346 adiungatur
997 1246 1225 1319 etiam
1250 1245 1573 1320 Aeneae
1621 1242 2062 1319 somnium:
2119 1246 2317 1341 quod
2357 1245 2433 1316 in
2467 1244 2765 1318 Nume-

487 1356 588 1427 rii
648 1353 860 1425 Fabii
917 1352 1252 1424 Pictoris
1315 1350 1636 1424 Graecis
1708 1350 2112 1423 annalibus
2176 1350 2532 1420 eiusmodi
2608 1361 2765 1438 est,

485 1465 580 1529 ut
622 1452 927 1546 omnia,
981 1474 1186 1551 quae
1236 1449 1334 1525 ab
1367 1454 1639 1526 Aenea
1678 1461 1894 1547 gesta
1943 1461 2164 1545 sunt,
2220 1472 2588 1549 quaeque
2632 1446 2761 1524 illi

489 1555 992 1653 acciderunt,
1058 1583 1152 1630 ea
1192 1556 1528 1655 suerint,
1604 1583 1796 1653 quae
1856 1558 1922 1628 ei
1981 1558 2379 1628 secundnm
2434 1559 2767 1651 quietem

426 1752 427 1755 Ἴ
486 1666 654 1738 visa
715 1674 902 1739 sunt.
1020 1662 1445 1736 Narratum
1504 1656 1741 1753 igitur
1799 1669 1965 1732 erat
2028 1653 2240 1757 apud
2300 1660 2534 1737 Num.
2596 1659 2756 1739 Fa—

488 1764 751 1860 bium,
817 1763 988 1864 qui,
1064 1760 1265 1836 dum
1321 1783 1605 1861 graece
1670 1760 2012 1862 scripsit,
2081 1763 2426 1835 Graecos
2470 1756 2761 1837 aucto-

486 1891 617 1945 res
667 1866 893 1968 sequi
932 1864 1233 1965 potuit,
1300 1866 1748 1960 somnium,
1814 1886 1978 1963 quo
2037 1859 2198 1938 sata
2243 1867 2563 1939 Aeneae
2614 1888 2759 1939 ex-

487 1982 990 2072 ponerentur
1037 1991 1188 2069 per
1244 1970 1603 2068 quietem
1649 1993 1743 2045 ex
1797 1966 2123 2062 ordine,
2197 1990 2404 2068 quae
2448 1964 2761 2045 deinde

494 2087 823 2153 eventus
862 2071 1434 2173 comprobavit.

693 2243 958 2321 Etiam
1011 2249 1406 2320 Penatium
1467 2244 1820 2335 monitus,
1891 2263 2096 2340 quos
2157 2262 2309 2341 per
2363 2263 2758 2319 somnum

492 2360 902 2447 acceperat
966 2353 1319 2444 AeneaS,
1385 2346 1679 2447 passim
1737 2342 1982 2421 fuisse
2015 2357 2573 2443 ,memoratoffi
2657 2371 2761 2423 ex

495 2450 744 2527 Servii
806 2449 990 2527 loco
1052 2451 1359 2528 discere
1420 2449 1606 2526 licet
1662 2446 1765 2525 ad
1820 2450 1972 2545 111,
2047 2457 2195 2530 148
2255 2452 2597 2527 Penates
2645 2497 2761 2510 —-

493 2584 676 2655 quos
734 2561 1043 2655 quidam
1091 2561 1384 2647 dicunt,
1443 2560 1612 2630 ideo
1668 2558 2011 2629 inductos
2081 2581 2133 2628 a
2178 2570 2408 2655 poeta
2452 2582 2764 2633 monere

478 2688 629 2759 per
670 2688 1036 2736 somnum.-
1102 2666 1383 2734 monitu
1418 2685 1599 2733 nam
1639 2683 1892 2733 eornm
1930 2685 2075 2760 per
2122 2665 2431 2756 quietem
2470 2666 2762 2736 iussum

493 2792 662 2840 cum
689 2768 962 2840 Latino
995 2768 1283 2864 foedus
1305 2767 1634 2862 secisse3
1681 2788 1934 2837 eorum
1973 2766 2197 2837 etiam
2226 2769 2503 2839 monitu
2531 2764 2759 2839 Lata·-

491 2896 665 2942 num
712 2872 1013 2944 Aeneae
1056 2895 1136 2943 se
1177 2871 1640 2943 coniunxisse
1689 2862 1924 2960 (haec
1974 2863 2256 2941 eadem
2307 2865 2520 2968 apud
2560 2867 2761 2942 Dio-

489 2992 654 3067 nyS.
708 2973 770 3068 I,
824 2975 924 3048 57
973 2977 1475 3068 occurrunt);
1545 2973 1840 3046 eosdem
1895 2974 2140 3044 tradit
2184 2974 2508 3068 (Varro)
2549 2977 2765 3047 visos

492 3079 931 3173 aliquotiens
992 3079 1068 3147 in
1118 3079 1427 3168 somnis,
1495 3079 1680 3172 quid
1705 3077 1903 3176 fieri
1947 3079 2250 3169 vellent,
2319 3080 2759 3174 imlverasse,

493 3205 726 3275 eaque
763 3193 1064 3253 nostros
1101 3182 1402 3277 publice
1465 3203 1775 3253 curasse
1831 3182 2175 3252 maiores.
2278 3178 2542 3253 Etiam
2596 3176 2762 3254 du·-

492 3280 965 3356 bitationem
1022 3292 1207 3382 post
1276 3278 1701 3380 appulsum
1759 3278 1863 3355 ad
1925 3283 2408 3357 Laurentem
2469 3304 2759 3380 agrum

496 3382 600 3460 de
646 3383 829 3459 loco
889 3408 1147 3460 novae
1190 3383 1411 3461 urbis
1460 3381 1851 3486 capiendo
1897 3383 2346 3460 secundum
2391 3385 2758 3462 nonnul-

495 3485 618 3562 los
674 3485 920 3563 oblati
967 3511 1117 3589 per
1166 3489 1524 3588 quietem
1573 3491 1895 3563 Aeneae
1961 3486 2071 3563 dii
2114 3488 2347 3589 patrii
2396 3486 2759 3566 direme-

492 3603 671 3666 rant
727 3616 850 3693 ap.
905 3592 1223 3688 Dionys,
1287 3593 1351 3687 1,
1404 3597 1528 3670 56.
1632 3590 2042 3690 Descripta
2101 3605 2182 3667 et
2247 3590 2447 3668 haec
2497 3618 2542 3670 e
2597 3594 2761 3672 Ca·-

492 3707 688 3771 tone
738 3696 820 3769 in
891 3693 1194 3792 origine
1264 3693 1521 3793 gentis
1575 3698 2029 3790 Romanae,
2215 3719 2346 3771 em
2415 3721 2515 3773 eo
2568 3709 2755 3773 toto

496 3797 680 3873 loco
753 3797 1176 3896 Dionysius
1234 3798 1630 3900 sequitur;
1712 3822 1903 3874 nam
1954 3800 2102 3874 toti
2166 3824 2296 3875 em
2338 3801 2602 3876 verbis
2656 3825 2757 3877 ex

496 3899 633 3976 illo
697 3899 905 3976 libro
976 3900 1349 4000 leguntur
1414 3902 1558 3977 ista
1625 3901 1840 4004 apud
1906 3905 2127 3981 Auct.
2196 3902 2300 3978 de
2352 3904 2451 3984 Ο.
2509 3909 2599 3984 G.
2651 3909 2753 3987 R.

498 4029 558 4083 e.
624 4014 720 4085 12
777 4017 960 4083 extr.
1340 4037 1345 4042 “

706 4178 832 4255 ΙΧ.
884 4177 1207 4253 Latinus
1252 4176 1503 4251 Fauni
1550 4176 1872 4252 oraculo
1923 4177 2279 4253 monitus
2321 4176 2607 4277 fuerat,
2659 4195 2756 4258 ut

494 4304 884 4378 generum
924 4279 1073 4356 sibi
1119 4291 1477 4355 sumeret
1522 4293 1981 4356 extraneum
2035 4280 2387 4382 aliquem
2436 4295 2519 4358 et
2565 4309 2751 4361 cum

499 4406 601 4460 eo
660 4406 1000 4484 regnum
1063 4385 1711 4462 communicaret.
1834 4385 1961 4460 Sic
2019 4385 2285 4484 Virgil.
2326 4391 2525 4468 Aen.
2581 4391 2755 4482 vn,
