2882 5028
605 345 1222 422 AENEIDOS
1273 349 1487 423 ΜΒ.
1544 349 1676 444 vl,
1733 352 2166 432 754—766

251 530 438 624 Ille,
493 529 751 627 videS‚
804 558 1001 632 pura
1031 532 1335 609 iuvenis
1373 536 1510 634 qui
1538 535 1814 611 nititur
1844 535 2083 628 hasta,

2368 362 2468 434 97
2473 365 2522 435 3

2367 552 2521 623 760

251 635 621 710 Proxima
658 649 874 710 sorte
900 647 1126 711 tenet
1157 637 1351 712 lucis
1380 637 1590 731 loca,
1638 641 1942 738 primus
1978 640 2076 716 ad
2107 665 2329 718 auras

249 737 665 814 Aetherias
697 738 893 815 ltalo
927 742 1366 815 conmixtus
1403 743 1785 839 sanguine
1820 758 2108 840 surget,

251 840 581 931 Silvius,
637 841 1408 937 Albanumnomen,
1464 859 1594 920 tua
1628 860 1994 944 postuma
2034 849 2348 947 proles:

252 949 521 1039 Quem
552 944 694 1020 tibi
725 945 1113 1043 longaevo
1148 972 1416 1024 serum
1443 949 1757 1024 Lavinia
1787 951 2131 1025 coniunx

245 1046 565 1123 Educet
594 1045 816 1123 silvis'
832 1051 1143 1146 regem,
1196 1033 1641 1151 regumque
1677 1067 2132 1153 parentem:

2361 1063 2515 1135 765

249 1150 490 1227 Unde
520 1174 774 1249 genus
803 1158 1074 1250 Longa
1102 1167 1469 1229 nostrum
1499 1155 2042 1231 dominabitur
2067 1155 2283 1236 Alba.

354 1297 531 1367 761.
582 1311 829 1385 L00A3

247 1548 472 1600 Dorvill.

244 1633 358 1668 nou
385 1617 539 1668 video
563 1619 688 1685 quid
714 1617 932 1686 intersit.

1041 1299 1212 1372 762.
1267 1313 1572 1367 sunem·
1628 1295 1702 1371 S.

389 1480 494 1534 760
526 1478 668 1547 Ille,
702 1479 888 1543 vides,
923 1489 1104 1549 potest
1127 1498 1336 1551 quoque
1362 1483 1548 1535 scribi:
1585 1483 1721 1550 Ille,
1757 1482 1949 1535 vides?
1976 1503 2035 1555 p.
2103 1487 2323 1537 iuvenis
2365 1505 2512 1555 pura

609 1551 712 1603 761
764 1550 878 1600 luci
913 1550 1092 1601 Heius.
1128 1550 1384 1615 malebat3
1450 1563 1508 1605 ut
1549 1553 1652 1618 sit,
1700 1553 1837 1609 vitae
1873 1571 1995 1604 mox
2034 1553 2139 1623 ipsi
2178 1555 2509 1617 reddendae;

1071 1622 1177 1688 762
1209 1622 1362 1673 Italo
1389 1625 1593 1675 mixtus
1618 1624 1688 1674 de
1724 1641 1766 1674 s.
1808 1622 2010 1691 antiqui
2046 1624 2199 1675 codd.
2247 1644 2332 1692 ap.
2371 1626 2511 1677 Pier.

244 1689 436 1757 surgit
459 1687 648 1738 Medic.
721 1689 798 1754 (ln
827 1689 928 1738 fine
955 1687 1106 1739 huius
1128 1707 1306 1744 versus
1334 1691 1725 1775 interp-ungitur
1751 1692 1804 1742 in
1828 1692 2096 1753 Medice03
2130 1704 2309 1754 recte;
2341 1695 2510 1745 maior

241 1755 374 1807 hinc
398 1754 709 1877 cdnciliaqzr
733 1758 928 1808 nomini
953 1757 1100 1808 Silvii
1117 1797 1130 1820 ,
1165 1777 1262 1827 per
1289 1762 1678 1828 appositionem
1704 1760 1912 1812 adiecto
1930 1798 1946 1824 ,
1981 1761 2211 1828 gravitas
2238 1781 2298 1814 ac
2327 1763 2507 1831 digni-

242 1835 360 1886 ἴδες
395 1824 620 1876 admissa

242 1898 523 1962 superiore
546 1906 822 1963 posuerat.
856 1895 911 1945 in
940 1913 1136 1947 comma
1169 1900 1571 1950 convertendum
1607 1899 1724 1951 fuit.
1779 1901 1864 1951 W
1858 1899 1923 1964 r.)

239 1964 384 2015 male
411 1963 663 2034 scriptum
697 1976 751 2016 et
774 1964 860 2015 hie
882 1964 937 2015 iu
966 1965 1239 2018 Gothauis.

239 2033 460 2085 morari.
600 2033 708 2088 764
748 2052 963 2086 servam
999 2036 1149 2088 Rom.

677 1837 816 1876 utem
842 1826 941 1878 hac
968 1826 1306 1879 distinctione
1331 1831 1616 1881 semicolon
1633 1869 1647 1891 ,
1683 1830 1822 1899 quod
1852 1831 2084 1898 Heyuius
2119 1842 2242 1898 post
2270 1833 2393 1884 loca
2424 1851 2503 1885 vs.

2061 1902 2165 1954 763
2213 1904 2508 1968 posthuma

1303 1972 1581 2036 postumia
1614 1971 1827 2030 Erana,
1865 1967 2061 2036 inepte.
2134 1969 2286 2036 Piget
2322 1970 2375 2020 in
2420 1971 2505 2022 his

1089 2099 1101 2111 .
1286 2037 1390 2091 765
1430 2038 1635 2089 Educit
1670 2037 1858 2088 Medic.
1933 2039 2143 2090 Educet
2179 2043 2238 2089 in
2282 2057 2326 2090 s.
2372 2038 2506 2092 alter

239 2103 436 2154 Hamb.
477 2113 531 2153 et
576 2104 739 2154 Goth.
778 2112 933 2165 tert„
982 2103 1121 2155 idem
1163 2123 1278 2156 cum
1312 2124 1391 2175 pr.
1429 2119 1742 2187 parentum.

1881 2107 1988 2160 766
2035 2120 2285 2158 nostrum
2333 2108 2505 2178 longa

238 2181 358 2223 tres
389 2172 567 2223 Heius.
603 2172 700 2240 (ita
725 2171 882 2223 etiam
911 2173 1131 2237 Medic„
1167 2177 1262 2226 sed
1304 2177 1470 2242 siguis
1509 2177 1766 2245 appictis,
1816 2194 1952 2246 quae
1993 2176 2204 2244 vulgato
2242 2177 2373 2230 haec
2407 2196 2502 2230 or-

239 2241 370 2292 dine
394 2240 618 2311 legeuda
646 2241 887 2293 doceant.
928 2245 1012 2294 W
1007 2242 1073 2310 r.)

239 2398 445 2476 epicae
499 2401 757 2478 poetices
801 2409 929 2458 tam
971 2400 1197 2479 ignari,
1259 2411 1334 2460 ut

237 2483 529 2545 historiae
577 2487 882 2545 Romanae
935 2506 1152 2568 corpus
1216 2488 1331 2547 ali-

240 2571 413 2650 quod
436 2573 498 2631 in
533 2592 601 2630 eo
630 2582 1004 2650 quaererent.

333 2662 689 2722 760—766.
712 2659 869 2717 Gens
891 2659 1036 2717 [ulia
1053 2658 1125 2716 ab
1146 2658 1329 2718 Asca-

241 2743 349 2802 nio
400 2763 505 2801 seu
555 2744 683 2801 lulo
743 2744 956 2815 ducta,
1020 2747 1121 2820 qui
1171 2746 1330 2824 patri

239 2829 530 2888 successit
562 2838 619 2887 et
648 2829 858 2888 Albam
891 2831 1143 2908 Longam
1175 2852 1329 2890 con-

241 2913 419 2973 didit.
464 2914 537 2972 cs.
582 2935 713 2993 sup.
762 2915 905 2976 Aen.
964 2915 1008 2988 Ι,
1054 2920 1179 2981 267
1221 2936 1328 2992 sq„

239 2999 352 3059 sed
410 3019 573 3078 reges
610 3001 820 3060 Albani
877 3023 911 3059 a
950 3000 1167 3076 Silvio,
1225 3002 1327 3078 qui

240 3106 325 3145 ex
354 3086 596 3145 Lavinia
627 3097 935 3163 postumus
962 3086 1190 3145 Aeneae
1216 3108 1330 3146 na-

240 3182 347 3231 tus
380 3178 521 3230 erat.
609 3172 774 3230 Haec
805 3184 896 3232 est
923 3174 1108 3247 sama,
1147 3193 1329 3245 quam

241 3257 308 3316 h.
337 3257 375 3316 l.
415 3267 588 3334 pocta
628 3259 915 3336 sequitur.
1003 3259 1118 3315 Alii
1151 3264 1331 3317 Asca-

240 3344 330 3403 nii
389 3342 578 3400 filium
641 3352 704 3402 et
760 3362 1157 3402 successorem
1208 3344 1328 3402 sil-

241 3432 412 3488 vium
457 3429 707 3489 faciunt.
808 3431 920 3489 Alii
971 3429 1144 3487 aliter
1195 3439 1328 3487 tra-

243 3515 420 3573 dunt.
453 3533 511 3572 v.
539 3516 665 3574 Liv.
699 3514 741 3588 Ι,
769 3518 828 3577 3.
914 3514 1120 3573 Victor
1149 3515 1219 3572 0.
1255 3516 1326 3573 G.

237 3601 316 3659 R.
360 3604 456 3663 16.
493 3604 589 3663 17.
626 3602 861 3679 Dionys.
897 3600 1088 3658 Halic.
1131 3600 1175 3672 I,
1222 3604 1325 3663 70.

241 3685 423 3744 Ovid.
470 3686 547 3744 [V
587 3684 746 3745 Fast.
787 3685 892 3755 40,
936 3694 995 3742 et
1029 3687 1197 3744 Serv.
1246 3685 1324 3743 ad

238 3770 305 3831 h.
357 3771 395 3831 l.
430 3772 587 3830 cons.
631 3773 772 3831 Exc.
816 3771 891 3830 ΙΙΙ
944 3770 1020 3829 ad
1065 3771 1166 3830 lib.
1212 3771 1323 3830 ΧΠ

239 3858 390 3919 Aen.
478 3857 738 3915 Fabulae
776 3856 850 3915 de
884 3856 1066 3915 silvio
1112 3856 1174 3914 in
1216 3856 1325 3913 sil-

239 3943 338 4003 vis
362 3942 583 4002 educto
617 3945 813 4002 locum
842 3943 1043 4001 secisse
1081 3941 1326 4000 videtur

240 4047 463 4089 nomen
527 4030 770 4108 ipsum,
831 4028 922 4086 uti
978 4027 1193 4087 sabulis
1251 4026 1327 4085 de

235 4116 502 4175 Romulo
533 4124 594 4173 et
627 4117 808 4173 Remo
839 4115 987 4173 ficus
1032 4113 1326 4173 Rumina-

236 4202 314 4260 lis
356 4211 419 4259 et
463 4201 792 4260 similitudo
834 4200 997 4258 vocis
1044 4195 1320 4272 ramirus,

233 4286 359 4346 hoc
383 4296 504 4359 est,
546 4305 852 4345 mammae.
924 4284 1168 4343 hastam
1195 4306 1328 4361 pu-

229 4393 406 4447 rant,
440 4370 586 4453 δὸρυ
615 4366 938 4454 ἀσίδηρον,
970 4370 1128 4431 idem
1158 4369 1323 4450 quod

1416 2402 1854 2479 antiquioribus
1898 2413 2201 2483 sceptrum
2220 2447 2238 2478 ,
2294 2423 2504 2481 regum

1416 2495 1478 2546 et
1519 2485 1775 2549 heroum
1813 2479 2039 2568 insigne
2093 2491 2189 2549 vel
2241 2508 2318 2547 ex
2368 2490 2503 2549 Ho-

1416 2593 1582 2632 mero
1626 2583 1859 2634 notum.
1920 2576 1991 2634 cs.
2039 2575 2249 2634 Cerda.
2324 2574 2504 2655 (lucis

1414 2660 1551 2718 loca
1590 2703 1606 2733 ,
1683 2660 1806 2720 vid.
1869 2660 2003 2720 Not.
2075 2660 2154 2718 ad
2210 2680 2296 2719 vs.
2353 2665 2502 2726 832.

1421 2745 1583 2826 Wr.)
1669 2746 1980 2803 Albanum
2021 2766 2236 2802 nomen
2266 2789 2282 2817 ,
2342 2744 2403 2804 h.
2450 2764 2501 2805 e.

1413 2830 1718 2904 Albanus,
1791 2830 1978 2889 Albae
2069 2831 2300 2908 Longae
2369 2850 2500 2890 rex.

1412 2915 1535 2973 Nec
1590 2916 1742 2973 male
1812 2925 2011 2976 tamen
2072 2916 2157 2973 sic
2213 2915 2499 2994 accipiam

1412 3001 1653 3060 nomine
1697 3002 1857 3060 inter
1901 3000 2161 3060 Albanos
2208 3000 2502 3060 domesti—

1414 3107 1486 3145 co
1522 3086 1852 3166 appellatus
1877 3087 2114 3146 Silvius.
2201 3089 2340 3159 Quo
2380 3086 2501 3147 du-

1414 3192 1549 3231 cere
1598 3183 1795 3251 potest
1842 3172 2045 3231 Livius
2092 3171 2236 3231 ibid.
2274 3177 2501 3230 mansit

1415 3258 1646 3316 Silvius
1688 3270 1906 3334 postea
1953 3255 2222 3315 omnibus
2269 3278 2499 3335 cogno-

1413 3364 1550 3400 men
1575 3385 1594 3415 ,
1680 3346 1788 3421 qui
1868 3342 2068 3400 Albae
2143 3356 2491 3420 regnarunt.

1413 3427 1694 3505 Argutias
1752 3436 1902 3487 vett.
1954 3428 2499 3488 Grammaticorum

1412 3532 1592 3591 super
1628 3525 1911 3588 postuma
1945 3515 2144 3590 proles
2174 3513 2297 3574 vid.
2336 3515 2500 3594 apud

1412 3599 1560 3657 Gell.
1587 3598 1656 3656 Π.
1692 3603 1770 3662 16
1801 3608 1862 3657 et
1888 3599 2159 3661 Cerdam.
2251 3600 2379 3658 Alia
2409 3609 2501 3659 est

1410 3683 1710 3743 subtilitas
1743 3684 1933 3743 Servii
1965 3695 2026 3743 et
2056 3693 2392 3744 ceterorum
2433 3686 2498 3744 in

1408 3771 1705 3847 longaevo
1737 3813 1755 3844 ,
1839 3770 1979 3846 quia
2047 3769 2272 3829 Aeneas
2328 3770 2498 3829 annis

1408 3854 1691 3913 fatalibus
1720 3856 1991 3916 nondum
2021 3856 2274 3934 expletis
2300 3855 2496 3934 periit,

1412 3959 1538 3998 esse
1591 3939 1808 3999 debere
1883 3941 2113 4001 dictum
2179 3961 2289 4019 pro
2357 3940 2490 4014 deo,

1412 4026 1582 4086 cuius
1628 4046 1874 4102 aevum,
1930 4023 1993 4085 h.
2049 4045 2099 4089 e.
2157 4025 2495 4100 aeternitas,

1409 4111 1725 4192 proprium
1764 4112 1856 4171 sit.
1942 4112 2262 4171 Enimvero
2296 4121 2498 4203 potest

1410 4197 1624 4277 aliquis
1663 4217 1846 4256 senex
1884 4216 2007 4256 esse
2046 4206 2107 4255 et
2153 4196 2273 4255 iam
2312 4215 2496 4259 senex

1408 4284 1605 4343 sactus
1644 4284 1864 4342 liberos
1913 4282 2242 4361 suscipere,
2297 4292 2354 4341 et
2394 4303 2494 4343 se·-

1406 4389 1531 4430 nex
1560 4368 1817 4431 violenta
1844 4375 2042 4427 morte
2069 4366 2282 4447 perire.
