2882 5028
495 379 648 453 916
970 376 1053 452 P.
1108 373 1633 453 VIRGILII
1687 375 2240 457 MARONIS

494 563 566 638 lt
641 584 914 637 comes
947 619 969 656 ‚
1078 573 1158 636 et
1221 561 1528 637 iuvenis
1600 562 2012 663 quondam
2043 622 2068 660 ‚
2146 586 2354 642 nunc
2414 562 2694 662 semina,

1663 666 2052 764 CaeneuS,

495 768 796 846 Rursus
826 780 905 844 et
932 766 1016 840 in
1050 779 1406 843 veterem
1439 764 1605 844 sato
1642 769 2007 846 revoluta
2037 768 2388 868 figuram.

595 874 817 947 Inter
851 894 1043 971 quas
1067 869 1507 947 Phoenissa
1538 896 1897 964 recensa
1918 873 2244 951 volnere
2276 871 2482 951 Dido
2576 879 2695 952 450

597 996 769 1073 448.
827 993 1121 1070 Cunus

632 1131 738 1187 448
771 1135 875 1183 Bae
898 1149 944 1183 c.
979 1130 1144 1183 Goth.
1172 1139 1296 1183 tert.
1366 1134 1613 1184 Gemens
1635 1131 1795 1200 vulgo
1821 1129 2031 1184 lectum.
2099 1130 2340 1183 Dubitari
2365 1130 2559 1200 nequit,
2587 1132 2691 1178 Osa*

493 1202 584 1253 nis
610 1219 639 1251 a
668 1210 827 1269 poeta
846 1200 1099 1270 scriptum
1124 1201 1318 1253 fuisse.
1352 1201 1497 1270 quod
1519 1213 1574 1253 et
1601 1201 1846 1253 Heinsius
1877 1198 2132 1253 coniecit:
2164 1195 2201 1268 ἡ
2234 1202 2449 1262 Καινίς.
2496 1201 2559 1251 cf.
2583 1200 2689 1248 Vah

493 1269 666 1339 heyck
693 1271 760 1321 ad
788 1272 1032 1322 Antonin.
1061 1269 1180 1322 Lib.
1208 1289 1251 1322 c.
1285 1273 1350 1325 17
1378 1290 1430 1340 p.
1465 1273 1568 1325 114
1593 1290 1673 1340 sq.
1745 1271 1943 1323 Firmat
1968 1271 2023 1322 id
2060 1287 2269 1339 quoque
2313 1268 2520 1321 Ausonii
2552 1267 2689 1318 imita-

493 1339 572 1391 tio
598 1339 653 1390 in
681 1340 865 1409 Cupid.
897 1340 1074 1391 crucif.
1100 1342 1171 1394 20
1206 1341 1381 1391 Irrita
1409 1340 1558 1392 dona
1586 1359 1846 1410 querens,
1884 1359 2018 1392 sexu
2049 1343 2256 1421 gavisa
2297 1341 2473 1401 virili,
2521 1341 2690 1389 Μαῖα

491 1411 551 1460 in
582 1411 863 1479 antiquum
895 1411 1087 1461 Caenis
1114 1410 1667 1479 revocmafiguram5
1705 1410 1805 1461 etsi
1845 1420 1899 1461 et
1935 1410 2011 1460 ibi
2047 1426 2102 1460 m
2141 1408 2321 1460 multis
2358 1413 2592 1459 Caeneus.
2645 1406 2687 1454 In

491 1478 788 1530 nominibus
815 1478 1046 1548 propriis
1063 1518 1077 1542 ‚
1110 1478 1346 1547 inprimis
1372 1497 1434 1529 ex
1468 1479 1670 1531 Graeco
1698 1480 1869 1531 ductis
1886 1518 1902 1544 ‚
1942 1478 2162 1530 rationis
2190 1478 2542 1546 grammaticae
2565 1475 2688 1525 maior

492 1548 775 1600 auctoritas
803 1567 956 1617 quam
977 1549 1077 1600 scri
1121 1560 1289 1599 torum
1315 1565 1412 1616 per
1440 1547 1776 1600 librariorum
1803 1558 2069 1615 stuporem
2087 1548 2470 1617 inquinatorum
2485 1543 2685 1596 habendi.

492 1618 912 1699 §commendatur
941 1617 1041 1668 iam
1082 1566 1213 1669 {aec
1255 1617 1587 1682 emendatiO,
1635 1619 1701 1669 ab
1749 1618 1986 1669 omnibus
2024 1617 2409 1669 recentioribus
2452 1613 2686 1668 editoribus

490 1704 545 1739 su
571 1688 809 1739 ordinem
836 1697 1082 1755 recepta,
1117 1704 1215 1756 per
1235 1687 1467 1739 Servium
1501 1688 1715 1750 Dresd.‚
1751 1687 1804 1737 in
1850 1705 1952 1756 quo
1989 1704 2148 1754 supra
2189 1686 2411 1738 alteram
2451 1704 2551 1736 voc.
2586 1687 2685 1733 eae·

489 1774 629 1807 neus
665 1756 919 1825 syllabam
961 1758 983 1808 i
1022 1765 1102 1807 est
1143 1755 1372 1825 scripta,
1431 1773 1535 1825 quo
1581 1756 1865 1824 significari
1901 1755 2137 1820 videtur,
2188 1765 2247 1806 ut
2292 1757 2480 1807 Caenis
2515 1755 2683 1820 legatur.

488 1825 593 1878 Sed
622 1843 687 1877 ue
716 1827 846 1878 haec
875 1825 1082 1895 quidem
1108 1825 1421 1889 auctoritas,
1456 1844 1571 1877 cum
1596 1826 1851 1878 librorum
1879 1844 2001 1877 mss.
2044 1825 2276 1876 omnium
2320 1825 2540 1895 pondere
2576 1838 2682 1874 com·

489 1905 709 1962 parata,
745 1905 948 1947 tantum
975 1896 1226 1947 momenti
1255 1894 1450 1959 habet,
1484 1906 1542 1946 ut
1585 1898 1777 1946 Caenis
1811 1894 2087 1963 Virgilium
2122 1894 2402 1964 scripsisse
2445 1902 2682 1945 statuamus

488 1964 679 2034 Atqui,
711 1965 787 2017 ait
809 1964 1123 2029 Brunckius,
1160 1971 1403 2016 Caeneus
1429 1965 1687 2017 revoluta
1723 1964 1909 2016 foedus
1948 1975 2026 2015 est
2054 1963 2415 2016 soloecismus.
2480 1962 2569 2014 Sed
2597 1957 2681 2026 quit

488 2044 666 2097 vetat,
726 2053 794 2086 ne
841 2035 1111 2103 iungamus
1167 2037 1383 2086 iuvenis
1436 2037 1710 2098 Caeneus,
1745 2032 1967 2154 [femina
2006 2033 2299 2096 revolutam
2344 2051 2459 2085 num
2497 2036 2682 2083 Caeneus

489 2119 646 2172 quum
674 2121 771 2172 per
798 2104 1182 2173 appositionem
1207 2104 1467 2156 adiectum
1493 2102 1593 2168 sit,
1629 2103 1742 2154 nihi
1803 2102 2100 2163 referebat,
2141 2114 2317 2154 utrum
2357 2114 2473 2171 post
2502 2098 2681 2156 invenie,

484 2189 553 2225 nn
580 2184 703 2241 post
770 2176 946 2224 emae’na
986 2184 1289 2240 poneretur.
1358 2171 1484 2225 Non
1521 2172 1754 2224 offendet
1794 2182 1968 2224 autem
2005 2172 2296 2236 revoluta,
2342 2189 2494 2239 genus
2531 2168 2584 2219 sd
2605 2162 2679 2245 sf-

487 2243 634 2292 mina
660 2258 720 2292 re
743 2251 916 2306 ntum,
950 2260 1103 2311 quum
1129 2244 1182 2292 in
1217 2244 1317 2293 hoc
1346 2242 1586 2307 nomine,
1623 2241 1804 2293 nonin
1837 2246 2106 2302 Caeneus,
2153 2241 2438 2311 praecipua
2470 2239 2576 2290 insit
2610 2251 2677 2309 ως

485 2311 600 2361 Nec
627 2309 702 2360 ita
725 2328 841 2361 rara
880 2323 995 2361 sunt
1024 2312 1255 2392 exempla
1288 2310 1559 2378 participii
1586 2311 1670 2362 vel
1698 2310 1941 2362 adiectivi
1990 2311 2056 2361 ad
2095 2311 2404 2362 remotioris
2433 2303 2676 2360 substantio

485 2395 648 2445 genus
675 2379 1080 2440 accommodati3
1131 2381 1234 2430 vid.
1267 2382 1438 2432 Burm.
1465 2380 1535 2432 ad
1562 2381 1753 2432 Lucan.
1782 2382 1822 2440 1,
1852 2383 1971 2435 176.
1999 2389 2054 2430 et
2086 2379 2155 2430 ad
2182 2384 2402 2432 Sueton-
2427 2386 2540 2444 Aug.
2563 2372 2675 2425 065¹

486 2458 618 2499 extr.
645 2449 789 2500 Cort.
825 2449 893 2500 ad
921 2449 1054 2500 Plio.
1090 2449 1255 2519 Epist.
1285 2452 1351 2513 V,
1380 2452 1461 2503 19.
1487 2450 1557 2501 ad
1584 2450 1688 2501 Cic.
1728 2450 1897 2520 Epist.
1936 2450 2005 2500 ad
2042 2449 2190 2499 Fam.
2237 2452 2304 2512 V,
2338 2453 2424 2513 21,
2461 2453 2531 2501 14.
2561 2455 2603 2494 et
2627 2439 2676 2489 *ἃ

483 2520 677 2570 Lucan.
705 2518 741 2569 l.
770 2519 808 2570 l.
835 2518 1170 2588 Oudendorp.
1196 2520 1264 2572 ad
1293 2524 1511 2573 Sueton.
1537 2520 1633 2572 lul.
1663 2539 1708 2572 c.
1736 2523 1821 2576 56.
1851 2519 2012 2572 Mich.
2041 2518 2357 2588 Heusinger.
2397 2519 2458 2571 sd
2490 2517 2575 2567 Cic.
2603 2507 2673 2561 Off·

483 2590 525 2652 1,
555 2590 639 2643 23.
675 2588 830 2641 Conr.
859 2589 1164 2656 Heusinger.
1196 2590 1423 2644 Praefat.
1451 2589 1518 2640 ad
1547 2590 1652 2641 Cic.
1680 2589 1779 2641 Off.
1816 2606 1871 2659 p.
1918 2589 2242 2640 XXXXVI.
2316 2595 2383 2641 At
2419 2605 2536 2639 nova
2571 2581 2672 2633 obo-

484 2659 618 2710 ritur
654 2658 965 2720 dii'ficulta23
1012 2676 1131 2709 unm
1169 2658 1475 2721 invenis,
1520 2658 1556 2710 i.
1600 2677 1647 2710 e.
1703 2659 2050 2722 Caeneus,
2093 2658 2388 2709 revolvitur
2421 2659 2471 2708 in
2503 2664 2672 2726 vetem}

483 2728 699 2795 figuram
718 2766 733 2793 ,
773 2745 875 2779 non
906 2728 1180 2780 femina.
1249 2730 1354 2791 Ita,
1389 2727 1436 2779 si
1470 2728 1633 2779 semel
1665 2729 1875 2780 soloeca
1905 2737 1986 2778 est
2017 2728 2224 2790 oratio,
2273 2728 2477 2779 soloeca
2499 2720 2671 2774 manebss

484 2799 676 2862 etiem,
707 2799 755 2849 si
787 2802 983 2850 Caenis
1005 2797 1170 2865 legas.
1240 2798 1347 2849 Sed
1373 2798 1707 2865 participium
1758 2813 1862 2848 uon
1905 2813 2111 2866 semper
2157 2798 2229 2848 ad
2269 2798 2513 2849 actionem
2542 2790 2668 2844 refer·

482 2877 601 2931 tur,
635 2885 797 2937 saepe
830 2867 986 2918 etiam
1012 2867 1082 2920 ad
1111 2867 1470 2919 condicionem
1491 2904 1507 2931 ,
1540 2885 1672 2936 quae
1705 2884 1769 2918 ex
1794 2865 2004 2918 actione
2029 2865 2205 2934 aliqua
2241 2868 2433 2928 oritur3
2473 2865 2561 2915 iam
2592 2860 2663 2926 ipfl

480 2937 716 2989 mutandi
740 2937 879 2989 actio
904 2936 1138 3006 pertinet
1160 2936 1226 2987 ad
1248 2937 1505 2988 Caeneum
1523 2975 1537 2999 ‚
1573 2937 1763 3000 virum,
1815 2935 1851 2987 i.
1891 2952 1940 2989 e.
1984 2953 2094 2987 rev
2112 2935 2317 2987 olutu
2333 2953 2359 2987 s
2399 2946 2472 2987 est
2496 2933 2540 2982 iu
2560 2937 2663 2979 vete·

481 3023 594 3057 rem
621 3006 865 3073 figuram,
900 3006 1137 3057 condicio
1163 3006 1287 3057 inde
1312 3015 1592 3058 consecuta
1611 3008 1680 3057 ad
1703 3006 1925 3069 Caenia,
1959 3005 2205 3056 feminam
2222 3045 2238 3070 ,
2272 3006 2309 3058 i.
2340 3024 2384 3057 e.
2409 2999 2665 3055 revoluta

483 3083 582 3126 est.
650 3078 794 3128 Haec
836 3075 883 3127 si
921 3077 1005 3128 cui
1047 3075 1189 3127 forte
1236 3075 1468 3142 argutius
1514 3075 1595 3126 dis
1637 3085 1782 3127 ntata
1818 3075 2168 3139 videbuntur,
2214 3093 2333 3127 eum
2373 3060 2665 3142 remitum-,³

480 3144 724 3197 Ruddim.
750 3147 875 3197 lust.
905 3146 996 3196 Gr.
1018 3145 1133 3196 Lat.
1165 3144 1287 3196 Vol.
1308 3146 1373 3195 11.
1399 3163 1451 3213 p.
1475 3147 1527 3199 5.
1555 3162 1585 3195 e
1624 3145 1680 3196 it.
1704 3145 1868 3213 Lips.‚
1904 3154 1990 3209 et,
2035 3143 2082 3195 si
2161 3145 2241 3195 uis
2274 3147 2468 3197 Graeca
2491 3135 2666 3207 requng

479 3214 550 3265 ad
576 3214 835 3266 Matthiae
862 3216 955 3266 Gr.
988 3217 1175 3266 Graec.
1197 3215 1243 3282 §.
1274 3212 1396 3269 440.
1423 3224 1481 3265 et
1508 3230 1640 3282 quos
1667 3214 1758 3265 ille
1786 3213 1998 3279 laudat,
2050 3231 2116 3264 un
2160 3232 2189 3264 e
2215 3213 2348 3266 disci
2375 3220 2562 3283 potest,
2587 3204 2668 3281 fiqss

478 3282 769 3349 interdum,
803 3293 860 3335 ut
887 3283 1222 3354 participium
1251 3301 1358 3335 nou
1382 3283 1636 3348 subiecti,
1670 3285 1763 3335 sed
1790 3282 2077 3352 praedicati
2109 3301 2278 3350 genus
2316 3292 2550 3351 sequatur.
2604 3275 2666 3323 8¹·

480 3352 616 3404 milis
643 3354 778 3405 ratio
808 3354 1129 3422 conspicitur
1151 3353 1207 3404 in
1237 3353 1533 3406 Verborum
1558 3354 1818 3404 Numero:
1866 3352 1958 3404 Sil.
1984 3353 2101 3404 Ital.
2132 3354 2231 3411 xl.
2264 3353 2375 3406 25.:
2420 3352 2541 3413 „lam
2575 3353 2665 3391 *ΕΟ

478 3423 693 3473 Eridani
719 3423 1085 3474 tumidissimus
1110 3422 1315 3487 accola,
1360 3422 1632 3486 Celtae,
1671 3425 1738 3473 Iu
1758 3423 2142 3484 cubuere;“
2194 3422 2380 3473 Celtae
2407 3420 2553 3476 euim.
2590 3424 2665 3461 ¹⁰⁹

480 3492 697 3556 accola,
734 3509 831 3559 pro
866 3493 1109 3561 apposito
1148 3491 1463 3544 habendum.
1531 3493 1767 3561 Denique
1807 3491 1985 3556 vides,
2033 3508 2142 3544 non
2176 3490 2495 3542 intercedere
2525 3487 2664 3558 insu·

478 3561 619 3612 inter
645 3561 750 3612 inv
770 3579 890 3614 ene
909 3581 993 3626 m,
1026 3562 1168 3631 quod
1193 3578 1381 3613 nomen
1407 3561 1627 3612 alterum
1653 3580 1831 3613 sexum
1859 3560 2070 3613 minime
2106 3560 2364 3623 excludit,
2411 3568 2460 3609 et
2505 3555 2663 3606 fem-

479 3646 627 3681 nam
658 3630 1077 3700 oppositionem3
1112 3630 1193 3682 illi
1218 3630 1534 3682 contrarium
1560 3641 1642 3682 est
1672 3634 1860 3701 virgo,
1897 3631 2018 3683 huic
2061 3633 2180 3689 m'r3
2219 3646 2404 3699 quare,
2453 3636 2501 3676 ut
2534 3640 2588 3690 op

480 3697 684 3751 sitionis
721 3698 857 3751 ratio
899 3710 1194 3764 constaret,
1248 3700 1545 3751 addendum
1585 3712 1693 3752 erat
1731 3701 1798 3751 ad
1841 3702 2088 3764 iuvenis,
2140 3709 2197 3749 ut
2244 3707 2382 3750 esset
2422 3690 2450 3748 ὁ
2487 3633 2662 3759 &mg

480 3773 755 3831 Caene-un
808 3769 952 3838 quod
992 3771 1095 3820 iam
1147 3770 1371 3821 restitui.
1443 3770 1659 3822 Ausonii
1704 3769 2047 3821 imitationem
2090 3768 2221 3821 nihil
2265 3767 2511 3836 probare,
2550 3753 2661 3810 5⁰3²

477 3849 718 3907 apparet.
783 3840 1025 3890 Ceterum
1051 3840 1261 3892 Wakef.
1291 3839 1366 3891 ita
1391 3838 1695 3908 distinguit:
1727 3858 1876 3891 nunc
1889 3838 2105 3910 semina
2130 3840 2324 3890 Caenis
2350 3841 2575 3892 Rursus,
2602 3838 2659 3879 αὖ

478 3911 713 3977 sequitur
743 3909 847 3962 hoc
873 3909 1108 3971 Iahnius3
1159 3909 1370 3977 vulgata
1392 3909 1743 3978 interpunctio
1785 3909 2025 3967 ,firmatur
2067 3928 2098 3960 a
2134 3907 2399 3969 Medica»,
2443 3904 2657 3953 revocom

477 3978 714 4030 codicum
739 3978 957 4031 lectioni
987 3996 1198 4047 prorsus
1221 3978 1554 4035 conveniens.
1593 3979 1742 4046 Wr.)
1880 3977 1984 4033 449
2007 3977 2130 4049 fati
2166 3974 2376 4028 Mentel.
2405 3991 2481 4044 pr.
2540 3979 2655 4019 ten·

477 4059 607 4101 cata
627 4051 779 4101 Rom.
917 4050 1023 4103 450
1058 4047 1127 4101 ab
1156 4047 1383 4100 vulnere
1406 4049 1555 4100 Leid.
1578 4065 1726 4100 unus.

477 4179 600 4245 est3
643 4181 705 4231 et
743 4172 820 4232 de
846 4173 1075 4231 Caeneo
1111 4171 1235 4231 vid.
1264 4171 1406 4231 Met.
1445 4172 1563 4232 XII
1643 4191 1880 4233 necesse
1927 4193 2051 4232 non
2094 4180 2224 4246 est,
2268 4167 2373 4228 etsi
2427 4148 2654 4241 στυγερῦ

478 4256 659 4316 ovid.
710 4279 764 4318 v.
819 4261 935 4323 171
985 4279 1113 4336 sqq.
1200 4255 1346 4323 445.
1390 4280 1562 4317 mae-
1645 4278 1717 4318 eo
1759 4278 1940 4318 sensu
1989 4259 2132 4339 poni
2170 4275 2341 4315 nemo
2381 4249 2530 4309 sscile
2567 4242 2652 4298 dn·

475 4353 670 4416 stam,
721 4353 791 4402 ut
814 4343 989 4404 Hom.
1027 4340 1350 4425 στυγερήν,
1404 4342 1469 4403 h.
1508 4363 1559 4403 e.
1644 4344 1811 4404 bitet.
2553 4414 2563 4422 ‚

475 4423 739 4507 μισητήν
767 4471 784 4503 ,
864 4429 1201 4509 exprimere
1278 4429 1558 4507 voluerit,
1729 4428 1857 4496 450
1883 4451 2010 4509 sqq.
2054 4425 2386 4508 Episodium
2414 4418 2480 4478 de
2510 4407 2649 4472 Dide·
