2882 5028
449 401 599 508 596

925 394 1008 466 P.
1073 331 2205 464 VIRGILIfMARoMs

453 582 719 665 Credo
772 574 1191 679 equidem,
1241 595 1395 648 nec
1444 593 1641 646 vana
1698 563 1942 663 fides,
1993 587 2245 664 genus
2294 582 2463 637 esse
2493 549 2695 638 deo-,-

1606 695 1788 745 rum

450 797 906 885 Degeneres
952 779 1262 857 animos
1310 777 1557 852 timor
1602 774 1869 873 arguit.
1968 771 2190 860 Heu,
2246 765 2534 867 quibus
2562 760 2698 838 ille

453 897 786 971 Iactatus
813 884 1025 961 fatis!
1080 906 1285 983 quae
1315 879 1528 957 bella
1562 877 1926 954 exhausta
1969 869 2337 947 canebat!

457 997 538 1070 Si
567 991 767 1070 mihi
799 1012 966 1065 non
997 987 1265 1062 animo
1300 982 1547 1058 fixum
1576 982 2141 1077 inmotumque
2173 972 2513 1067 sederet,
2602 974 2702 1050 15

450 1102 573 1176 Ne
615 1096 738 1172 cui
771 1116 909 1168 me
939 1090 1199 1166 vinclo
1229 1087 1519 1163 vellem
1555 1085 1853 1159 sociare
1892 1078 2146 1177 iugali,

453 1207 886 1300 Postquam
921 1195 1223 1296 primus
1252 1214 1480 1267 amor
1508 1188 1924 1288 deceptam
1946 1194 2214 1259 morte
2246 1174 2570 1254 fefellit:

349 1327 353 1332 ·
458 1305 539 1380 Si
572 1326 740 1378 non
774 1312 1228 1400 pertaesum
1264 1293 1587 1369 thalami
1615 1288 2055 1388 taedaeque
2089 1283 2401 1361 suisset:

453 1408 654 1484 Huic
688 1404 827 1480 uni
860 1399 1130 1477 forsan
1159 1400 1385 1499 potui
1411 1394 1932 1472 succumbere
1966 1388 2264 1488 culpae.

457 1515 723 1603 Anna,
775 1504 1092 1582 fatebor
1121 1499 1374 1597 enim,
1423 1498 1695 1575 miseri
1724 1509 1908 1598 post
1930 1492 2085 1568 fata
2120 1475 2448 1588 Sychaei

2600 1494 2712 1564 20

457 1610 866 1708 coniugis,
923 1621 1002 1683 et
1033 1628 1343 1708 sparsos
1369 1602 1718 1679 fraterna
1749 1597 1991 1675 caede
2022 1593 2361 1688 Penatis,

440 1798 594 1872 forti
624 1811 843 1870 pectore
875 1809 931 1850 ee
966 1797 1149 1849 atmis.
1201 1793 1371 1915 (quasi
1409 1812 1565 1864 quem
1593 1789 1743 1863 sorti
1774 1799 1999 1861 pectore
2034 1803 2094 1837 se
2115 1781 2333 1854 feren
2352 1798 2381 1831 s
2419 1776 2525 1829 dici
2553 1788 2713 1831 recte

454 1869 662 1991 §oniti
726 1867 867 1934 W'r.)
937 1868 1138 1918 Tamen
1178 1884 1243 1917 ve

1303 1864 1378 1916 sic
1426 1861 1715 1931 elegantius
1760 1859 2055 1926 legeretur,
2089 1849 2239 1923 qu'am
2268 1851 2323 1901 in
2366 1848 2521 1901 codd.
2551 1849 2714 1900 Leid.

510 1938 711 1991 otteud.
748 1954 826 2005 pr.
869 1935 1056 1987 Humb.
1098 1953 1179 2016 pr.
1223 1943 1279 1986 et
1323 1936 1454 2000 Reg.
1491 1951 1523 1983 a
1558 1949 1625 1983 m.
1657 1948 1737 2000 pr.
1765 1946 1878 1979 cum
1905 1925 2063 1977 Goth.
2092 1941 2195 1975 sec.
2221 1939 2250 1973 a
2284 1938 2353 1971 m.
2387 1935 2470 1987 pr.
2539 1937 2715 1987 quam

443 2006 620 2079 sortis
658 2018 884 2078 pectore
918 2017 972 2056 et
1007 2021 1191 2056 amus.
1245 2001 1469 2072 (recepit
1509 2010 1684 2052 tamen
1726 1999 1831 2049 hoc
1872 1995 2087 2048 waher.
2140 1993 2224 2045 W
2218 1992 2284 2057 r.)

456 2076 591 2129 Gud.
615 2093 645 2126 a
670 2092 751 2142 pr.
776 2092 843 2124 m.
868 2073 988 2125 vide
1017 2073 1111 2124 lib.
1147 2074 1236 2134 vl,
1273 2073 1393 2126 849.
1429 2069 1587 2140 (adde
1615 2070 1681 2132 n,
1717 2066 1839 2122 704.
1872 2067 1963 2129 111,
2002 2066 2125 2117 315.
2167 2057 2315 2122 Wr.)

2430 1989 2496 2041 12
2532 1989 2716 2039 Crede

2458 2055 2525 2110 14
2559 2055 2718 2108 beHa

457 2156 651 2198 exacta
676 2142 891 2194 Oudart.
918 2147 952 2194 S
992 2151 1097 2194 rot.
1126 2150 1182 2192 et
1206 2141 1370 2194 Goth.
1395 2149 1519 2192 tert.
1554 2138 1782 2190 sollenni
1807 2134 2114 2187 variatione.
2182 2126 2404 2181 tenebat
2434 2125 2603 2178 Goth.
2626 2144 2715 2194 pr.

457 2217 524 2269 15
557 2216 808 2266 innatum
846 2214 921 2264 W
995 2249 1009 2263 .
1050 2229 1081 2262 a
1120 2229 1188 2262 m.
1229 2228 1327 2279 pr..
1382 2209 1536 2260 male.

455 2284 648 2335 Venet.
717 2280 910 2331 vellem
950 2281 1092 2332 lecto
1128 2296 1173 2330 s.
1219 2283 1255 2331 i.
1300 2278 1466 2331 wall.

456 2352 597 2421 quod
623 2348 727 2419 ipsi
756 2349 1041 2417 elegantiae
1073 2348 1216 2417 quid,
1246 2366 1430 2417 parum
1458 2345 1795 2410 intellectae,

1556 2417 1623 2470 18
1649 2413 1897 2486 fuissent
1938 2410 2129 2462 Medic.
2166 2424 2281 2459 cum
2316 2415 2522 2474 septem
2575 2413 2714 2454 vett.

457 2488 607 2543 libris
620 2508 640 2557 ς,
668 2497 868 2539 temere
893 2496 1084 2539 tamen.
1141 2486 1376 2557 fuissem
1398 2505 1428 2538 a
1455 2503 1537 2557 pr.
1564 2503 1632 2537 m.
1664 2484 1847 2551 fragm.
1873 2480 2046 2533 Vatic.

456 2438 527 2472 ιιιι
558 2427 698 2471 esset
724 2418 790 2469 ab
823 2419 877 2469 h.
915 2418 954 2469 l.
995 2417 1116 2471 vide
1140 2420 1412 2468 Burmann.

458 2561 559 2612 uni
586 2577 651 2610 ex
672 2557 960 2626 Augustino
985 2556 1255 2622 laudatur,
1301 2567 1357 2607 et
1379 2556 1456 2608 sic
1484 2555 1646 2607 Goth.
1678 2571 1783 2604 sec.

1679 2208 1743 2261 16
1777 2207 1895 2258 Nec
1943 2204 2048 2254 duo
2088 2199 2235 2251 editi.
2302 2196 2497 2247 vellem
2522 2196 2718 2247 vindo

1609 2278 1673 2332 17
1709 2275 1837 2327 dece
1875 2286 1937 2325 ta
1975 2284 2146 2323 morte
2185 2278 2295 2319 tres
2326 2265 2467 2332 apud
2502 2265 2716 2329 Heius„

1833 2294 2029 2395 tabere
2054 2339 2247 2398 visum;
2284 2334 2379 2386 sed
2408 2352 2545 2403 quae
2571 2334 2716 2385 alie-

2188 2478 2255 2531 19
2288 2475 2551 2527 For-eim
2579 2474 2720 2525 huic

1853 2547 2198 2602 subcumbere
2226 2546 2351 2596 duo.
2492 2545 2566 2597 m
2597 2547 2717 2624 Sy?

457 2630 615 2682 elma·
643 2635 699 2679 et
738 2626 826 2678 hic
860 2645 975 2678 cum
1017 2625 1206 2677 Medic.
1246 2633 1363 2677 erut
1405 2624 1764 2687 scribendum,
1813 2631 1874 2672 ut
1914 2637 2029 2689 sup.
2066 2620 2123 2684 1,
2157 2614 2279 2679 348,
2319 2629 2429 2666 non
2470 2613 2717 2665 Sim-hau.

460 2701 559 2770 (-
593 2700 681 2752 21.
721 2699 963 2748 Penates
992 2694 1183 2748 Medic.
1222 2694 1368 2763 Wr.)

458 2858 634 2935 418.;
690 2864 751 2914 et
801 2854 995 2935 sortia
1058 2873 1234 2912 arma
1276 2853 1416 2912 Aen.
1455 2851 1536 2926 X,
1603 2847 1852 2928 fuisset.
1900 2844 2060 2928 (Non
2085 2853 2176 2903 est
2209 2843 2388 2921 pomi
2414 2858 2533 2919 pro
2558 2859 2713 2917 pos-

456 2944 602 3009 735.
637 2950 852 3001 exstat.
877 2936 1094 3020 Wch.)
1183 2943 1281 3003 13.
1324 2939 1541 2996 Inver-

458 3029 542 3087 tit
581 3028 941 3089 orationem:
1000 3023 1181 3083 credo
1221 3043 1356 3084 eum
1392 3042 1539 3103 pro-

458 3114 574 3173 lem
627 3113 772 3172 deae
826 3129 977 3193 esse,
1054 3108 1541 3188 quandoquidem

461 3197 762 3277 fortitudo
789 3216 859 3253 ac
890 3195 1226 3253 constantia
1250 3195 1312 3253 in
1338 3195 1544 3253 feren-

463 3282 557 3341 dis
601 3281 906 3341 laboribus
944 3300 1013 3337 sc
1047 3280 1321 3359 periculis
1359 3288 1542 3358 gene-

461 3387 664 3427 rosam
704 3386 775 3425 ec
811 3365 1079 3424 divinam
1120 3365 1402 3442 originem
1438 3384 1543 3423 er-

462 3452 608 3532 guit.
667 3449 1085 3534 (,‚degeneres,
1132 3471 1255 3510 non
1299 3451 1401 3528 qui
1431 3450 1543 3508 de-

463 3545 862 3616 generassent,
901 3557 932 3594 a
973 3536 1204 3597 virtute
1245 3536 1540 3596 maiorum

466 3619 885 3696 discessissent,
929 3622 1033 3682 sed
1073 3622 1387 3701 ignobiles,
1441 3621 1542 3681 vi-

462 3707 581 3783 les,
624 3728 743 3786 quo
784 3728 961 3768 sensu
988 3708 1166 3767 etiam
1193 3707 1354 3788 apud
1381 3707 1541 3785 Virg.

464 3792 611 3852 Aen.
670 3793 769 3867 lv,
832 3799 927 3857 13.
942 3796 980 3828 “
1065 3794 1227 3853 Haec
1266 3792 1545 3872 Wagner.

467 3878 542 3937 ed
557 3878 685 3937 val.
702 3876 794 3940 Fl.
813 3878 908 3953 Vl,
924 3881 1024 3944 86.
1045 3876 1214 3960 Wr.)
1275 3877 1545 3943 15-19,

467 3965 701 4025 Eximio
725 3983 863 4023 cum
889 3963 1138 4023 artificio
1170 3964 1395 4042 singula
1426 3984 1546 4042 po·-

470 4050 603 4109 sita.
688 4050 998 4126 deceptam
1020 4048 1257 4127 fefellit
1313 4050 1545 4129 poetica¹

470 4134 1074 4298 &ffafssffssfflzssz'z’
1087 4234 1092 4239 -
1107 4128 1546 4281 42:²33?ssss

822 4262 839 4294 ‚
1241 4243 1256 4278 ι
1532 4265 1548 4280 .

471 4308 676 4366 Burm.
703 4302 766 4365 h.
802 4305 843 4364 l.
892 4307 1072 4383 potui
1114 4307 1409 4383 exquisite
1433 4326 1549 4386 pro

471 4374 733 4473 Ρωθέωυ
778 4398 944 4471 Ρωῗι
988 4393 1043 4450 ⁸1⁰
1067 4405 1551 4471 nonpenaesum

1620 2955 1747 2992 sem
1786 2933 2048 3007 dictum,
2092 2949 2203 2989 nec
2242 2936 2402 2987 recte
2444 2924 2717 3003 enallage

1620 3017 1770 3078 haec
1828 3019 1903 3077 ab
1973 3016 2100 3076 aliis
2144 3022 2419 3090 vocatur.
2512 3012 2720 3068 Potui

1622 3104 1995 3164 succumbere
2025 3103 2109 3161 ita
2143 3095 2597 3178 accipiendum,
2638 3105 2715 3154 nt

1622 3190 1925 3250 indicetur
1964 3188 2063 3264 id,
2119 3185 2285 3265 quod
2323 3182 2437 3242 sub
2492 3182 2716 3242 condi-

1624 3277 1785 3335 tione
1817 3275 2074 3354 quadam
2100 3280 2466 3332 eventurum
2479 3268 2713 3342 suisset,

1624 3361 1729 3420 sed
1781 3370 2044 3420 cessante
2099 3359 2234 3434 illa,
2292 3375 2419 3414 non
2476 3355 2714 3413 evenit:

1626 3448 1910 3526 „potui
1994 3442 2512 3505 succumbere
2542 3461 2563 3515 ;
2650 3448 2715 3498 st

1623 3553 1747 3592 non
1775 3532 2225 3606 succunibam“;
2257 3535 2477 3587 contra
2502 3546 2715 3605 „pos-

1626 3638 1771 3677 sem
1813 3617 2337 3690 succumbere,
2392 3611 2444 3669 si
2486 3611 2574 3669 ita
2612 3630 2716 3671 res

1623 3704 1867 3766 ferret.“
1911 3703 2047 3764 vid.
2075 3711 2202 3762 not.
2230 3700 2310 3759 ud
2333 3699 2480 3758 Aen.
2502 3696 2577 3771 11,
2606 3696 2713 3761 55.

1628 3790 1783 3868 Eleg.
1802 3790 1879 3849 ad
1894 3789 2122 3850 Messal.
2144 3807 2203 3867 p-
2233 3785 2336 3849 44.
2378 3780 2711 3842 Ruhnken.

1627 3876 1707 3934 ad
1750 3875 1951 3935 Vellei.
2003 3875 2073 3948 11,
2129 3874 2231 3939 52.
2289 3872 2581 3929 Goerenx.
2625 3866 2709 3926 sd

1630 3962 1748 4021 Cic.
1775 3961 1849 4020 de
1876 3963 2049 4038 Legg.
2077 3960 2123 4032 1,
2166 3961 2269 4022 21.
2298 3976 2357 4036 p.
2384 3958 2489 4020 87.
2529 3963 2591 4011 et
2624 3952 2707 4011 nd

1631 4048 1670 4108 1.
1712 4048 1810 4107 ΙΙΙ.
1859 4047 1932 4105 de
1976 4044 2169 4104 Finib.
2212 4062 2263 4102 c.
2312 4045 2410 4105 10.
2452 4061 2514 4119 p.
2559 4040 2705 4104 356.

1638 4138 1740 4197 W
1732 4132 1815 4214 r.)
1900 4134 2115 4210 culpae
2153 4148 2289 4187 cum
2317 4125 2543 4185 dilectu
2570 4123 2623 4183 h.
2656 4122 2703 4182 l.

1630 4239 1742 4300 pro
1788 4237 2016 4277 amore:
2076 4223 2369 4294 quatenus
2400 4213 2499 4270 ille
2541 4207 2701 4267 cari-

1630 4305 1746 4365 tati
1788 4313 1849 4362 et
1886 4302 2028 4367 fidei
2072 4320 2207 4381 erga
2245 4298 2547 4375 coniugem
2585 4293 2705 4352 do-

1630 4391 1903 4451 functum
1931 4386 2238 4449 adversari
2260 4382 2590 4445 videbatur.
