2882 5028
451 383 648 458 1036
955 374 1853 453 EXCURSUS
1957 376 2165 453 XIV

953 599 1808 736 EXCURSUS
1930 646 2190 732 xlv

585 812 1002 880 Halm-arum
1042 837 1273 880 rerum
1301 815 1820 904 praedictiones
1862 820 1937 881 in
1977 817 2165 904 epico
2206 815 2478 881 carmin
2486 837 2545 880 e.

620 984 718 1060 v1,
761 987 888 1051 752
920 1005 1046 1062 sqq.
1098 985 1189 1046 lta
1214 984 1676 1046 ferehominum
1709 986 2012 1064 ingenium
2054 987 2193 1060 fert,
2233 995 2309 1044 ut
2348 985 2717 1044 suturarum

446 1087 653 1129 rerum
688 1070 1053 1131 obscuritate
1076 1072 1266 1132 multo
1295 1073 1479 1150 magis
1507 1080 1885 1146 moveantur,
1926 1091 2108 1148 quam
2135 1071 2466 1151 praesentis
2509 1079 2717 1129 status

447 1157 897 1234 perspicacitate
926 1165 986 1216 et
1022 1157 1355 1234 evidentia;
1411 1159 1505 1216 uti
1546 1176 1650 1231 ea,
1702 1176 1853 1234 quae
1894 1167 2136 1235 praeter
2170 1166 2425 1215 naturae
2473 1173 2719 1213 morem

451 1240 629 1316 fiunt,
684 1242 902 1321 vulgus
950 1241 1266 1302 hominum
1317 1243 1513 1302 multo
1558 1243 1738 1321 magis
1788 1243 2149 1321 percellunt,
2209 1262 2391 1339 quam
2428 1260 2597 1318 quae
2640 1259 2717 1298 ex

449 1328 755 1409 praeclaro
785 1337 1035 1388 naturae
1064 1329 1276 1388 ordine
1301 1328 1657 1408 procedunt,
1702 1330 1806 1405 qui
1828 1337 2028 1387 tamen
2055 1328 2268 1389 animis
2295 1328 2517 1387 nostris
2546 1327 2717 1386 mul-

454 1423 521 1476 to
551 1413 832 1474 duriores
858 1434 929 1473 ac
955 1415 1324 1494 potentiores
1348 1414 1734 1474 admirandae
1766 1423 1828 1473 et
1861 1414 2204 1474 adorandae
2231 1412 2479 1471 divinae
2516 1423 2718 1472 natu·

450 1519 555 1562 rae
594 1520 664 1559 ac
709 1500 1121 1579 providentiae
1161 1520 1397 1560 caussas
1422 1500 1810 1580 suppeditare
1846 1509 2079 1580 poterat
2117 1521 2190 1557 ac
2219 1498 2503 1558 debebat.
2597 1497 2720 1556 Sed

454 1586 750 1645 caecutire
777 1586 1074 1647 malumus
1094 1587 1157 1645 in
1186 1586 1433 1645 incertis
1458 1603 1639 1663 quam
1669 1587 1731 1644 in
1779 1585 1955 1644 certis
1998 1585 2434 1664 perspiciendis
2462 1585 2718 1661 acquie-

452 1690 632 1732 scere.
721 1671 927 1747 ltaque
959 1681 1189 1750 poetae,
1231 1673 1334 1748 qui
1356 1669 1656 1731 humanae
1684 1683 1939 1731 naturae
1968 1691 2198 1730 morem
2238 1681 2302 1728 et
2335 1669 2618 1730 indolem
2653 1669 2718 1728 in

455 1777 596 1818 suos
625 1776 770 1816 usus
803 1756 1079 1832 trahunt,
1118 1776 1246 1817 rem
1272 1756 1565 1818 viderunt
1590 1776 1714 1816 esse
1755 1756 2430 1816 accommodatissimam
2466 1756 2551 1814 ad
2583 1756 2719 1812 ani-

453 1862 585 1904 mos
613 1842 905 1903 tenendos
937 1852 1002 1902 et
1029 1842 1413 1901 delectandos
1430 1886 1448 1917 ,
1506 1853 1581 1903 ut
1610 1861 1687 1902 ex
1724 1862 1930 1902 rerum
1953 1851 2254 1921 gestarum
2280 1842 2583 1901 memoria
2630 1859 2717 1914 es,

454 1947 609 2007 quae
637 1929 972 2005 argumenti
999 1929 1149 2007 epici
1175 1938 1443 2008 tempore
1475 1938 1672 1989 essent
1706 1929 1931 1988 seriora
1944 1973 1961 2004 ,
2013 1948 2123 2007 per
2153 1928 2427 1987 vaticinii
2459 1928 2717 1986 modum

453 2014 826 2084 intexui-eun
881 2034 1001 2092 quo
1026 2014 1280 2074 artificio
1320 2014 1436 2093 ipsi
1465 2016 1677 2092 tragici
1718 2015 1916 2094 copias
1958 2013 2315 2073 dramaticus
2342 2013 2718 2093 amplificare

454 2119 580 2160 non
611 2099 910 2177 dedignati
933 2107 1094 2159 sunt.
1180 2100 1263 2158 Ut
1292 2100 1449 2158 enim
1490 2110 1721 2160 taceam
1747 2100 1990 2159 umbras
2021 2108 2321 2175 evocatas,
2380 2108 2719 2176 vatumque

456 2186 650 2259 efflata,
695 2184 791 2245 vel
831 2185 1146 2259 oracula„
1167 2203 1316 2262 quae
1352 2187 1572 2264 passim
1620 2186 1686 2246 in
1729 2185 1963 2265 tragicis
2004 2195 2371 2260 occurrunt,
2433 2185 2716 2263 Aeschyli

457 2269 849 2331 Prometheus
889 2270 1126 2330 vinctus
1170 2269 1268 2330 lus
1311 2270 1437 2329 fata
1479 2272 1702 2331 diserto
1753 2280 1814 2330 et
1858 2280 2073 2330 ornato
2104 2271 2398 2331 vaticinio
2433 2274 2715 2351 exponit5

459 2358 585 2416 sata
613 2374 758 2415 vero
791 2355 1000 2413 Troiae
1044 2373 1258 2430 resque
1285 2364 1425 2432 post
1453 2356 1692 2414 Troiam
1726 2367 2128 2434 expugnatam
2168 2356 2516 2416 doctissimo
2557 2356 2712 2415 dra-

456 2447 613 2503 mate
642 2437 1050 2520 Lycophronis
1075 2439 1446 2517 Cassandra3
1487 2441 1711 2501 maiore
1739 2441 1947 2520 utique
1974 2461 2114 2500 cum
2151 2442 2237 2518 vi,
2276 2461 2460 2520 quam
2488 2443 2533 2500 si
2562 2459 2709 2498 eae-

458 2527 600 2588 dem
625 2545 722 2588 rcs
752 2526 871 2586 iam
900 2534 1097 2603 gestae
1128 2534 1192 2584 et
1221 2525 1303 2585 ad
1339 2537 1624 2588 eventum
1646 2527 1979 2606 perductae
2006 2537 2288 2588 narratae
2332 2538 2544 2589 essent.
2586 2528 2711 2588 Sed

459 2614 660 2695 epicae
696 2612 1032 2673 narrationi
1058 2610 1383 2672 variandae
1412 2623 1474 2672 et
1500 2614 1957 2693 locupletandae
1990 2614 2126 2673 talis
2160 2614 2435 2674 vaticinii
2472 2616 2715 2695 exposi-

458 2700 550 2761 tio
585 2698 856 2779 inprimis
892 2697 1341 2757 accommodata
1384 2701 1466 2759 sit
1500 2718 1735 2758 necesse
1770 2709 1894 2776 est,
1941 2720 2078 2760 cum
2115 2717 2194 2760 ex
2233 2702 2588 2761 suturarum
2616 2720 2712 2761 re-

460 2806 602 2848 rum
622 2784 1032 2863 praedictione
1056 2791 1297 2843 tantum
1326 2786 1659 2864 voluptatis
1686 2805 1823 2844 cum
1849 2785 2246 2867 admiratione
2269 2788 2517 2867 capiant
2544 2808 2711 2846 mor-

458 2871 626 2932 tales.
712 2871 852 2943 Quo
894 2868 1079 2948 magis
1117 2869 1239 2929 tale
1279 2870 1610 2950 episodium
1656 2871 2007 2950 optandum'-
2042 2872 2164 2930 fuit
2197 2872 2448 2951 Virgilio
2463 2918 2483 2948 ‚
2544 2873 2712 2932 mim

459 2965 594 3018 tots
616 2954 833 3015 Aeneis
859 2973 936 3013 ex
963 2953 1238 3029 oramlis,
1279 2956 1556 3026 somniis,
1598 2965 1660 3015 et
1684 2956 1980 3017 vaticiniis
2006 2956 2248 3037 pendet.

630 3039 1023 3102 Praedicendi
1069 3049 1274 3100 autem
1321 3061 1417 3102 res
1455 3042 1692 3102 futuras
1726 3041 1894 3101 modi
1944 3062 2070 3101 non
2113 3042 2264 3102 adeo
2306 3042 2494 3102 multi
2542 3053 2716 3117 cunr,

461 3147 575 3189 nec
602 3128 778 3200 enim,
821 3126 1005 3186 nisio
1034 3127 1293 3203 vatibus,
1342 3136 1451 3186 aut
1481 3149 1524 3186 α
1547 3131 1678 3187 viso
1700 3147 1807 3186 seu
1831 3128 2227 3206 vigilantibus
2266 3146 2375 3187 seu
2398 3133 2715 3187 sumim-

462 3213 638 3288 tibus,
667 3213 850 3272 modo
882 3234 925 3271 α
950 3211 1338 3271 daemonibus
1364 3232 1472 3272 seu
1500 3213 1702 3291 geniis,
1732 3211 1914 3273 modo
1931 3216 2193 3291 magicis
2217 3211 2539 3273 hominum
2565 3219 2713 3273 arfi-

460 3298 604 3375 bus,
650 3299 904 3374 obiecto,
950 3306 1057 3358 aut
1093 3298 1172 3356 ab
1208 3302 1349 3376 ipsa
1377 3300 1591 3357 divina
1622 3310 1868 3372 ηαιιινα,
1926 3299 2223 3378 proficisci
2254 3319 2429 3378 posse
2466 3299 2713 3360 videtur

462 3385 586 3445 ulla
616 3384 962 3443 futurarum
999 3403 1202 3447 rerum
1250 3383 1602 3462 praedictio.
1686 3384 1932 3443 Nullum
1953 3404 2031 3443 ex
2056 3384 2149 3443 his
2176 3404 2361 3462 genus
2389 3395 2507 3461 est,
2550 3386 2715 3464 quod

461 3471 759 3531 intactum
785 3489 821 3527 a
850 3470 1042 3549 poetis
1066 3470 1343 3528 relictum
1367 3469 1465 3528 sit.
1550 3469 1834 3528 Omnium
1868 3471 2098 3547 primus
2117 3473 2423 3529 Homerus
2450 3491 2712 3531 evocan-

464 3556 557 3616 dis
583 3554 838 3615 Tiresiae
873 3554 1150 3615 Manibus
1179 3554 1403 3633 Ulyssis
1426 3554 1690 3614 reditum
1725 3564 1786 3613 et
1815 3557 1941 3614 sata
1977 3556 2321 3616 declaravit.
2364 3555 2579 3616 Phinei
2606 3579 2715 3617 va·

462 3642 671 3703 ticinio
734 3659 945 3699 rerum
1002 3660 1337 3699 successum
1402 3640 1950 3718 Argonauticomm
2017 3646 2329 3718 scriptores
2398 3656 2715 3723 exponmn

466 3747 689 3791 omnes.
776 3726 973 3799 Quam
1013 3727 1237 3805 insigne
1274 3725 1538 3785 Maronis
1571 3726 1885 3786 inventum
1924 3728 2034 3801 sit,
2089 3746 2341 3786 recensu
2379 3731 2713 3791 animarum

465 3814 533 3875 in
562 3832 817 3893 corpora
845 3811 1317 3871 transiturarum
1344 3811 1688 3887 substituto,
1732 3832 1878 3872 mox
1897 3812 2250 3873 videbimus.
2336 3812 2713 3876 Homericam

415 3890 430 3903 “
473 3900 746 3960 Manium
770 3896 1177 3958 evocationem
1206 3898 1465 3957 retinere
1493 3898 1702 3956 maluit
1733 3900 1919 3958 Silius
1945 3899 2105 3973 xm,
2130 3898 2259 3963 400
2294 3920 2446 3977 sqq„
2491 3904 2597 3979 qui
2622 3913 2711 3961 ta-

437 4005 611 4046 umen
637 3985 796 4045 idem
836 3984 1037 4043 lovem
1076 3982 1293 4042 Veneri
1330 3985 1598 4042 futuram
1627 3984 2039 4044 Romanorum
2079 3986 2387 4043 sermnem
2413 3992 2711 4069 interpre-

466 4080 698 4130 tantem
728 4069 961 4130 inducit
991 4068 1092 4127 lib.
1122 4068 1220 4143 ΙΙΙ,
1265 4069 1390 4133 570
1422 4089 1549 4147 sqq.
1595 4068 1848 4150 (Virgilii
1880 4072 2003 4129 fere
2027 4072 2299 4150 exemplo
2329 4070 2482 4132 Aen.
2515 4074 2561 4148 1,
2596 4078 2711 4138 257

467 4155 621 4237 sqq.)
709 4156 985 4214 Manibus
1027 4154 1283 4214 Tiresiae
1322 4155 1586 4213 evocatis
1623 4155 1821 4215 utitur
1864 4157 2091 4214 Statius·
2128 4155 2194 4214 in
2223 4156 2415 4216 Theb.
2452 4157 2555 4233 Iv,
2595 4162 2713 4223 406

468 4261 595 4320 sqq.
639 4244 930 4300 Lucanus·
953 4258 1122 4318 sagae
1150 4238 1463 4299 Thessalae
1497 4241 1805 4316 veneficio,
1861 4241 1928 4299 in
1954 4241 2219 4300 membra
2261 4254 2556 4302 revocato
2600 4246 2713 4324 spi·

474 4328 600 4386 ritu
647 4326 904 4386 cadaver
953 4328 1179 4385 animat
1218 4335 1280 4387 et
1316 4345 1552 4407 pugnae
1602 4326 1974 4387 Pharsalicae
2012 4336 2297 4387 eventum
2337 4332 2715 4410 praenuntiat

467 4411 571 4472 lib.
593 4410 692 4488 Vl,
733 4412 861 4476 750
891 4431 1017 4490 sqq.
