2882 5028
476 376 1087 452 AENEIDOS
1139 377 1349 454 LIB.
1391 378 1527 471 111,
1582 381 2020 456 489—505

146 560 565 663 Siquando
600 562 987 659 Thybrim
1021 565 1435 663 vicinaque
1471 561 1896 659 Thybridis
1920 588 2099 639 arva

865 692 907 741 e
942 692 1171 742 meae
1205 666 1380 741 data
1411 667 1733 742 moenia
1767 690 2121 746 cernam:

144 670 433 742 Intraro
453 726 473 761 ‚
530 669 857 768 gentiqu

2229 390 2380 459 517

2224 572 2378 646 500

145 772 517 867 Cognatas
546 769 764 844 urbis
794 770 985 845 olim
1017 770 1527 871 populosque
1563 771 2087 871 propinqum,

143 874 401 972 Epiro,
455 875 875 973 Hesperia,
933 874 1255 975 (quibus
1284 872 1502 949 idem
1530 874 1944 950 Dardanus
1977 887 2272 973 auctor,

146 981 378 1076 Atque
410 976 635 1052 idem
673 985 926 1074 casus)
960 1002 1207 1052 unam
1242 975 1623 1053 faciemus
1652 990 2076 1077 utramque
2303 995 2304 998 ’
2402 979 2411 990 ’

149 1081 446 1156 Troiam
478 1080 781 1160 animis,
831 1086 1149 1159 Maneat
1166 1094 1485 1157 nostros
1513 1106 1603 1156 ea
1637 1106 1819 1157 cura
1844 1094 2202 1181 nepotes,
2218 1087 2374 1162 505

258 1290 361 1344 500
392 1291 487 1341 Sic

513 1307 568 1359 q.
597 1288 761 1341 Goth.
796 1298 918 1352 tert.
989 1304 1045 1342 et
1073 1292 1257 1343 vicina
1283 1291 1446 1345 Witt.
1474 1308 1504 1342 a
1535 1308 1617 1359 pr.
1648 1309 1718 1342 m.

1853 1288 1960 1344 502
1994 1293 2375 1362 Cognatasque

148 1365 246 1409 nte
269 1358 466 1423 Heius„
506 1360 583 1427 (et
611 1361 687 1409 ita
714 1358 874 1411 Palae
916 1359 1060 1412 WrA
1097 1361 1193 1412 sed
1219 1379 1322 1430 que
1351 1362 1536 1413 abesse
1568 1380 1598 1413 a
1626 1357 1780 1411 codd.
1813 1371 2083 1411 monuerat
2112 1360 2213 1411 iam
2244 1361 2370 1411 Pie-

150 1426 247 1479 rius.
312 1430 406 1497 qui
426 1428 635 1497 aliquot
664 1429 846 1479 fleins.
916 1416 1099 1497 (urbes
1126 1431 1316 1482 Medic.
1358 1432 1505 1499 Wr.)

1647 1430 1751 1483 503
1787 1429 1945 1497 Epiri
1973 1430 2128 1480 Voss.
2198 1431 2372 1500 Epiro

150 1498 434 1567 Hesperiam
460 1497 660 1549 Medic.
683 1498 818 1549 Gnd.
857 1516 885 1547 a
908 1517 975 1549 m.
1007 1518 1087 1567 pr.
1136 1500 1242 1550 duo
1280 1500 1475 1551 Moret.
1522 1516 1603 1566 pr.
1646 1497 1895 1549 Rottend.
1935 1507 1988 1548 et
2021 1497 2220 1549 Zulich.
2291 1506 2372 1550 Au

149 1565 248 1646 olim
270 1566 364 1617 fuit
388 1570 619 1648 ’Epir-om
638 1606 652 1631 ,
688 1569 1073 1637 Hesperiam,?
1143 1571 1349 1636 (Certe,
1401 1571 1447 1620 si
1484 1571 1807 1649 Hesperiam
1844 1583 1967 1647 fera
2011 1579 2151 1619 esset
2185 1568 2370 1634 lectio,

148 1638 288 1705 Epeto
310 1635 483 1688 dativo
509 1637 662 1687 locus
695 1654 810 1687 esse
839 1648 1164 1756 non‘posset.
1235 1641 1509 1709 Hesperia
1534 1649 1690 1690 enam
1720 1641 1925 1689 Servius
1969 1646 2024 1687 et
2058 1637 2175 1689 cod.
2202 1636 2368 1690 Palat.

153 1706 273 1772 Wr.)
304 1733 369 1744 —
392 1706 750 1788 populosque
776 1724 941 1757 veten

987 1725 1050 1758 os
1077 1713 1251 1778 Sprot.
1325 1709 1575 1779 (Epirum
1600 1706 1757 1758 Ham.
1798 1707 1888 1758 vl.
1934 1734 2005 1744 —-
2052 1705 2173 1765 504.
2228 1707 2369 1760 idem

146 1791 280 1825 casus
300 1792 395 1843 pro
420 1775 681 1842 singulari
711 1774 977 1844 accepisse
1005 1777 1209 1829 videtur
1228 1779 1466 1830 Donatus
1484 1817 1498 1842 ‚
1548 1776 1625 1828 ita
1656 1776 1789 1827 haec
1837 1774 2133 1843 explicans:
2182 1776 2369 1841 „eius-

148 1842 243 1893 dem
268 1863 405 1896 casus
431 1845 839 1905 consortinm;“
876 1854 1031 1898 recte,
1048 1847 1258 1899 Servius
1290 1864 1389 1915 pro
1414 1846 1632 1916 plurali:
1671 1844 1892 1910 „iisdem
1937 1844 2140 1896 casibus
2180 1845 2362 1898 subia-

147 1911 355 1965 cuimus.“
411 1914 702 1986 faciamus
727 1913 955 1983 Sangall-
997 1919 1083 1971 W
1075 1917 1143 1984 r.)

1282 1918 1388 1973 505
1431 1917 1705 1970 Troianis.
1741 1917 1819 1967 M.
1844 1913 1979 1967 alter
2003 1914 2286 1984 Hamburg.

148 2087 319 2163 posita.
412 2093 672 2149 Sensum
729 2099 895 2149 recte
949 2093 1201 2171 exponit
1282 2104 1577 2172 cognatas
1602 2090 1771 2149 urbes
1799 2092 2178 2171 populosque
2209 2112 2365 2168 pro-

148 2170 283 2232 Serv.
319 2175 387 2233 id
412 2190 497 2234 est
517 2221 540 2251 ,
595 2197 755 2254 quae¹
799 2177 1036 2235 nullum
1067 2200 1198 2256 pa-

148 2259 301 2316 affatur
351 2264 661 2320 excidium
684 2283 712 2334 ‚·
785 2282 932 2320 mox
994 2272 1198 2324 tamen

144 2340 327 2403 ibidem
352 2348 685 2406 miscentur
709 2349 1014 2408 notiones:
1047 2350 1197 2425 „ob-

149 2431 260 2502 via,
301 2431 359 2489 id
400 2443 522 2510 est,
574 2431 870 2508 obnoxia,
917 2437 1192 2511 inimica,

148 2522 476 2583 coruran‘ass
584 2519 702 2577 Sed
775 2522 957 2579 Ἰῖυἰα
1019 2522 1196 2581 obvia

156 2598 330 2661 Graii-s
356 2648 375 2679 ,
462 2626 577 2684 pro
651 2607 901 2664 inimica
932 2650 951 2681 ,
1029 2607 1194 2685 quod

151 2682 308 2744 eorda
348 2700 408 2748 et
461 2691 563 2749 alii
600 2690 990 2770 arripuerunt
1009 2736 1025 2766 ‚
1082 2694 1196 2752 etsi

152 2773 404 2849 exquisite
435 2776 701 2851 dictum,
745 2785 820 2835 ut
849 2776 956 2837 inf.
987 2778 1084 2854 vl,
1109 2777 1192 2844 64

152 2855 321 2935 Dique
340 2905 358 2935 ,
406 2864 669 2942 deaeque
695 2883 896 2920 omnes
913 2907 932 2938 ,
981 2863 1195 2943 quibus

151 2939 345 3004 obstitit
386 2949 574 3007 Ilium
617 2960 673 3006 et
722 2950 937 3026 ingens
976 2950 1193 3008 Gloria

151 3025 503 3109 Dardaniae,
541 3044 749 3093 tamen
782 3033 1027 3094 consilio
1053 3055 1192 3094 sen-

150 3114 334 3174 tentiae
355 3138 567 3197 parum
594 3119 840 3179 videtur
877 3130 1192 3179 consenta—

151 3213 322 3279 neum5
346 3203 525 3282 igitur
551 3204 882 3265 tenendum
911 3206 1195 3269 alterum:

152 3280 293 3343 obv&
336 3290 537 3349 Graiis
574 3336 592 3366 ,
679 3289 741 3349 h.
801 3310 852 3350 e.
918 3293 1191 3371 exposita

152 3381 323 3431 mrum
362 3377 586 3452 furori3
657 3387 730 3436 ut
769 3375 888 3435 iam
941 3398 977 3435 a
1029 3378 1190 3439 Bur-

151 3469 331 3516 manno
353 3463 691 3540 expositum
721 3460 918 3522 video.

216 3539 325 3605 500
346 3578 428 3592 —-
452 3549 595 3613 505.
666 3548 970 3627 Ingeniose
1009 3556 1189 3627 poeta

152 3619 330 3687 ⁸llutlit
357 3631 432 3689 ad
460 3652 529 3691 ea
548 3678 565 3705 ,
596 3650 764 3711 quae
802 3635 1005 3713 paullo
1047 3643 1188 3693 ante

150 3722 448 3777 evenerant.
531 3720 669 3779 Post
691 3740 948 3799 pugnam
981 3719 1188 3779 Actia-

152 3808 258 3891 02113
290 3798 638 3865 Octavianus
680 3805 1000 3885 Nicopolin·
1037 3826 1190 3865 con-

152 3873 308 3977 didit,
361 3892 675 3951 contractis
714 3892 776 3951 in
828 3912 957 3951 eam
997 3892 1189 3951 Acar-

154 3965 383 4047 nambus‚
411 3993 652 4054 eamque
677 3977 922 4037 liberam
966 3987 1029 4037 et
1075 3998 1186 4036 co-

150 4060 357 4120 8¹¹⁸t2m
381 4062 681 4121 civitatem
720 4083 844 4122 esse
889 4063 1076 4123 iussit.
1123 4084 1182 4123 v.

152 4129 363 4201 Excurs.
385 4145 521 4205 xm
547 4148 622 4208 ad
646 4147 707 4208 h.
735 4150 774 4209 l.
833 4149 998 4209 Haec
1021 4158 1181 4207 tam-

152 4234 301 4292 (1118111
341 4229 411 4287 ab
454 4230 644 4292 Aenea
698 4234 765 4293 in
813 4245 1181 4295 antecessum

153 4310 439 4373 constituta
466 4329 868 4399 exponuntur.
926 4322 1076 4380 data
1101 4342 1179 4380 sc.

154 4385 255 4450 fato
282 4406 516 4470 moenia.
556 4424 615 4466 v.
642 4427 772 4489 sup.
804 4408 954 4474 2554
1033 4405 1181 4467 31⁰¹

1274 2182 1539 2260 pinquos
1579 2179 1770 2255 Epiro
1813 2185 1874 2235 et
1927 2179 2250 2254 Hesperia,
2278 2207 2368 2224 —-

1281 2278 1593 2344 utramque
1663 2262 1875 2321 retulit
1947 2261 2026 2321 ad
2094 2281 2365 2341 sequens,

1280 2371 1393 2429 pro
1438 2362 1749 2427 ult-osque,
1797 2368 1872 2406 ex
1915 2356 2173 2425 utraque
2209 2348 2363 2407 civi-

1280 2445 1436 2511 tate,
1477 2433 1801 2511 (Buthroto
1832 2443 1895 2491 et
1919 2434 2138 2508 Roma,
2181 2455 2215 2492 a
2245 2435 2362 2491 La—

1280 2523 1446 2582 vinio
1497 2521 1781 2597 oriunda)
1816 2520 2134 2598 chiemus
2176 2542 2366 2579 unam

1278 2611 1502 2666 animis
1542 2609 1800 2665 Troiam.
1866 2608 2139 2683 Populos
2158 2608 2363 2683 Epir-0,

1278 2695 1577 2771 Hesperia
1598 2737 1619 2767 ,
1678 2689 1936 2770 accipio,
1990 2692 2246 2770 populos
2296 2692 2360 2750 in

1278 2780 1462 2858 Epiro
1517 2777 1581 2836 h.
1623 2796 1673 2836 e.
1717 2776 1896 2857 Epiris
1920 2785 1981 2834 et
2023 2776 2359 2854 Hesperiae.

1278 2865 1458 2925 Vides
1493 2882 1591 2923 me
1620 2863 1906 2942 apodosin
1947 2873 2085 2942 post
2122 2883 2362 2920 comam

1275 2951 1482 3010 statim
1507 2948 1827 3028 auspicari,
1871 2947 2036 3026 quod
2065 2948 2185 3006 iam
2212 2948 2360 3006 Cer—

1277 3036 1415 3095 dam
1462 3035 1667 3095 fecisse
1732 3033 2167 3093 animadverto.
2276 3033 2360 3092 Ut

1272 3123 1656 3183 Burmannus
1681 3130 1822 3199 post
1835 3119 2034 3178 Heius.
2062 3139 2198 3178 cum
2213 3122 2356 3177 Ser-

1276 3209 1377 3268 vio
1402 3208 1815 3287 interpunxit,
1871 3205 2148 3285 procedit
2184 3205 2353 3285 prius

1273 3294 1610 3353 membrum
1641 3312 1831 3371 usque
1864 3291 1942 3351 ad
1973 3292 2169 3371 Atque
2198 3292 2359 3350 idem

1272 3402 1450 3438 casus
1467 3402 1492 3441 .·
1535 3389 1605 3439 ut
1640 3378 1718 3437 sit
1735 3423 1753 3454 ‚
1809 3399 2050 3437 cernam
2089 3381 2350 3454 moenia,

1277 3467 1585 3543 Cognatas
1614 3464 1783 3522 urbes
1801 3464 2184 3542 populosque
2203 3483 2356 3540 pm-

1263 3554 1552 3630 pinquos.
1642 3548 1824 3626 Atqui
1864 3548 1949 3607 sic
1982 3558 2044 3607 et
2079 3557 2356 3608 structu-

1270 3657 1341 3696 ra
1392 3644 1454 3694 et
1491 3635 1784 3694 sententia
1825 3633 1898 3693 fit
1948 3635 2212 3712 asperior
2248 3644 2372 3693 aut‘

1270 3722 1456 3782 nulla.
1540 3723 1846 3798 Hesperia
1877 3719 2088 3798 quibus
2124 3729 2184 3778 et
2200 3740 2354 3796 pro-

1258 3812 1527 3888 pinquos
1555 3809 1744 3884 Epiro
1766 3806 2025 3883 iungunt
2043 3805 2158 3882 alii,
2189 3803 2355 3882 quod

1269 3913 1517 3973 prorsus
1591 3891 1735 3951 ferri
1815 3891 2040 3968 nequit.
2155 3890 2352 3949 Etiam

1267 3980 1649 4038 Burmannus
1710 3977 1973 4036 illustrat
2016 3972 2353 4035 Dardanus

1269 4068 1576 4143 Hesperia
1644 4063 1708 4122 h.
1781 4082 1831 4122 e.
1912 4082 1988 4120 ex
2062 4062 2350 4142 Hesperia

1264 4143 1679 4229 (Ἑσπερόθεν.
1713 4149 1787 4214 cs.
1818 4149 2036 4225 Serv.),
2068 4148 2232 4225 quod
2256 4148 2350 4206 lo-
2419 4210 2430 4220 ‚

1265 4256 1402 4296 cum
1432 4233 1534 4295 hic
1561 4235 1667 4295 vix
1697 4232 1896 4293 habet.
1975 4233 2028 4290 A
2049 4235 2349 4291 Dardano

1264 4331 1466 4382 autem
1489 4321 1777 4381 Troianos
1800 4318 2043 4379 omnino
2068 4317 2348 4395 originem

1263 4407 1570 4485 habuisse,
1616 4406 1884 4485 adeoque
1932 4413 1994 4465 et
2035 4403 2198 4479 illos,
2242 4401 2343 4479 qui
