2882 5028
588 364 1422 444 TRACTATARUM
1470 368 2116 448 mvEN'rloNE
2386 383 2490 455 ss

190 549 602 628 cedoniae
655 553 1111 654 imperium
1170 554 1529 656 suscipit;
1594 561 1822 637 τοῦτο
1877 557 2021 662 reip
2074 558 2486 663 Ἀφροδίτη

220 666 243 683 ’
474 680 612 754 ιρι·
705 654 929 735 conf.
998 656 1107 734 de
1173 657 1334 733 hoc
1392 660 1752 738 Cononis
1830 659 2012 737 loco
2071 663 2387 744 Excurs.
2450 668 2487 742 1

188 755 319 830 ad
501 818 523 834 .
598 761 743 837 111.
873 761 1143 836 Etiam
1216 762 1850 862 praedictionem
1935 763 2190 862 illam,
2273 766 2485 843 sedis
2569 822 2582 841 .

186 859 707 938 condendae
766 861 1048 938 locum
1115 861 1437 941 fatalem
1496 865 1724 943 illum
1786 865 2003 966 fore,
2072 867 2212 946 ubi
2266 867 2481 945 fame

184 963 618 1065 compulsi
680 990 1004 1042 mensas
1069 967 1647 1066 comedissent,
1735 969 1894 1048 iam
2010 970 2269 1048 ridem
2324 979 2480 1049 An—

187 1066 482 1144 chisae
533 1094 579 1144 a
624 1073 953 1147 Venere
1018 1068 1352 1169 factam,
1416 1098 1463 1149 e
1515 1077 1851 1152 Caesare
1900 1063 1955 1150 li
2016 1138 2033 1156 .
2082 1077 2121 1152 1
2188 1088 2270 1151 et
2320 1079 2478 1153 Lu-

184 1173 407 1247 tatio
466 1171 608 1252 lib.
664 1175 744 1249 11
804 1187 1094 1250 monet
1151 1178 1428 1254 Victor
1471 1177 1567 1256 Ο.
1616 1180 1707 1256 G.
1754 1180 1848 1257 R.
1912 1187 2000 1259 11
2074 1184 2256 1256 {ssim
2315 1186 2477 1257 Au-

192 1282 435 1352 chisa
493 1283 965 1373 conficiente,
1051 1285 1264 1355 illam
1312 1309 1475 1358 esse
1523 1286 1996 1358 ”siser-iarum
2055 1287 2480 1384 errorisque

173 1385 481 1482 finan,
561 1388 849 1480 quippe
901 1390 1376 1479 meminerat,
1458 1390 1800 1461 Venerem
1867 1391 2008 1462 sibi
2071 1393 2479 1487 aliquando

207 1491 701 1579 praedixisse
759 1499 906 1564 etc.
992 1499 1073 1561 et
1133 1511 1297 1588 cap.
1361 1497 1410 1568 9
1470 1511 1564 1564 ex
1621 1488 2069 1566 Alexandro
2114 1490 2466 1591 Ephesio

212 1586 349 1666 li'b.
391 1591 434 1664 Ι
490 1586 595 1662 de
644 1588 867 1665 bello
915 1590 1290 1669 Marsico:
1331 1638 1439 1651 —
1482 1597 1714 1668 Idam
1757 1600 1979 1691 petit,
2051 1598 2291 1694 ibique
2334 1625 2472 1671 ιιιι-

213 1695 423 1767 uibus
459 1697 891 1792 fabricatis
933 1741 1043 1753 —
1082 1701 1370 1771 oraculi
1429 1702 1814 1773 admonitu
1871 1703 2187 1774 Italiam
2244 1705 2474 1796 petit,-

220 1808 303 1870 et
335 1796 661 1894 Dionys,
714 1800 778 1892 Ι,
829 1801 934 1876 55
968 1844 1078 1856 --
1122 1822 1229 1874 ne
1280 1799 1364 1873 in
1408 1798 1832 1876 ulteriores
1882 1803 2255 1901 Europae
2298 1827 2470 1903 par-

220 1910 337 1974 tes
407 1897 676 1975 classis
736 1901 1084 1977 Troiana
1146 1903 1587 2001 navigaret,
1658 1917 1742 1982 οἵ
1793 1938 1878 1983 τε
1940 1911 2256 2006 χρησμοὶ
2308 1911 2471 2004 ἐγέ-

217 2035 430 2083 νοντο
484 2015 773 2100 αἴτιοι,
847 2014 1054 2092 τέλος
1091 2006 1443 2106 λαβόντες
1493 2017 1572 2087 ἐν
1621 2006 1919 2095 τούτοις
1968 2020 2124 2095 τοῖς
2182 2013 2474 2111 χωρίοις

216 2112 325 2184 ’καὶ
374 2107 473 2187 ro*
534 2108 938 2207 δαιμόνιον
1002 2116 1375 2205 πολλαχῶς
1423 2107 1563 2211 τήν
1613 2116 1886 2189 ἑαυτοῦ
1945 2109 2293 2211 βούλησιν
2344 2121 2471 2190 ἐν-

215 2213 703 2310 δεικνύμενον.
806 2217 1089 2288 Narrat
1158 2210 1352 2287 inde
1404 2225 1775 2314 portenta
1829 2212 1909 2288 in
1975 2212 2311 2314 appulsu
2369 2212 2469 2289 ad

212 2314 708 2389 Laurentum
768 2310 1016 2408 facta,
1099 2313 1367 2391 latices
1433 2313 1679 2391 fontis
1741 2329 2078 2416 repente
2145 2341 2192 2393 e
2257 2329 2470 2393 terra

209 2416 757 2517 prosilientes,
807 2442 1129 2494 mensas
1182 2418 1618 2518 absumtaS,
1687 2432 1767 2494 et
1816 2443 2102 2496 vocem
2148 2444 2239 2495 ex
2282 2418 2465 2495 luco

205 2534 538 2623 repente
598 2520 975 2601 auditam.
1076 2527 1179 2601 At
1233 2524 1573 2624 Sibyllae
1625 2525 2015 2620 monitus,
2089 2547 2293 2626 quos
2340 2523 2464 2599 alii

204 2624 384 2704 ibid.
440 2624 679 2728 apud'
722 2628 1042 2723 Dionys.
1096 2631 1155 2719 1,
1214 2633 1314 2707 55
1364 2626 1721 2726 Erythris
1773 2640 2139 2726 acceptos
2198 2651 2464 2703 narra-

199 2743 401 2824 runt,
450 2753 837 2831 quosque
872 2728 1233 2807 Tibullus
1261 2735 1358 2823 11,
1391 2740 1439 2813 5
1477 2754 1696 2807 novo
1748 2729 2139 2829 exemplo,
2195 2743 2462 2807 oestro

198 2834 698 2910 vaticinantis
764 2837 848 2908 in
904 2832 1256 2932 elegiam,
1285 2834 1541 2924 illato,
1621 2833 1979 2932 arripuit,
2062 2833 2474 2934 praeteriit·

203 2941 452 3034 Maro,
513 2962 717 3013 cum
774 2934 1110 3035 Sibyllae
1164 2936 1358 3014 alius
1409 2938 1636 3013 locus
1689 2936 1771 3010 in
1828 2937 2215 3034 carmine,
2270 2935 2462 3015 aliae

198 3054 455 3141 part&
513 3053 833 3137 essent,
886 3040 968 3115 in
1020 3039 1152 3120 lib.
1196 3045 1323 3121 VI.
1426 3044 1744 3116 Interea
1798 3038 2142 3140 Apollini
2198 3041 2463 3116 omni-

196 3168 301 3221 no
332 3144 618 3222 honos
649 3142 792 3220 ille
829 3145 1115 3220 mansit
1148 3158 1611 3247 perpetuuS,
1643 3156 1734 3218 ut
1754 3143 1855 3218 ad
1879 3168 2067 3219 eum
2101 3140 2460 3246 fatorum

190 3254 515 3326 Aeneae
590 3261 680 3324 et
727 3261 1279 3349 posterorum,
1341 3246 1772 3347 Italiaeque
1835 3248 1932 3322 ab
1988 3247 2078 3321 iis
2131 3270 2463 3348 occupa-

189 3367 357 3452 tae,
410 3352 686 3428 fatalis
740 3351 945 3428 ordo
997 3350 1457 3429 referretur.
1559 3348 1854 3428 Nobile
1908 3349 2105 3425 illud
2157 3352 2458 3428 Horatii

189 3457 266 3532 in
312 3457 707 3536 Carmine
760 3455 1173 3533 saeculari:
1240 3461 1551 3534 Condito
1605 3460 1803 3530 mitis
1848 3466 1928 3529 et
1980 3478 2153 3556 sqq.
2210 3460 2461 3532 Romu

190 3568 255 3636 si
295 3577 641 3638 vestram
674 3575 789 3637 eet
827 3589 1040 3658 opus,
1092 3565 1428 3661 Iliaeque
1459 3566 1706 3636 Littus
1735 3563 2137 3634 Etruscum
2171 3573 2461 3635 tenuere

196 3680 523 3758 unane,
618 3670 851 3741 Iussa
916 3662 1341 3760 (oraculo)
1397 3692 1596 3762 pars
1648 3678 1944 3739 mutare
1999 3668 2245 3738 Lares
2311 3674 2456 3762 etc.

199 3768 364 3850 add.
420 3772 512 3848 C.
564 3771 715 3866 IV,
773 3776 860 3864 6,
916 3777 987 3846 3.
1042 3778 1167 3848 21.
1267 3764 1652 3845 Refertur
1704 3789 2031 3867 quoque
2086 3765 2276 3844 ibid.
2331 3774 2455 3846 21.

205 3872 290 3949 ad
337 3896 882 3952 communem
952 3870 1343 3972 Apollinis
1409 3883 1491 3947 et
1540 3869 1878 3948 Veneris
1927 3893 2297 3970 operam,
2365 3881 2458 3945 ut

214 4159 323 4238 flul,
358 4164 451 4225 cui
490 4168 794 4240 excerpta
846 4153 1006 4213 haec
1048 4149 1360 4226 debemus,
1416 4151 1529 4211 etsi
1582 4172 1799 4233 parum
1853 4149 2195 4223 commode,
2253 4148 2454 4210 diesi-e

208 4249 391 4314 votm‘t:
435 4268 566 4315 ono
620 4248 767 4309 sole
818 4241 1096 4300 Aeneam
1150 4256 1228 4296 ex
1283 4237 1525 4298 sedibus
1579 4238 1661 4297 ad
1722 4237 1886 4300 ldsm
1949 4235 2310 4308 discessisse,
2383 4244 2453 4294 ut

196 4339 250 4402 sb
293 4342 402 4430 ipo
464 4336 736 4422 Virgilio
810 4325 907 4400 11,
981 4326 1124 4387 801.
1174 4323 1238 4382 in
1301 4323 1565 4383 discessu
1629 4321 1894 4384 Aeneae:
1973 4324 2226 4401 lamque
2287 4323 2452 4398 iugis

182 4455 391 4499 m
433 4423 765 4512 meabat
821 4407 1097 4486 βαι-ᾔει·
1134 4408 1283 4468 Idae
1303 4454 1321 4484 ,
1392 4407 1787 4490 Ducebatqeoe
1827 4410 1989 4468 diem
2039 4439 2114 4453 —
2167 4407 2332 4490 Cossi
2369 4443 2444 4453 -—
