2882 5028
543 469 1158 547 AENEIDOS
1219 469 1431 545 ΜΒ.
1487 469 1620 564 VI,
1678 471 2113 550 529—539

167 659 334 731 Hac
366 655 536 731 vice
564 678 1037 732 sermonum
1063 655 1315 732 roseis
1344 660 1649 731 Aurora
1684 653 2081 755 quadrigis

164 762 337 836 lam
365 757 730 835 medium
765 759 1118 836 aetherio
1154 783 1386 835 cursu
1415 760 1825 834 traiecerat
1857 783 2118 837 axem:

2274 480 2424 550 929

2271 619 2422 740 535

162 866 272 939 Et
305 860 472 937 fors
503 886 746 938 omne
783 862 1054 939 datum
1074 863 1500 939 traherent
1528 887 1676 961 per
1702 861 1884 940 talia
1917 875 2275 964 tempus3

168 965 336 1042 Sed
390 990 663 1042 comes
720 965 1173 1062 admonuit,
1243 966 1751 1066 breviterque
1813 962 2073 1041 adfata
2133 967 2423 1065 Sibylla

1336 1083 1494 1148 est:

163 1177 345 1251 Nox
384 1175 580 1272 ruit,
634 1178 942 1266 Aenea;
996 1197 1146 1248 nos
1180 1168 1458 1249 flendo
1500 1171 1865 1249 ducimus
1896 1170 2152 1251 horas,

312 1381 417 1438 535
450 1389 534 1435 Ac
574 1384 706 1448 Reg.
810 1382 915 1439 5³6
948 1393 1302 1452 tranaeegerae
1326 1398 1427 1451 pro
1454 1379 1559 1432 div.
1588 1379 1712 1433 lect.
1732 1397 1814 1449 pr.
1845 1381 2032 1432 Hamb.

2157 1381 2263 1437 537
2297 1393 2422 1435 tra-

164 1453 329 1504 heret
359 1453 542 1504 Franc-
612 1451 847 1519 (—538.
886 1465 972 1503 est
1004 1451 1057 1502 iu
1097 1452 1337 1503 Mediceo
1358 1460 1441 1503 est
1469 1451 1673 1504 alienae
1707 1467 1914 1511 manum
1957 1450 2064 1502 vid.
2094 1452 2160 1513 Q.
2191 1454 2256 1504 V.
2298 1453 2422 1518 XV,

167 1525 219 1575 1.
266 1522 413 1588 Wr.)
531 1522 636 1577 539
670 1540 782 1573 non
798 1523 873 1591 fl.
906 1522 988 1573 ed.
1015 1524 1076 1572 D.
1106 1521 1288 1573 Heius.

166 1680 365 1739 infera
426 1680 637 1739 referri
695 1678 968 1738 solitum:
1041 1689 1102 1738 et
1159 1700 1265 1738 aer

168 1764 445 1824 tta-bidus,-
472 1784 586 1844 pro
622 1764 896 1823 obscuro.

260 1849 388 1916 535
409 1884 483 1896 —
506 1853 648 1916 539.
705 1853 847 1909 Hac
880 1851 1011 1908 vice
1036 1871 1259 1908 sermo-

166 1958 322 1997 num
355 1936 620 1995 Guellius
663 1937 928 1995 illustrat
972 1954 1079 2015 per
1128 1936 1260 1994 Ho-

168 2022 465 2082 mericum
517 2025 662 2083 Νῶϊ
707 2019 820 2102 μὲν
859 2017 944 2095 ὣς
986 2021 1260 2084 ἐπέεσσιν

168 2101 598 2266 ἐὲἕβόὲξθῖιῑς
643 2107 1262 2274 ἓᾱὲιήῒξῇῗῖΐιρῧ

168 2272 417 2361 βλήδην
495 2219 807 2359 ἆγοζευον.
923 2280 1015 2337 Ex
1073 2279 1262 2337 altero

168 2385 359 2425 versu
403 2382 465 2422 se
512 2385 633 2423 non
676 2364 921 2443 expedit
962 2365 1263 2425 Burman-

169 2470 332 2526 nus,-
356 2467 549 2529 neque
579 2469 685 2529 ego
710 2470 824 2526 me,
871 2469 1064 2530 neque
1093 2451 1262 2527 alius,

169 2556 358 2617 quem
419 2536 660 2615 quidem
727 2537 941 2596 norim.
1039 2538 1265 2596 Verum

169 2623 647 2703 disputationem
666 2620 825 2681 hanc
844 2624 905 2681 in
925 2624 1264 2682 Excursum

172 2710 259 2770 nd
288 2708 348 2768 h.
379 2730 439 2769 v.
470 2729 635 2767 nunc
672 2710 864 2771 reieci.
954 2709 1036 2766 De
1065 2709 1265 2768 verbis

170 2795 423 2874 singulis
473 2802 714 2853 tantum
749 2795 1023 2855 monebo.
1108 2798 1267 2853 Axis

167 2880 345 2942 haud
417 2880 598 2939 dubie
665 2882 860 2961 poefis
927 2900 1040 2960 pro
1101 2879 1263 2938 caelo

172 2966 427 3028 omnino
457 2965 673 3036 dictus,
718 2977 790 3026 ut
814 2974 875 3024 et
901 2966 1057 3026 alibi.
1142 2967 1266 3024 Fa-

172 3054 265 3113 cit
314 3061 517 3111 autem
544 3053 781 3111 Aurora
807 3051 1109 3132 quadrigis
1145 3053 1265 3110 suis

173 3139 257 3198 ab
285 3137 511 3197 oriente
550 3147 756 3198 evecta
798 3139 1116 3198 decursum
1159 3156 1266 3217 per

173 3224 330 3285 caeli
361 3243 701 3285 convexum
736 3243 945 3283 versus
982 3224 1267 3283 occiden-

172 3320 308 3371 tem
337 3309 548 3369 eodem
587 3309 767 3368 modo
811 3321 991 3387 atque
1035 3312 1120 3381 is,
1165 3309 1269 3387 qui

174 3395 568 3473 subsequitur
609 3396 799 3470 illam,
858 3394 978 3454 Sol.
1065 3395 1265 3454 Auro-

140 3482 290 3543 ‘rae
340 3481 662 3540 decursum
716 3480 882 3539 hunc
947 3490 1097 3560 puta
1136 3480 1267 3539 fieri

174 3569 347 3628 intra
375 3576 614 3645 tempus
644 3566 892 3626 diluculi
921 3577 983 3625 et
1009 3567 1126 3625 orti
1153 3569 1269 3625 So-

174 3654 277 3714 lis.
334 3653 535 3712 Noctu
564 3654 720 3711 enim
749 3655 971 3712 sactum
1000 3661 1130 3711 erat
1168 3673 1268 3710 sa·-

177 3759 388 3813 crum3
440 3740 558 3799 iter
586 3747 789 3798 autem
828 3738 1071 3817 iugi-esai
1097 3746 1271 3797 erant

178 3824 265 3884 ad
308 3825 499 3884 infera
530 3825 660 3883 loca
691 3824 812 3885 iam
859 3824 970 3884 sub
1017 3822 1271 3883 diluculi

177 3920 443 3991 tempus,
473 3913 668 3989 primi
690 3911 801 3969 sub
846 3912 1083 3969 lumina
1113 3910 1271 3968 Solis

180 4010 241 4056 et
281 4008 440 4055 otim
480 4015 540 4056 v.
585 3996 730 4062 255.
814 3996 1004 4076 Igitur
1031 3994 1270 4054 Aurora

180 4084 306 4143 iam
342 4080 490 4140 caeli
518 4091 748 4161 partem
774 4082 1030 4160 aliquam
1052 4124 1069 4155 ,
1112 4100 1270 4157 nam,

181 4188 264 4228 ex
297 4167 533 4246 vulgari
588 4178 904 4247 poetarum
946 4187 1093 4241 usu,
1152 4185 1272 4243 quo

178 4255 348 4314 intra
399 4254 550 4313 fines
609 4255 809 4313 omnia
862 4262 1006 4313 sunt
1045 4256 1269 4328 media,

181 4340 254 4400 id
286 4358 527 4418 quoque
555 4340 819 4399 medium
846 4341 1083 4398 caelum
1122 4357 1271 4417 poe-

180 4434 282 4485 tae
316 4424 435 4484 dici
482 4433 711 4505 potest,
757 4445 938 4485 cursu
979 4433 1271 4504 exegerat,

177 4521 255 4572 ut
307 4529 438 4571 nox
488 4530 656 4570 nunc
706 4530 955 4591 prorsus
1023 4510 1272 4592 depulm

288 4614 603 4689 Vmffln.
658 4614 870 4687 ΤοΜ.
911 4609 999 4687 ΙΙ.

1346 1687 1523 1756 esset5
1591 1679 1798 1758 itaque
1854 1689 2028 1761 poeta
2087 1680 2202 1739 ait:
2273 1682 2422 1740 Nox

1342 1769 1461 1848 ruit
1480 1809 1499 1840 ,
1560 1766 1789 1823 Aenea.
1898 1764 2176 1845 Argutias
2218 1775 2423 1846 captat

1344 1850 1590 1910 Servius
1617 1870 1754 1909 cum
1778 1848 1923 1910 aliis.
1975 1851 2227 1910 Saniora
2252 1852 2424 1912 affert

1344 1936 1557 1995 Cerda.
1653 1935 1741 1993 De
1775 1936 2009 1994 reditus
2058 1936 2137 1995 ad
2177 1956 2423 2017 superos

1344 2029 1616 2100 tempore
1642 2021 1729 2079 nil
1750 2030 2044 2080 memorat
2059 2031 2252 2100 poeta.
2302 2024 2424 2082 lta-

1345 2126 1462 2185 que
1489 2127 1598 2166 nec
1626 2106 1701 2165 de
1728 2125 1797 2166 eo
1824 2105 2241 2167 laborandum.
2285 2108 2423 2183 Sed,

1347 2212 1424 2252 ex
1458 2213 1766 2254 sacrorum
1801 2191 2078 2252 Manibus
2121 2194 2426 2253 sactorum

1347 2298 1547 2355 more,
1605 2286 1741 2337 orto
1786 2278 1915 2352 die,
1974 2280 2100 2339 sive
2141 2277 2263 2338 hoc
2300 2279 2426 2361 sive

1349 2365 1503 2441 alio,
1560 2363 1787 2423 Aeneas
1829 2365 2021 2428 infera
2067 2363 2200 2425 loca
2238 2365 2427 2426 relin-

1347 2470 1532 2531 quere
1575 2451 1783 2510 debuit
1795 2471 1812 2528 ;
1878 2459 1952 2509 ut
1992 2450 2249 2511 vicissim
2288 2472 2425 2511 cum

1349 2546 1493 2597 ortu
1513 2537 1666 2597 Solis
1707 2536 1912 2595 Manes
1953 2536 2033 2596 ad
2067 2538 2264 2597 infera
2295 2538 2428 2596 loca

1346 2624 1546 2683 redire
1568 2622 1779 2699 solent.
1864 2622 1950 2680 De
1974 2623 2188 2682 ceteris
2214 2644 2271 2683 v.
2298 2622 2426 2682 Ex-

1348 2729 1591 2768 cursum
1619 2704 1798 2766 x1**.
1857 2704 2073 2788 (Miror
2104 2706 2252 2767 haec
2276 2707 2427 2767 adeo

1348 2795 1614 2854 difficilia
1646 2791 1844 2852 videri
1880 2793 2146 2872 potuisse
2172 2794 2426 2873 Heynio.

1350 2882 1497 2940 Rem
1528 2879 1759 2939 dudum
1788 2877 2094 2958 expedivit
2122 2880 2163 2937 Ι.
2181 2880 2257 2940 Η.
2273 2879 2428 2938 Vos-

1350 2967 1471 3025 sius
1501 2968 1721 3044 Epicu.
1745 2964 2092 3041 Mytholog.
2130 2966 2196 3027 T.
2222 2965 2292 3025 11.
2321 2965 2427 3045 Ep.

1352 3051 1502 3111 vm.
1526 3072 1612 3130 sq.
1671 3053 1853 3109 Sacra
1875 3049 2117 3128 quidem
2153 3050 2279 3130 ipsa
2313 3071 2429 3109 no-

1352 3145 1456 3196 ctu
1486 3137 1643 3196 facta
1676 3137 1936 3212 fuerant,
1983 3144 2057 3195 ut
2087 3134 2217 3195 fieri
2243 3136 2429 3196 debe-

1352 3223 1536 3300 bant5
1602 3222 1706 3281 sed
1747 3240 1824 3279 ne
1870 3240 1980 3301 per
2013 3229 2212 3281 totum
2265 3222 2428 3281 inae-

1354 3317 1638 3386 quentem
1680 3306 1838 3366 diem
1883 3305 2118 3367 Aeneas·
2136 3307 2302 3387 apud·
2328 3309 2430 3367 in-

1352 3396 1510 3453 feros
1577 3401 1878 3467 maneret,
1958 3412 2113 3471 quae
2184 3394 2431 3454 tandem

1354 3479 1558 3559 opinio
1621 3489 1926 3554 veterum,
2000 3497 2153 3557 quae
2207 3480 2432 3559 religio,

1351 3565 1644 3626 vetabat?
1768 3565 1891 3623 Neo
1965 3573 2260 3643 poterant,
2316 3565 2435 3625 iata

1354 3652 1573 3727 omnia,
1612 3671 1764 3729 quae
1789 3651 1866 3710 de
1894 3650 2126 3709 Aeneae
2153 3650 2315 3732 apud
2334 3652 2434 3711 in-

1351 3738 1513 3797 feros
1549 3737 2020 3796 commoratione
2049 3735 2236 3796 relata
2257 3747 2432 3812 eunt,

1350 3823 1514 3882 intra
1540 3833 1665 3882 tam
1696 3823 1980 3901 exiguum
2005 3823 2263 3902 spatium
2290 3824 2435 3901 geri,

1352 3917 1428 3968 ut
1485 3917 1626 3968 ante
1706 3918 1908 3969 ortum
1970 3907 2127 3967 diem
2187 3908 2433 3973 rediret.

1355 3998 1653 4054 Auroram
1685 4004 1886 4055 autem
1912 4012 2084 4052 mane
2130 3993 2204 4051 ab
2232 3993 2435 4053 orien-

1355 4080 1464 4139 tali
1496 4083 1668 4161 plaga
1705 4082 2037 4160 profectam
2081 4086 2275 4137 totum
2315 4099 2435 4138 una

1356 4186 1497 4226 cum
1523 4167 1659 4226 Sole
1687 4168 1804 4226 iter
1854 4185 1962 4246 per
2006 4164 2236 4223 coelum
2272 4182 2436 4222 eme-

1353 4252 1458 4312 firi
1473 4263 1703 4313 veteres
1723 4251 2095 4325 statuebant3
2124 4249 2246 4308 vid.
2273 4249 2437 4309 voss.

1355 4338 1399 4398 l.
1429 4338 1502 4415 l.;
1547 4357 1698 4417 quae
1738 4356 1927 4415 quum
1971 4333 2231 4394 medium
2261 4354 2439 4395 axem

1353 4425 1501 4483 iam
1559 4423 2021 4493 traiecisse,
2092 4440 2216 4479 non
2277 4429 2439 4480 tre-

1353 4510 1599 4570 iicere
1640 4509 1902 4583 modo,
1956 4505 2226 4587 dicatur,
2278 4515 2438 4566 tem-

1816 4608 2106 4681 v.-‘)!).
