<?xml version="1.0" encoding="UTF-8"?>
<!DOCTYPE html PUBLIC "-//W3C//DTD XHTML 1.0 Transitional//EN"
    "http://www.w3.org/TR/xhtml1/DTD/xhtml1-transitional.dtd">
<html xmlns="http://www.w3.org/1999/xhtml" xml:lang="en" lang="en">
 <head>
  <title>
</title>
<meta http-equiv="Content-Type" content="text/html;charset=utf-8" />
  <meta name='ocr-system' content='tesseract 3.04.00' />
  <meta name='ocr-capabilities' content='ocr_page ocr_carea ocr_par ocr_line ocrx_word'/>
</head>
<body>
  <div class='ocr_page' id='page_1' title='image "./pvblivsvirgiliv00sillgoog/pvblivsvirgiliv00sillgoog_0947.png"; bbox 0 0 2882 5028; ppageno 0'>
   <div class='ocr_carea' id='block_1_1' title="bbox 464 373 619 451">
    <p class='ocr_par' dir='ltr' id='par_1_1' title="bbox 464 373 619 451">
     <span class='ocr_line' id='line_1_1' title="bbox 464 373 619 451; baseline -0.026 0"><span class='ocrx_word' id='word_1_1' title='bbox 464 373 619 451; x_wconf 77' lang='lat'><strong>924</strong></span> 
     </span>
    </p>
   </div>
   <div class='ocr_carea' id='block_1_2' title="bbox 944 361 2232 443">
    <p class='ocr_par' dir='ltr' id='par_1_2' title="bbox 944 361 2232 443">
     <span class='ocr_line' id='line_1_2' title="bbox 944 361 2232 443; baseline -0.003 -2"><span class='ocrx_word' id='word_1_2' title='bbox 944 368 1027 443; x_wconf 79' lang='lat' dir='ltr'><strong>P.</strong></span> <span class='ocrx_word' id='word_1_3' title='bbox 1079 364 1616 443; x_wconf 89' lang='lat' dir='ltr'><strong>VIRGILII</strong></span> <span class='ocrx_word' id='word_1_4' title='bbox 1666 361 2232 441; x_wconf 83' lang='lat' dir='ltr'><strong>MARONIS</strong></span> 
     </span>
    </p>
   </div>
   <div class='ocr_carea' id='block_1_3' title="bbox 461 549 2730 760">
    <p class='ocr_par' dir='ltr' id='par_1_3' title="bbox 461 549 2730 760">
     <span class='ocr_line' id='line_1_3' title="bbox 467 549 2340 656; baseline -0.002 -25"><span class='ocrx_word' id='word_1_5' title='bbox 467 552 904 656; x_wconf 68' lang='lat' dir='ltr'>Suppliciag</span> <span class='ocrx_word' id='word_1_6' title='bbox 952 566 1031 630; x_wconf 86' lang='lat' dir='ltr'><strong>et</strong></span> <span class='ocrx_word' id='word_1_7' title='bbox 1060 553 1270 628; x_wconf 85' lang='lat' dir='ltr'><strong>notis</strong></span> <span class='ocrx_word' id='word_1_8' title='bbox 1303 550 1701 653; x_wconf 82' lang='lat' dir='ltr'><strong>conpellat</strong></span> <span class='ocrx_word' id='word_1_9' title='bbox 1728 550 2058 626; x_wconf 88' lang='lat' dir='ltr'>vocibus</span> <span class='ocrx_word' id='word_1_10' title='bbox 2089 549 2340 628; x_wconf 82' lang='lat' dir='ltr'><strong>ultro:</strong></span> 
     </span>
     <span class='ocr_line' id='line_1_4' title="bbox 461 654 2730 760; baseline -0.004 -22"><span class='ocrx_word' id='word_1_11' title='bbox 461 657 889 760; x_wconf 82' lang='lat' dir='ltr'><strong>Deiphobe</strong></span> <span class='ocrx_word' id='word_1_12' title='bbox 917 657 1445 756; x_wconf 81' lang='lat' dir='ltr'><strong>armipotenS,</strong></span> <span class='ocrx_word' id='word_1_13' title='bbox 1497 679 1749 754; x_wconf 85' lang='lat' dir='ltr'><strong>genus</strong></span> <span class='ocrx_word' id='word_1_14' title='bbox 1793 654 1949 729; x_wconf 87' lang='lat' dir='ltr'><strong>alto</strong></span> <span class='ocrx_word' id='word_1_15' title='bbox 1997 680 2040 728; x_wconf 90' lang='lat' dir='ltr'><strong>a</strong></span> <span class='ocrx_word' id='word_1_16' title='bbox 2087 658 2473 751; x_wconf 81' lang='lat' dir='ltr'><strong>sanguine</strong></span> <span class='ocrx_word' id='word_1_17' title='bbox 2524 660 2730 729; x_wconf 87' lang='lat' dir='ltr'><strong>Teu-</strong></span> 
     </span>
    </p>
   </div>
   <div class='ocr_carea' id='block_1_4' title="bbox 1634 759 2732 853">
    <p class='ocr_par' dir='ltr' id='par_1_4' title="bbox 1634 759 2732 853">
     <span class='ocr_line' id='line_1_5' title="bbox 1634 759 2732 853; baseline 0.005 -21"><span class='ocrx_word' id='word_1_18' title='bbox 1634 759 1768 853; x_wconf 72' lang='lat' dir='ltr'>cri,</span> <span class='ocrx_word' id='word_1_19' title='bbox 2593 766 2732 838; x_wconf 88' lang='grc'><strong>500</strong></span> 
     </span>
    </p>
   </div>
   <div class='ocr_carea' id='block_1_5' title="bbox 461 861 2734 1687">
    <p class='ocr_par' dir='ltr' id='par_1_5' title="bbox 466 861 2290 963">
     <span class='ocr_line' id='line_1_6' title="bbox 466 861 2290 963; baseline -0.001 -26"><span class='ocrx_word' id='word_1_20' title='bbox 466 863 660 957; x_wconf 86' lang='lat' dir='ltr'>Quis</span> <span class='ocrx_word' id='word_1_21' title='bbox 688 875 852 938; x_wconf 86' lang='lat' dir='ltr'><strong>tam</strong></span> <span class='ocrx_word' id='word_1_22' title='bbox 887 861 1230 939; x_wconf 85' lang='lat' dir='ltr'><strong>crudelis</strong></span> <span class='ocrx_word' id='word_1_23' title='bbox 1261 862 1558 963; x_wconf 81' lang='lat' dir='ltr'><strong>optavit</strong></span> <span class='ocrx_word' id='word_1_24' title='bbox 1584 886 1903 937; x_wconf 82' lang='lat' dir='ltr'><strong>sumere</strong></span> <span class='ocrx_word' id='word_1_25' title='bbox 1941 868 2290 960; x_wconf 85' lang='lat' dir='ltr'><strong>poenas?</strong></span> 
     </span>
    </p>

    <p class='ocr_par' dir='ltr' id='par_1_6' title="bbox 461 962 2470 1274">
     <span class='ocr_line' id='line_1_7' title="bbox 464 962 2470 1064; baseline -0.002 -22"><span class='ocrx_word' id='word_1_26' title='bbox 464 966 613 1042; x_wconf 87' lang='lat' dir='ltr'><strong>Cui</strong></span> <span class='ocrx_word' id='word_1_27' title='bbox 648 979 959 1042; x_wconf 85' lang='lat' dir='ltr'><strong>tantum</strong></span> <span class='ocrx_word' id='word_1_28' title='bbox 993 965 1094 1041; x_wconf 90' lang='lat' dir='ltr'><strong>de</strong></span> <span class='ocrx_word' id='word_1_29' title='bbox 1132 979 1211 1041; x_wconf 85' lang='lat' dir='ltr'><strong>te</strong></span> <span class='ocrx_word' id='word_1_30' title='bbox 1248 966 1514 1042; x_wconf 84' lang='lat' dir='ltr'>licuit?</span> <span class='ocrx_word' id='word_1_31' title='bbox 1615 965 1814 1041; x_wconf 88' lang='lat' dir='ltr'>Mihi</span> <span class='ocrx_word' id='word_1_32' title='bbox 1849 962 2056 1038; x_wconf 85' lang='lat' dir='ltr'><strong>fama</strong></span> <span class='ocrx_word' id='word_1_33' title='bbox 2085 986 2470 1064; x_wconf 89' lang='lat' dir='ltr'><strong>suprema</strong></span> 
     </span>
     <span class='ocr_line' id='line_1_8' title="bbox 461 1067 2350 1164; baseline -0.004 -17"><span class='ocrx_word' id='word_1_34' title='bbox 461 1073 718 1147; x_wconf 81' lang='lat' dir='ltr'><strong>Nocte</strong></span> <span class='ocrx_word' id='word_1_35' title='bbox 745 1070 928 1145; x_wconf 83' lang='lat' dir='ltr'><strong>tulit</strong></span> <span class='ocrx_word' id='word_1_36' title='bbox 956 1067 1258 1145; x_wconf 84' lang='lat' dir='ltr'><strong>fessum</strong></span> <span class='ocrx_word' id='word_1_37' title='bbox 1287 1081 1496 1144; x_wconf 83' lang='lat' dir='ltr'><strong>vasta</strong></span> <span class='ocrx_word' id='word_1_38' title='bbox 1535 1080 1613 1143; x_wconf 85' lang='lat' dir='ltr'><strong>te</strong></span> <span class='ocrx_word' id='word_1_39' title='bbox 1652 1067 1895 1144; x_wconf 82' lang='lat' dir='ltr'><strong>caede</strong></span> <span class='ocrx_word' id='word_1_40' title='bbox 1929 1067 2350 1164; x_wconf 80' lang='lat' dir='ltr'><strong>Pelasgum</strong></span> 
     </span>
     <span class='ocr_line' id='line_1_9' title="bbox 461 1169 2405 1274; baseline -0.001 -25"><span class='ocrx_word' id='word_1_41' title='bbox 461 1173 990 1249; x_wconf 86' lang='lat' dir='ltr'><strong>Procubuisse</strong></span> <span class='ocrx_word' id='word_1_42' title='bbox 1018 1195 1260 1274; x_wconf 88' lang='lat' dir='ltr'><strong>super</strong></span> <span class='ocrx_word' id='word_1_43' title='bbox 1293 1169 1669 1247; x_wconf 86' lang='lat' dir='ltr'><strong>confusae</strong></span> <span class='ocrx_word' id='word_1_44' title='bbox 1705 1172 1975 1269; x_wconf 81' lang='lat' dir='ltr'><strong>stragis</strong></span> <span class='ocrx_word' id='word_1_45' title='bbox 2003 1194 2405 1247; x_wconf 84' lang='lat' dir='ltr'><strong>acervum.</strong></span> 
     </span>
    </p>

    <p class='ocr_par' dir='ltr' id='par_1_7' title="bbox 464 1273 2734 1477">
     <span class='ocr_line' id='line_1_10' title="bbox 464 1273 2734 1375; baseline -0.003 -23"><span class='ocrx_word' id='word_1_46' title='bbox 464 1280 696 1352; x_wconf 90' lang='lat' dir='ltr'><strong>Tunc</strong></span> <span class='ocrx_word' id='word_1_47' title='bbox 730 1289 1052 1375; x_wconf 82' lang='lat' dir='ltr'><strong>egomet</strong></span> <span class='ocrx_word' id='word_1_48' title='bbox 1075 1275 1472 1352; x_wconf 78' lang='lat' dir='ltr'><strong>tumulum</strong></span> <span class='ocrx_word' id='word_1_49' title='bbox 1492 1274 1864 1352; x_wconf 83' lang='lat' dir='ltr'><strong>Rhoeteo</strong></span> <span class='ocrx_word' id='word_1_50' title='bbox 1885 1278 1965 1350; x_wconf 92' lang='lat' dir='ltr'><strong>in</strong></span> <span class='ocrx_word' id='word_1_51' title='bbox 1981 1273 2211 1349; x_wconf 82' lang='lat' dir='ltr'><strong>litore</strong></span> <span class='ocrx_word' id='word_1_52' title='bbox 2235 1274 2583 1356; x_wconf 86' lang='lat' dir='ltr'><strong>inanem</strong></span> <span class='ocrx_word' id='word_1_53' title='bbox 2598 1278 2734 1351; x_wconf 73' lang='lat'><strong>505</strong></span> 
     </span>
     <span class='ocr_line' id='line_1_11' title="bbox 464 1379 2341 1477; baseline -0.001 -21"><span class='ocrx_word' id='word_1_54' title='bbox 464 1381 897 1475; x_wconf 85' lang='lat' dir='ltr'><strong>Constitui,</strong></span> <span class='ocrx_word' id='word_1_55' title='bbox 953 1393 1032 1455; x_wconf 87' lang='lat' dir='ltr'><strong>et</strong></span> <span class='ocrx_word' id='word_1_56' title='bbox 1063 1402 1346 1477; x_wconf 82' lang='lat' dir='ltr'><strong>magna</strong></span> <span class='ocrx_word' id='word_1_57' title='bbox 1370 1379 1625 1454; x_wconf 87' lang='lat' dir='ltr'>Manis</span> <span class='ocrx_word' id='word_1_58' title='bbox 1658 1391 1784 1454; x_wconf 87' lang='lat' dir='ltr'><strong>ter</strong></span> <span class='ocrx_word' id='word_1_59' title='bbox 1812 1402 2008 1454; x_wconf 87' lang='lat' dir='ltr'><strong>voce</strong></span> <span class='ocrx_word' id='word_1_60' title='bbox 2040 1381 2341 1454; x_wconf 82' lang='lat' dir='ltr'><strong>vocavi.</strong></span> 
     </span>
    </p>

    <p class='ocr_par' dir='ltr' id='par_1_8' title="bbox 461 1480 2733 1687">
     <span class='ocr_line' id='line_1_12' title="bbox 461 1480 2733 1582; baseline -0.003 -23"><span class='ocrx_word' id='word_1_61' title='bbox 461 1487 783 1559; x_wconf 84' lang='lat' dir='ltr'><strong>Nomen</strong></span> <span class='ocrx_word' id='word_1_62' title='bbox 817 1497 896 1558; x_wconf 87' lang='lat' dir='ltr'><strong>et</strong></span> <span class='ocrx_word' id='word_1_63' title='bbox 923 1509 1139 1558; x_wconf 85' lang='lat' dir='ltr'><strong>arma</strong></span> <span class='ocrx_word' id='word_1_64' title='bbox 1170 1483 1438 1558; x_wconf 88' lang='lat' dir='ltr'><strong>locum</strong></span> <span class='ocrx_word' id='word_1_65' title='bbox 1478 1495 1830 1575; x_wconf 82' lang='lat' dir='ltr'><strong>servant3</strong></span> <span class='ocrx_word' id='word_1_66' title='bbox 1885 1495 2000 1577; x_wconf 82' lang='lat' dir='ltr'><strong>te,</strong></span> <span class='ocrx_word' id='word_1_67' title='bbox 2057 1481 2351 1576; x_wconf 82' lang='lat' dir='ltr'>amice,</span> <span class='ocrx_word' id='word_1_68' title='bbox 2412 1480 2733 1582; x_wconf 80' lang='lat' dir='ltr'><strong>nequivi</strong></span> 
     </span>
     <span class='ocr_line' id='line_1_13' title="bbox 465 1584 2459 1687; baseline -0.001 -25"><span class='ocrx_word' id='word_1_69' title='bbox 465 1587 951 1686; x_wconf 88' lang='lat' dir='ltr'><strong>Conspicere</strong></span> <span class='ocrx_word' id='word_1_70' title='bbox 975 1648 996 1684; x_wconf 93' lang='lat'>,</span> <span class='ocrx_word' id='word_1_71' title='bbox 1052 1600 1133 1664; x_wconf 87' lang='lat' dir='ltr'><strong>et</strong></span> <span class='ocrx_word' id='word_1_72' title='bbox 1157 1586 1405 1687; x_wconf 84' lang='lat' dir='ltr'><strong>patria</strong></span> <span class='ocrx_word' id='word_1_73' title='bbox 1440 1584 1843 1661; x_wconf 89' lang='lat' dir='ltr'><strong>decedens</strong></span> <span class='ocrx_word' id='word_1_74' title='bbox 1869 1608 2175 1687; x_wconf 89' lang='lat' dir='ltr'><strong>ponere</strong></span> <span class='ocrx_word' id='word_1_75' title='bbox 2214 1596 2459 1660; x_wconf 81' lang='lat' dir='ltr'><strong>terra.</strong></span> 
     </span>
    </p>
   </div>
   <div class='ocr_carea' id='block_1_6' title="bbox 605 1756 1929 1832">
    <p class='ocr_par' dir='ltr' id='par_1_9' title="bbox 605 1756 1929 1832">
     <span class='ocr_line' id='line_1_14' title="bbox 605 1756 1929 1832; baseline -0.005 -16"><span class='ocrx_word' id='word_1_76' title='bbox 605 1756 710 1816; x_wconf 78' lang='lat'><strong>499</strong></span> <span class='ocrx_word' id='word_1_77' title='bbox 750 1762 914 1812; x_wconf 72' lang='lat' dir='ltr'><strong>notae&#39;e.</strong></span> <span class='ocrx_word' id='word_1_78' title='bbox 958 1762 1035 1812; x_wconf 91' lang='lat' dir='ltr'><strong>lo.</strong></span> <span class='ocrx_word' id='word_1_79' title='bbox 1083 1760 1360 1813; x_wconf 82' lang='lat' dir='ltr'><strong>Schrader.</strong></span> <span class='ocrx_word' id='word_1_80' title='bbox 1404 1760 1635 1813; x_wconf 70' lang='lat' dir='ltr'><strong>malebat</strong></span> <span class='ocrx_word' id='word_1_81' title='bbox 1673 1759 1929 1832; x_wconf 76' lang='lat' dir='ltr'><strong>placidis.</strong></span> 
     </span>
    </p>
   </div>
   <div class='ocr_carea' id='block_1_7' title="bbox 2066 1758 2730 1825">
    <p class='ocr_par' dir='ltr' id='par_1_10' title="bbox 2066 1758 2730 1825">
     <span class='ocr_line' id='line_1_15' title="bbox 2066 1758 2730 1825; baseline -0.011 -12"><span class='ocrx_word' id='word_1_82' title='bbox 2066 1758 2171 1813; x_wconf 86' lang='grc'><strong>500</strong></span> <span class='ocrx_word' id='word_1_83' title='bbox 2226 1777 2264 1809; x_wconf 83' lang='lat' dir='ltr'><strong><em>a</em></strong></span> <span class='ocrx_word' id='word_1_84' title='bbox 2310 1758 2482 1809; x_wconf 78' lang='lat' dir='ltr'><strong>deest</strong></span> <span class='ocrx_word' id='word_1_85' title='bbox 2523 1767 2730 1825; x_wconf 66' lang='lat' dir='ltr'><strong>quntum</strong></span> 
     </span>
    </p>
   </div>
   <div class='ocr_carea' id='block_1_8' title="bbox 459 1826 2730 1895">
    <p class='ocr_par' dir='ltr' id='par_1_11' title="bbox 459 1826 2730 1895">
     <span class='ocr_line' id='line_1_16' title="bbox 459 1826 2730 1895; baseline 0.001 -16"><span class='ocrx_word' id='word_1_86' title='bbox 459 1826 674 1892; x_wconf 61' lang='lat' dir='ltr'><strong>Heium,</strong></span> <span class='ocrx_word' id='word_1_87' title='bbox 710 1846 839 1881; x_wconf 76' lang='lat' dir='ltr'><strong>unus</strong></span> <span class='ocrx_word' id='word_1_88' title='bbox 880 1828 963 1883; x_wconf 84' lang='lat' dir='ltr'><strong>ab.</strong></span> <span class='ocrx_word' id='word_1_89' title='bbox 1042 1833 1307 1882; x_wconf 81' lang='lat' dir='ltr'><strong>Teucrum</strong></span> <span class='ocrx_word' id='word_1_90' title='bbox 1338 1830 1443 1881; x_wconf 86' lang='lat' dir='ltr'><strong>duo</strong></span> <span class='ocrx_word' id='word_1_91' title='bbox 1478 1830 1629 1881; x_wconf 88' lang='lat' dir='ltr'><strong>Leid.</strong></span> <span class='ocrx_word' id='word_1_92' title='bbox 1707 1832 1915 1881; x_wconf 82' lang='lat' dir='ltr'><strong>Teucro</strong></span> <span class='ocrx_word' id='word_1_93' title='bbox 1951 1836 2074 1878; x_wconf 84' lang='lat' dir='ltr'><strong>tert.</strong></span> <span class='ocrx_word' id='word_1_94' title='bbox 2112 1846 2142 1879; x_wconf 82' lang='lat' dir='ltr'><strong>a</strong></span> <span class='ocrx_word' id='word_1_95' title='bbox 2174 1846 2243 1878; x_wconf 89' lang='lat' dir='ltr'><strong>m.</strong></span> <span class='ocrx_word' id='word_1_96' title='bbox 2281 1846 2370 1895; x_wconf 86' lang='lat' dir='ltr'><strong>pr.</strong></span> <span class='ocrx_word' id='word_1_97' title='bbox 2427 1827 2550 1877; x_wconf 80' lang='lat' dir='ltr'><strong>vid.</strong></span> <span class='ocrx_word' id='word_1_98' title='bbox 2589 1829 2627 1889; x_wconf 88' lang='lat'><strong>1,</strong></span> <span class='ocrx_word' id='word_1_99' title='bbox 2662 1829 2730 1881; x_wconf 72' lang='lat'><strong>1⁸.</strong></span> 
     </span>
    </p>
   </div>
   <div class='ocr_carea' id='block_1_9' title="bbox 461 1900 1642 1970">
    <p class='ocr_par' dir='ltr' id='par_1_12' title="bbox 461 1900 1642 1970">
     <span class='ocr_line' id='line_1_17' title="bbox 461 1900 1642 1970; baseline -0.002 -16"><span class='ocrx_word' id='word_1_100' title='bbox 461 1900 564 1954; x_wconf 84' lang='lat'><strong>501</strong></span> <span class='ocrx_word' id='word_1_101' title='bbox 617 1903 835 1970; x_wconf 71' lang='lat' dir='ltr'><strong>aptavit</strong></span> <span class='ocrx_word' id='word_1_102' title='bbox 882 1900 1064 1966; x_wconf 73' lang='lat' dir='ltr'><strong>fragm.</strong></span> <span class='ocrx_word' id='word_1_103' title='bbox 1113 1900 1283 1951; x_wconf 83' lang='lat' dir='ltr'><strong>Vatic.</strong></span> <span class='ocrx_word' id='word_1_104' title='bbox 1341 1916 1370 1950; x_wconf 76' lang='lat' dir='ltr'><strong>a</strong></span> <span class='ocrx_word' id='word_1_105' title='bbox 1421 1918 1490 1953; x_wconf 88' lang='lat' dir='ltr'><strong>m.</strong></span> <span class='ocrx_word' id='word_1_106' title='bbox 1538 1917 1642 1952; x_wconf 69' lang='lat' dir='ltr'><strong>sec.</strong></span> 
     </span>
    </p>
   </div>
   <div class='ocr_carea' id='block_1_10' title="bbox 1781 1896 2728 1965">
    <p class='ocr_par' dir='ltr' id='par_1_13' title="bbox 1781 1896 2728 1965">
     <span class='ocr_line' id='line_1_18' title="bbox 1781 1896 2728 1965; baseline -0.006 -14"><span class='ocrx_word' id='word_1_107' title='bbox 1781 1898 1884 1951; x_wconf 84' lang='lat'><strong>503</strong></span> <span class='ocrx_word' id='word_1_108' title='bbox 1934 1897 2121 1965; x_wconf 64' lang='lat' dir='ltr'><strong>fuxum</strong></span> <span class='ocrx_word' id='word_1_109' title='bbox 2167 1896 2373 1950; x_wconf 77' lang='lat' dir='ltr'><strong>zulich.</strong></span> <span class='ocrx_word' id='word_1_110' title='bbox 2429 1914 2466 1946; x_wconf 67' lang='lat' dir='ltr'><strong>a</strong></span> <span class='ocrx_word' id='word_1_111' title='bbox 2523 1915 2595 1947; x_wconf 82' lang='lat' dir='ltr'><strong>m.</strong></span> <span class='ocrx_word' id='word_1_112' title='bbox 2641 1913 2728 1945; x_wconf 60' lang='lat' dir='ltr'><strong>eet.</strong></span> 
     </span>
    </p>
   </div>
   <div class='ocr_carea' id='block_1_11' title="bbox 462 1963 2729 2036">
    <p class='ocr_par' dir='ltr' id='par_1_14' title="bbox 462 1963 2729 2036">
     <span class='ocr_line' id='line_1_19' title="bbox 462 1963 2729 2036; baseline -0.002 -18"><span class='ocrx_word' id='word_1_113' title='bbox 462 1986 518 2019; x_wconf 79' lang='lat' dir='ltr'><strong>v.</strong></span> <span class='ocrx_word' id='word_1_114' title='bbox 558 1968 627 2018; x_wconf 83' lang='lat' dir='ltr'><strong>de</strong></span> <span class='ocrx_word' id='word_1_115' title='bbox 662 1970 828 2019; x_wconf 78' lang='lat' dir='ltr'><strong>caede</strong></span> <span class='ocrx_word' id='word_1_116' title='bbox 861 1968 1035 2036; x_wconf 82' lang='lat' dir='ltr'><strong>vnlgg.</strong></span> <span class='ocrx_word' id='word_1_117' title='bbox 1073 1979 1195 2020; x_wconf 85' lang='lat' dir='ltr'><strong>ante</strong></span> <span class='ocrx_word' id='word_1_118' title='bbox 1242 1968 1379 2022; x_wconf 78' lang='lat' dir='ltr'><strong>Pier.</strong></span> <span class='ocrx_word' id='word_1_119' title='bbox 1455 1970 1524 2020; x_wconf 83' lang='lat' dir='ltr'><strong>de</strong></span> <span class='ocrx_word' id='word_1_120' title='bbox 1568 1968 1698 2019; x_wconf 73' lang='lat' dir='ltr'><strong>sede</strong></span> <span class='ocrx_word' id='word_1_121' title='bbox 1740 1967 1824 2018; x_wconf 85' lang='lat' dir='ltr'><strong>ed.</strong></span> <span class='ocrx_word' id='word_1_122' title='bbox 1873 1967 2009 2019; x_wconf 82' lang='lat' dir='ltr'><strong>ven.</strong></span> <span class='ocrx_word' id='word_1_123' title='bbox 2079 1978 2303 2019; x_wconf 72' lang='lat' dir='ltr'><strong>vastata</strong></span> <span class='ocrx_word' id='word_1_124' title='bbox 2363 1967 2551 2019; x_wconf 77' lang='lat' dir='ltr'><strong>caede</strong></span> <span class='ocrx_word' id='word_1_125' title='bbox 2597 1963 2729 2015; x_wconf 59' lang='lat' dir='ltr'><strong>Laid.</strong></span> 
     </span>
    </p>
   </div>
   <div class='ocr_carea' id='block_1_12' title="bbox 459 2035 1982 2159">
    <p class='ocr_par' dir='ltr' id='par_1_15' title="bbox 459 2035 1982 2159">
     <span class='ocr_line' id='line_1_20' title="bbox 460 2035 1982 2155; baseline -0.003 -65"><span class='ocrx_word' id='word_1_126' title='bbox 460 2035 567 2090; x_wconf 80' lang='lat'><strong>504</strong></span> <span class='ocrx_word' id='word_1_127' title='bbox 601 2036 892 2107; x_wconf 69' lang='lat' dir='ltr'><strong>consonae</strong></span> <span class='ocrx_word' id='word_1_128' title='bbox 924 2039 1060 2089; x_wconf 81' lang='lat' dir='ltr'><strong>Gud.</strong></span> <span class='ocrx_word' id='word_1_129' title='bbox 1130 2039 1314 2090; x_wconf 73' lang='lat' dir='ltr'><strong>caedis</strong></span> <span class='ocrx_word' id='word_1_130' title='bbox 1350 2057 1401 2089; x_wconf 80' lang='lat' dir='ltr'><strong>a.</strong></span> <span class='ocrx_word' id='word_1_131' title='bbox 1435 2047 1660 2107; x_wconf 85' lang='lat' dir='ltr'><strong>quatuor</strong></span> <span class='ocrx_word' id='word_1_132' title='bbox 1692 2054 1777 2155; x_wconf 51' lang='lat' dir='ltr'><strong>ap.</strong></span> <span class='ocrx_word' id='word_1_133' title='bbox 1811 2037 1982 2087; x_wconf 85' lang='lat' dir='ltr'><strong>Burm.</strong></span> 
     </span>
     <span class='ocr_line' id='line_1_21' title="bbox 459 2105 1662 2159; baseline 0 -3"><span class='ocrx_word' id='word_1_134' title='bbox 459 2105 638 2158; x_wconf 76' lang='lat' dir='ltr'><strong>Burin.</strong></span> <span class='ocrx_word' id='word_1_135' title='bbox 709 2105 912 2158; x_wconf 64' lang='lat' dir='ltr'><strong>tibimet</strong></span> <span class='ocrx_word' id='word_1_136' title='bbox 947 2110 1162 2158; x_wconf 82' lang='lat' dir='ltr'><strong>Oudart.</strong></span> <span class='ocrx_word' id='word_1_137' title='bbox 1228 2110 1286 2158; x_wconf 83' lang='lat' dir='ltr'><strong>in</strong></span> <span class='ocrx_word' id='word_1_138' title='bbox 1326 2107 1482 2158; x_wconf 68' lang='lat' dir='ltr'><strong>deest</strong></span> <span class='ocrx_word' id='word_1_139' title='bbox 1513 2109 1662 2159; x_wconf 86' lang='lat' dir='ltr'><strong>Rom.</strong></span> 
     </span>
    </p>
   </div>
   <div class='ocr_carea' id='block_1_13' title="bbox 1735 2037 2732 2173">
    <p class='ocr_par' dir='ltr' id='par_1_16' title="bbox 1735 2037 2732 2173">
     <span class='ocr_line' id='line_1_22' title="bbox 2119 2037 2730 2101; baseline -0.002 -15"><span class='ocrx_word' id='word_1_140' title='bbox 2119 2037 2226 2091; x_wconf 85' lang='lat'><strong>505</strong></span> <span class='ocrx_word' id='word_1_141' title='bbox 2261 2038 2438 2087; x_wconf 75' lang='lat' dir='ltr'><strong>Ilunc</strong></span> <span class='ocrx_word' id='word_1_142' title='bbox 2476 2040 2633 2086; x_wconf 70' lang='lat' dir='ltr'><strong>Sex-r.</strong></span> <span class='ocrx_word' id='word_1_143' title='bbox 2658 2051 2730 2101; x_wconf 67' lang='lat' dir='ltr'><strong>ap-</strong></span> 
     </span>
     <span class='ocr_line' id='line_1_23' title="bbox 1735 2104 2732 2173; baseline -0.002 -17"><span class='ocrx_word' id='word_1_144' title='bbox 1735 2123 1895 2173; x_wconf 81' lang='lat' dir='ltr'><strong>ragm.</strong></span> <span class='ocrx_word' id='word_1_145' title='bbox 1945 2104 2113 2157; x_wconf 76' lang='lat' dir='ltr'><strong>Vatic-</strong></span> <span class='ocrx_word' id='word_1_146' title='bbox 2164 2112 2221 2155; x_wconf 88' lang='lat' dir='ltr'><strong>et</strong></span> <span class='ocrx_word' id='word_1_147' title='bbox 2268 2104 2415 2155; x_wconf 73' lang='lat' dir='ltr'>binis</span> <span class='ocrx_word' id='word_1_148' title='bbox 2463 2106 2732 2155; x_wconf 71' lang='lat' dir='ltr'><strong>Burmann.</strong></span> 
     </span>
    </p>
   </div>
   <div class='ocr_carea' id='block_1_14' title="bbox 462 2174 2731 2242">
    <p class='ocr_par' dir='ltr' id='par_1_17' title="bbox 462 2174 2731 2242">
     <span class='ocr_line' id='line_1_24' title="bbox 462 2174 2731 2242; baseline 0.001 -19"><span class='ocrx_word' id='word_1_149' title='bbox 462 2180 541 2242; x_wconf 77' lang='lat' dir='ltr'><strong>(et</strong></span> <span class='ocrx_word' id='word_1_150' title='bbox 577 2174 823 2226; x_wconf 74' lang='lat' dir='ltr'><strong>omissum</strong></span> <span class='ocrx_word' id='word_1_151' title='bbox 856 2177 1007 2228; x_wconf 79' lang='lat' dir='ltr'><strong>malit</strong></span> <span class='ocrx_word' id='word_1_152' title='bbox 1042 2176 1249 2227; x_wconf 72' lang='lat' dir='ltr'><strong>Iahnius</strong></span> <span class='ocrx_word' id='word_1_153' title='bbox 1295 2178 1361 2228; x_wconf 82' lang='lat' dir='ltr'><strong>ad</strong></span> <span class='ocrx_word' id='word_1_154' title='bbox 1408 2195 1484 2227; x_wconf 73' lang='lat' dir='ltr'><strong>ve.</strong></span> <span class='ocrx_word' id='word_1_155' title='bbox 1534 2179 1688 2237; x_wconf 81' lang='lat' dir='ltr'><strong>5o9.;</strong></span> <span class='ocrx_word' id='word_1_156' title='bbox 1738 2174 1833 2226; x_wconf 72' lang='lat' dir='ltr'><strong>sed</strong></span> <span class='ocrx_word' id='word_1_157' title='bbox 1878 2174 1985 2225; x_wconf 82' lang='lat' dir='ltr'><strong>vid.</strong></span> <span class='ocrx_word' id='word_1_158' title='bbox 2035 2177 2101 2238; x_wconf 87' lang='lat' dir='ltr'><strong>Q.</strong></span> <span class='ocrx_word' id='word_1_159' title='bbox 2150 2176 2219 2228; x_wconf 83' lang='lat' dir='ltr'><strong>V.</strong></span> <span class='ocrx_word' id='word_1_160' title='bbox 2267 2176 2524 2236; x_wconf 76' lang='lat' dir='ltr'><strong>xxxn,</strong></span> <span class='ocrx_word' id='word_1_161' title='bbox 2573 2177 2628 2228; x_wconf 83' lang='lat'><strong>5.</strong></span> <span class='ocrx_word' id='word_1_162' title='bbox 2675 2200 2731 2211; x_wconf 94' lang='lat'>-</span> 
     </span>
    </p>
   </div>
   <div class='ocr_carea' id='block_1_15' title="bbox 459 2245 1999 2311">
    <p class='ocr_par' dir='ltr' id='par_1_18' title="bbox 459 2245 1999 2311">
     <span class='ocr_line' id='line_1_25' title="bbox 459 2245 1999 2311; baseline -0.002 -14"><span class='ocrx_word' id='word_1_163' title='bbox 459 2245 583 2297; x_wconf 85' lang='lat'><strong>506.</strong></span> <span class='ocrx_word' id='word_1_164' title='bbox 638 2247 829 2295; x_wconf 68' lang='lat' dir='ltr'><strong>Manis</strong></span> <span class='ocrx_word' id='word_1_165' title='bbox 872 2245 927 2296; x_wconf 86' lang='lat' dir='ltr'><strong>in</strong></span> <span class='ocrx_word' id='word_1_166' title='bbox 981 2247 1169 2297; x_wconf 83' lang='lat' dir='ltr'>Medic.</span> <span class='ocrx_word' id='word_1_167' title='bbox 1219 2246 1274 2296; x_wconf 83' lang='lat' dir='ltr'><strong>in</strong></span> <span class='ocrx_word' id='word_1_168' title='bbox 1323 2248 1524 2298; x_wconf 72' lang='lat' dir='ltr'><strong>Manes</strong></span> <span class='ocrx_word' id='word_1_169' title='bbox 1566 2255 1810 2296; x_wconf 79' lang='lat' dir='ltr'><strong>mutatur.</strong></span> <span class='ocrx_word' id='word_1_170' title='bbox 1858 2246 1999 2311; x_wconf 86' lang='lat' dir='ltr'><strong>Wr.)</strong></span> 
     </span>
    </p>
   </div>
   <div class='ocr_carea' id='block_1_16' title="bbox 2138 2243 2733 2311">
    <p class='ocr_par' dir='ltr' id='par_1_19' title="bbox 2138 2243 2733 2311">
     <span class='ocr_line' id='line_1_26' title="bbox 2138 2243 2733 2311; baseline -0.01 -13"><span class='ocrx_word' id='word_1_171' title='bbox 2138 2245 2245 2298; x_wconf 82' lang='lat'><strong>507</strong></span> <span class='ocrx_word' id='word_1_172' title='bbox 2290 2244 2457 2295; x_wconf 71' lang='lat' dir='ltr'><strong>Iocus</strong></span> <span class='ocrx_word' id='word_1_173' title='bbox 2497 2243 2733 2311; x_wconf 78' lang='lat' dir='ltr'><strong>Lougob.</strong></span> 
     </span>
    </p>
   </div>
   <div class='ocr_carea' id='block_1_17' title="bbox 459 2312 2733 2448">
    <p class='ocr_par' dir='ltr' id='par_1_20' title="bbox 459 2312 2733 2448">
     <span class='ocr_line' id='line_1_27' title="bbox 459 2312 2733 2383; baseline -0 -19"><span class='ocrx_word' id='word_1_174' title='bbox 459 2312 638 2364; x_wconf 81' lang='lat' dir='ltr'><strong>Pierii.</strong></span> <span class='ocrx_word' id='word_1_175' title='bbox 719 2313 825 2363; x_wconf 88' lang='lat' dir='ltr'><strong>Sed</strong></span> <span class='ocrx_word' id='word_1_176' title='bbox 881 2315 1050 2367; x_wconf 76' lang='lat' dir='ltr'><strong>alteru</strong></span> <span class='ocrx_word' id='word_1_177' title='bbox 1108 2313 1242 2365; x_wconf 79' lang='lat' dir='ltr'><strong>ratio</strong></span> <span class='ocrx_word' id='word_1_178' title='bbox 1307 2314 1635 2383; x_wconf 71' lang='lat' dir='ltr'><strong>exquisitior.</strong></span> <span class='ocrx_word' id='word_1_179' title='bbox 1716 2314 1785 2365; x_wconf 78' lang='lat' dir='ltr'><strong>cf.</strong></span> <span class='ocrx_word' id='word_1_180' title='bbox 1848 2313 1944 2364; x_wconf 82' lang='lat' dir='ltr'><strong>inf.</strong></span> <span class='ocrx_word' id='word_1_181' title='bbox 2005 2315 2120 2376; x_wconf 83' lang='lat' dir='ltr'><strong>vn,</strong></span> <span class='ocrx_word' id='word_1_182' title='bbox 2187 2313 2241 2366; x_wconf 80' lang='lat'><strong>3.</strong></span> <span class='ocrx_word' id='word_1_183' title='bbox 2332 2327 2532 2365; x_wconf 69' lang='lat' dir='ltr'><strong>servet</strong></span> <span class='ocrx_word' id='word_1_184' title='bbox 2591 2315 2733 2365; x_wconf 75' lang='lat' dir='ltr'><strong>Bon.</strong></span> 
     </span>
     <span class='ocr_line' id='line_1_28' title="bbox 459 2381 2463 2448; baseline -0 -14"><span class='ocrx_word' id='word_1_185' title='bbox 459 2382 563 2434; x_wconf 83' lang='lat'><strong>508</strong></span> <span class='ocrx_word' id='word_1_186' title='bbox 598 2382 884 2433; x_wconf 72' lang='lat' dir='ltr'><strong>discedens</strong></span> <span class='ocrx_word' id='word_1_187' title='bbox 915 2394 1024 2435; x_wconf 65' lang='lat' dir='ltr'><strong>trec</strong></span> <span class='ocrx_word' id='word_1_188' title='bbox 1060 2384 1231 2435; x_wconf 84' lang='lat' dir='ltr'><strong>Burm.</strong></span> <span class='ocrx_word' id='word_1_189' title='bbox 1269 2402 1380 2435; x_wconf 86' lang='lat' dir='ltr'><strong>cum</strong></span> <span class='ocrx_word' id='word_1_190' title='bbox 1417 2384 1583 2437; x_wconf 86' lang='lat' dir='ltr'><strong>Goth.</strong></span> <span class='ocrx_word' id='word_1_191' title='bbox 1617 2393 1769 2448; x_wconf 70' lang='lat' dir='ltr'><strong>tert„</strong></span> <span class='ocrx_word' id='word_1_192' title='bbox 1800 2382 2058 2435; x_wconf 80' lang='lat' dir='ltr'><strong>Montalb.</strong></span> <span class='ocrx_word' id='word_1_193' title='bbox 2094 2381 2463 2434; x_wconf 59' lang='lat' dir='ltr'><strong>descendam.</strong></span> 
     </span>
    </p>
   </div>
   <div class='ocr_carea' id='block_1_18' title="bbox 424 2524 1547 4492">
    <p class='ocr_par' dir='ltr' id='par_1_21' title="bbox 458 2524 1547 2757">
     <span class='ocr_line' id='line_1_29' title="bbox 460 2524 1547 2605; baseline 0.001 -22"><span class='ocrx_word' id='word_1_194' title='bbox 460 2524 755 2599; x_wconf 86' lang='lat' dir='ltr'><strong>Quintum</strong></span> <span class='ocrx_word' id='word_1_195' title='bbox 811 2524 973 2601; x_wconf 90' lang='lat' dir='ltr'><strong>XIII,</strong></span> <span class='ocrx_word' id='word_1_196' title='bbox 1030 2526 1155 2593; x_wconf 81' lang='lat'><strong>354</strong></span> <span class='ocrx_word' id='word_1_197' title='bbox 1199 2547 1286 2605; x_wconf 82' lang='lat' dir='ltr'><strong>sq.</strong></span> <span class='ocrx_word' id='word_1_198' title='bbox 1371 2525 1547 2584; x_wconf 84' lang='lat' dir='ltr'><strong>Adde</strong></span> 
     </span>
     <span class='ocr_line' id='line_1_30' title="bbox 458 2609 1544 2690; baseline 0.003 -22"><span class='ocrx_word' id='word_1_199' title='bbox 458 2609 684 2690; x_wconf 86' lang='lat' dir='ltr'>Dictyn</span> <span class='ocrx_word' id='word_1_200' title='bbox 725 2610 825 2670; x_wconf 89' lang='lat' dir='ltr'>lib.</span> <span class='ocrx_word' id='word_1_201' title='bbox 867 2611 938 2685; x_wconf 91' lang='lat' dir='ltr'><strong>V,</strong></span> <span class='ocrx_word' id='word_1_202' title='bbox 976 2632 1036 2690; x_wconf 85' lang='lat' dir='ltr'><strong>p.</strong></span> <span class='ocrx_word' id='word_1_203' title='bbox 1086 2617 1225 2677; x_wconf 87' lang='lat'><strong>116.</strong></span> <span class='ocrx_word' id='word_1_204' title='bbox 1286 2613 1372 2671; x_wconf 87' lang='lat' dir='ltr'><strong>Cs.</strong></span> <span class='ocrx_word' id='word_1_205' title='bbox 1416 2614 1544 2671; x_wconf 82' lang='lat' dir='ltr'><strong>Ex-</strong></span> 
     </span>
     <span class='ocr_line' id='line_1_31' title="bbox 461 2694 1096 2757; baseline 0 -1"><span class='ocrx_word' id='word_1_206' title='bbox 461 2718 618 2757; x_wconf 73' lang='lat' dir='ltr'><strong>curs.</strong></span> <span class='ocrx_word' id='word_1_207' title='bbox 647 2697 758 2754; x_wconf 80' lang='grc' dir='ltr'><strong>ΧΠ</strong></span> <span class='ocrx_word' id='word_1_208' title='bbox 788 2696 865 2755; x_wconf 88' lang='lat' dir='ltr'><strong>ad</strong></span> <span class='ocrx_word' id='word_1_209' title='bbox 897 2697 998 2756; x_wconf 87' lang='lat' dir='ltr'><strong>lib.</strong></span> <span class='ocrx_word' id='word_1_210' title='bbox 1027 2694 1096 2757; x_wconf 90' lang='lat'><strong>11.</strong></span> 
     </span>
    </p>

    <p class='ocr_par' dir='ltr' id='par_1_22' title="bbox 424 2782 1547 4492">
     <span class='ocr_line' id='line_1_32' title="bbox 547 2782 1545 2861; baseline -0.005 -16"><span class='ocrx_word' id='word_1_211' title='bbox 547 2783 672 2846; x_wconf 83' lang='lat'><strong>499</strong></span> <span class='ocrx_word' id='word_1_212' title='bbox 699 2802 825 2860; x_wconf 81' lang='lat' dir='ltr'><strong>sqq.</strong></span> <span class='ocrx_word' id='word_1_213' title='bbox 881 2784 1245 2861; x_wconf 80' lang='lat' dir='ltr'><strong>Supplicia,</strong></span> <span class='ocrx_word' id='word_1_214' title='bbox 1305 2782 1413 2841; x_wconf 85' lang='lat' dir='ltr'><strong>int.</strong></span> <span class='ocrx_word' id='word_1_215' title='bbox 1466 2782 1545 2840; x_wconf 88' lang='lat' dir='ltr'>il-</span> 
     </span>
     <span class='ocr_line' id='line_1_33' title="bbox 456 2861 1547 2950; baseline -0.002 -22"><span class='ocrx_word' id='word_1_216' title='bbox 456 2869 585 2928; x_wconf 89' lang='lat' dir='ltr'><strong>lum</strong></span> <span class='ocrx_word' id='word_1_217' title='bbox 614 2868 807 2948; x_wconf 85' lang='lat' dir='ltr'>ipsum</span> <span class='ocrx_word' id='word_1_218' title='bbox 843 2861 1366 2950; x_wconf 80' lang='grc' dir='ltr'><strong><em>οἷκρωτηριασμόν,</em></strong></span> <span class='ocrx_word' id='word_1_219' title='bbox 1401 2868 1547 2927; x_wconf 80' lang='lat' dir='ltr'><strong>vul-</strong></span> 
     </span>
     <span class='ocr_line' id='line_1_34' title="bbox 459 2954 1539 3033; baseline -0.002 -21"><span class='ocrx_word' id='word_1_220' title='bbox 459 2972 622 3013; x_wconf 82' lang='lat' dir='ltr'><strong>nera.</strong></span> <span class='ocrx_word' id='word_1_221' title='bbox 706 2957 813 3012; x_wconf 74' lang='lat' dir='ltr'><strong>vix</strong></span> <span class='ocrx_word' id='word_1_222' title='bbox 840 2959 1095 3033; x_wconf 67' lang='lat' dir='ltr'><strong>agnovit</strong></span> <span class='ocrx_word' id='word_1_223' title='bbox 1117 2967 1174 3011; x_wconf 79' lang='lat' dir='ltr'><strong>et</strong></span> <span class='ocrx_word' id='word_1_224' title='bbox 1197 2954 1539 3032; x_wconf 78' lang='lat' dir='ltr'><strong>compellat,</strong></span> 
     </span>
     <span class='ocr_line' id='line_1_35' title="bbox 457 3039 1543 3116; baseline -0.001 -17"><span class='ocrx_word' id='word_1_225' title='bbox 457 3049 607 3099; x_wconf 86' lang='lat' dir='ltr'><strong>noto</strong></span> <span class='ocrx_word' id='word_1_226' title='bbox 653 3041 939 3098; x_wconf 84' lang='lat' dir='ltr'><strong>narrandi</strong></span> <span class='ocrx_word' id='word_1_227' title='bbox 992 3058 1159 3098; x_wconf 86' lang='lat' dir='ltr'><strong>more</strong></span> <span class='ocrx_word' id='word_1_228' title='bbox 1202 3039 1543 3116; x_wconf 86' lang='lat' dir='ltr'><strong>Homerico,</strong></span> 
     </span>
     <span class='ocr_line' id='line_1_36' title="bbox 458 3125 1542 3203; baseline 0 -20"><span class='ocrx_word' id='word_1_229' title='bbox 458 3127 561 3202; x_wconf 90' lang='lat' dir='ltr'><strong>qui</strong></span> <span class='ocrx_word' id='word_1_230' title='bbox 598 3145 672 3183; x_wconf 86' lang='lat' dir='ltr'><strong>ex</strong></span> <span class='ocrx_word' id='word_1_231' title='bbox 700 3125 879 3203; x_wconf 82' lang='lat' dir='ltr'>prisci</span> <span class='ocrx_word' id='word_1_232' title='bbox 917 3126 1045 3183; x_wconf 82' lang='lat' dir='ltr'><strong>aevi</strong></span> <span class='ocrx_word' id='word_1_233' title='bbox 1084 3125 1359 3201; x_wconf 80' lang='lat' dir='ltr'><strong>neglectu</strong></span> <span class='ocrx_word' id='word_1_234' title='bbox 1399 3146 1542 3183; x_wconf 81' lang='lat' dir='ltr'><strong>ora-</strong></span> 
     </span>
     <span class='ocr_line' id='line_1_37' title="bbox 456 3210 1540 3290; baseline 0 -21"><span class='ocrx_word' id='word_1_235' title='bbox 456 3212 633 3270; x_wconf 82' lang='lat' dir='ltr'>tionis</span> <span class='ocrx_word' id='word_1_236' title='bbox 674 3210 984 3270; x_wconf 72' lang='lat' dir='ltr'><strong>ducendus</strong></span> <span class='ocrx_word' id='word_1_237' title='bbox 1026 3221 1154 3271; x_wconf 61' lang='lat' dir='ltr'><strong>est:</strong></span> <span class='ocrx_word' id='word_1_238' title='bbox 1198 3231 1344 3290; x_wconf 87' lang='lat' dir='ltr'><strong>pro,</strong></span> <span class='ocrx_word' id='word_1_239' title='bbox 1401 3228 1540 3269; x_wconf 81' lang='lat' dir='ltr'><strong>cum</strong></span> 
     </span>
     <span class='ocr_line' id='line_1_38' title="bbox 456 3294 1537 3377; baseline 0.002 -21"><span class='ocrx_word' id='word_1_240' title='bbox 456 3297 862 3375; x_wconf 77' lang='lat' dir='ltr'><strong>compellaret.</strong></span> <span class='ocrx_word' id='word_1_241' title='bbox 931 3294 1063 3377; x_wconf 76' lang='lat' dir='ltr'><strong>(vix</strong></span> <span class='ocrx_word' id='word_1_242' title='bbox 1091 3300 1378 3376; x_wconf 75' lang='lat' dir='ltr'><strong>agnovit,</strong></span> <span class='ocrx_word' id='word_1_243' title='bbox 1411 3296 1452 3357; x_wconf 86' lang='lat' dir='ltr'><strong>i.</strong></span> <span class='ocrx_word' id='word_1_244' title='bbox 1486 3316 1537 3358; x_wconf 93' lang='lat' dir='ltr'><strong>e.</strong></span> 
     </span>
     <span class='ocr_line' id='line_1_39' title="bbox 454 3381 1538 3455; baseline 0.001 -15"><span class='ocrx_word' id='word_1_245' title='bbox 454 3381 542 3441; x_wconf 84' lang='lat' dir='ltr'><strong>ita</strong></span> <span class='ocrx_word' id='word_1_246' title='bbox 577 3383 892 3441; x_wconf 78' lang='lat' dir='ltr'><strong>mutilatus</strong></span> <span class='ocrx_word' id='word_1_247' title='bbox 938 3391 1070 3441; x_wconf 85' lang='lat' dir='ltr'><strong>erat</strong></span> <span class='ocrx_word' id='word_1_248' title='bbox 1093 3427 1110 3455; x_wconf 92' lang='lat'>,</span> <span class='ocrx_word' id='word_1_249' title='bbox 1179 3393 1252 3441; x_wconf 90' lang='lat' dir='ltr'><strong>ut</strong></span> <span class='ocrx_word' id='word_1_250' title='bbox 1309 3381 1538 3441; x_wconf 77' lang='lat' dir='ltr'><strong>Aeneas</strong></span> 
     </span>
     <span class='ocr_line' id='line_1_40' title="bbox 455 3468 1535 3547; baseline 0 -21"><span class='ocrx_word' id='word_1_251' title='bbox 455 3487 595 3527; x_wconf 87' lang='lat' dir='ltr'><strong>eum</strong></span> <span class='ocrx_word' id='word_1_252' title='bbox 624 3469 731 3526; x_wconf 84' lang='lat' dir='ltr'>vix</span> <span class='ocrx_word' id='word_1_253' title='bbox 774 3478 1151 3547; x_wconf 82' lang='lat' dir='ltr'><strong>agnosceret3</strong></span> <span class='ocrx_word' id='word_1_254' title='bbox 1195 3487 1305 3526; x_wconf 88' lang='lat' dir='ltr'><strong>nec</strong></span> <span class='ocrx_word' id='word_1_255' title='bbox 1330 3470 1434 3528; x_wconf 72' lang='lat' dir='ltr'><strong>vix</strong></span> <span class='ocrx_word' id='word_1_256' title='bbox 1473 3468 1535 3527; x_wconf 86' lang='lat' dir='ltr'><strong>h.</strong></span> 
     </span>
     <span class='ocr_line' id='line_1_41' title="bbox 454 3553 1535 3635; baseline -0.001 -23"><span class='ocrx_word' id='word_1_257' title='bbox 454 3553 493 3613; x_wconf 93' lang='lat' dir='ltr'><strong>l.</strong></span> <span class='ocrx_word' id='word_1_258' title='bbox 522 3554 903 3614; x_wconf 82' lang='lat' dir='ltr'><strong>referendum</strong></span> <span class='ocrx_word' id='word_1_259' title='bbox 951 3554 1027 3613; x_wconf 86' lang='lat' dir='ltr'><strong>ad</strong></span> <span class='ocrx_word' id='word_1_260' title='bbox 1060 3563 1312 3634; x_wconf 84' lang='lat' dir='ltr'><strong>tempus.</strong></span> <span class='ocrx_word' id='word_1_261' title='bbox 1355 3556 1463 3614; x_wconf 76' lang='lat' dir='ltr'><strong>IV</strong></span> <span class='ocrx_word' id='word_1_262' title='bbox 1452 3556 1535 3635; x_wconf 85' lang='lat' dir='ltr'><strong>r.)</strong></span> 
     </span>
     <span class='ocr_line' id='line_1_42' title="bbox 453 3639 1537 3720; baseline -0.001 -22"><span class='ocrx_word' id='word_1_263' title='bbox 453 3643 642 3715; x_wconf 71' lang='lat' dir='ltr'><strong>notis,</strong></span> <span class='ocrx_word' id='word_1_264' title='bbox 693 3661 914 3699; x_wconf 82' lang='lat' dir='ltr'><strong>ornans</strong></span> <span class='ocrx_word' id='word_1_265' title='bbox 951 3639 1259 3720; x_wconf 85' lang='lat' dir='ltr'><strong>epitheton</strong></span> <span class='ocrx_word' id='word_1_266' title='bbox 1274 3662 1291 3717; x_wconf 82' lang='lat'>3</span> <span class='ocrx_word' id='word_1_267' title='bbox 1335 3640 1537 3718; x_wconf 77' lang='lat' dir='ltr'><strong>quales</strong></span> 
     </span>
     <span class='ocr_line' id='line_1_43' title="bbox 452 3726 1540 3802; baseline 0 -17"><span class='ocrx_word' id='word_1_268' title='bbox 452 3736 770 3801; x_wconf 88' lang='lat' dir='ltr'><strong>notorum,</strong></span> <span class='ocrx_word' id='word_1_269' title='bbox 812 3726 1226 3802; x_wconf 71' lang='lat' dir='ltr'>familiarium,</span> <span class='ocrx_word' id='word_1_270' title='bbox 1271 3745 1394 3784; x_wconf 82' lang='lat' dir='ltr'><strong>esse</strong></span> <span class='ocrx_word' id='word_1_271' title='bbox 1437 3747 1540 3785; x_wconf 84' lang='lat' dir='ltr'><strong>so-</strong></span> 
     </span>
     <span class='ocr_line' id='line_1_44' title="bbox 452 3812 1539 3888; baseline -0.001 -18"><span class='ocrx_word' id='word_1_272' title='bbox 452 3812 620 3888; x_wconf 83' lang='lat' dir='ltr'><strong>lent3</strong></span> <span class='ocrx_word' id='word_1_273' title='bbox 677 3812 784 3870; x_wconf 83' lang='lat' dir='ltr'><strong>inf.</strong></span> <span class='ocrx_word' id='word_1_274' title='bbox 841 3814 964 3876; x_wconf 89' lang='grc'><strong>688</strong></span> <span class='ocrx_word' id='word_1_275' title='bbox 1005 3826 1180 3871; x_wconf 75' lang='lat' dir='ltr'><strong><em>notas</em></strong></span> <span class='ocrx_word' id='word_1_276' title='bbox 1230 3813 1439 3870; x_wconf 71' lang='lat' dir='ltr'><strong>audire</strong></span> <span class='ocrx_word' id='word_1_277' title='bbox 1484 3823 1539 3869; x_wconf 79' lang='lat' dir='ltr'><strong>et</strong></span> 
     </span>
     <span class='ocr_line' id='line_1_45' title="bbox 450 3898 1538 3958; baseline -0.003 0"><span class='ocrx_word' id='word_1_278' title='bbox 450 3898 687 3958; x_wconf 84' lang='lat' dir='ltr'><strong>reddere</strong></span> <span class='ocrx_word' id='word_1_279' title='bbox 723 3919 931 3956; x_wconf 68' lang='lat' dir='ltr'><strong>voces:</strong></span> <span class='ocrx_word' id='word_1_280' title='bbox 981 3899 1349 3957; x_wconf 78' lang='lat' dir='ltr'><strong>familiariter</strong></span> <span class='ocrx_word' id='word_1_281' title='bbox 1386 3918 1538 3955; x_wconf 91' lang='lat' dir='ltr'><strong>con-</strong></span> 
     </span>
     <span class='ocr_line' id='line_1_46' title="bbox 451 3982 1537 4062; baseline -0.002 -19"><span class='ocrx_word' id='word_1_282' title='bbox 451 3983 743 4044; x_wconf 83' lang='lat' dir='ltr'><strong>fabulari:</strong></span> <span class='ocrx_word' id='word_1_283' title='bbox 814 3993 888 4044; x_wconf 87' lang='lat' dir='ltr'><strong>ut</strong></span> <span class='ocrx_word' id='word_1_284' title='bbox 943 3984 1218 4061; x_wconf 80' lang='lat' dir='ltr'><strong>faciunt,</strong></span> <span class='ocrx_word' id='word_1_285' title='bbox 1279 3982 1380 4062; x_wconf 89' lang='lat' dir='ltr'><strong>qui</strong></span> <span class='ocrx_word' id='word_1_286' title='bbox 1426 3984 1537 4041; x_wconf 82' lang='lat' dir='ltr'>sibi</span> 
     </span>
     <span class='ocr_line' id='line_1_47' title="bbox 449 4069 1536 4153; baseline -0.003 -24"><span class='ocrx_word' id='word_1_287' title='bbox 449 4073 579 4129; x_wconf 79' lang='lat' dir='ltr'><strong>noti</strong></span> <span class='ocrx_word' id='word_1_288' title='bbox 608 4079 766 4129; x_wconf 79' lang='lat' dir='ltr'><strong>sunt.</strong></span> <span class='ocrx_word' id='word_1_289' title='bbox 848 4091 1064 4148; x_wconf 76' lang='lat' dir='ltr'><strong>genus,</strong></span> <span class='ocrx_word' id='word_1_290' title='bbox 1095 4069 1288 4153; x_wconf 79' lang='grc' dir='ltr'><em>γένος,</em></span> <span class='ocrx_word' id='word_1_291' title='bbox 1320 4070 1536 4128; x_wconf 86' lang='lat' dir='ltr'><strong>oriun-</strong></span> 
     </span>
     <span class='ocr_line' id='line_1_48' title="bbox 454 4157 1537 4236; baseline -0.002 -21"><span class='ocrx_word' id='word_1_292' title='bbox 454 4157 600 4231; x_wconf 78' lang='lat' dir='ltr'><strong>dus,</strong></span> <span class='ocrx_word' id='word_1_293' title='bbox 645 4166 718 4215; x_wconf 89' lang='lat' dir='ltr'><strong>ut</strong></span> <span class='ocrx_word' id='word_1_294' title='bbox 747 4165 805 4215; x_wconf 86' lang='lat' dir='ltr'><strong>et</strong></span> <span class='ocrx_word' id='word_1_295' title='bbox 842 4176 1041 4236; x_wconf 85' lang='lat' dir='ltr'><strong>supra.</strong></span> <span class='ocrx_word' id='word_1_296' title='bbox 1143 4160 1289 4222; x_wconf 83' lang='lat'><strong>501.</strong></span> <span class='ocrx_word' id='word_1_297' title='bbox 1354 4169 1537 4232; x_wconf 81' lang='lat' dir='ltr'><strong>opta-</strong></span> 
     </span>
     <span class='ocr_line' id='line_1_49' title="bbox 424 4239 1535 4327; baseline -0.001 -26"><span class='ocrx_word' id='word_1_298' title='bbox 424 4240 574 4315; x_wconf 56' lang='grc' dir='ltr'><strong>υνίι,</strong></span> <span class='ocrx_word' id='word_1_299' title='bbox 624 4262 701 4301; x_wconf 84' lang='lat' dir='ltr'><strong>ex</strong></span> <span class='ocrx_word' id='word_1_300' title='bbox 749 4246 1089 4324; x_wconf 76' lang='grc' dir='ltr'><em>προείλετο,</em></span> <span class='ocrx_word' id='word_1_301' title='bbox 1146 4251 1329 4327; x_wconf 80' lang='lat' dir='ltr'><strong>putu,</strong></span> <span class='ocrx_word' id='word_1_302' title='bbox 1377 4239 1439 4299; x_wconf 78' lang='lat' dir='ltr'><strong>h,</strong></span> <span class='ocrx_word' id='word_1_303' title='bbox 1486 4262 1535 4300; x_wconf 92' lang='lat' dir='ltr'><strong>e.</strong></span> 
     </span>
     <span class='ocr_line' id='line_1_50' title="bbox 449 4327 1535 4402; baseline -0.001 -16"><span class='ocrx_word' id='word_1_304' title='bbox 449 4328 665 4386; x_wconf 73' lang='lat' dir='ltr'><strong>statuit</strong></span> <span class='ocrx_word' id='word_1_305' title='bbox 691 4374 707 4401; x_wconf 92' lang='lat'>,</span> <span class='ocrx_word' id='word_1_306' title='bbox 792 4328 1038 4388; x_wconf 79' lang='lat' dir='ltr'><strong>induxit</strong></span> <span class='ocrx_word' id='word_1_307' title='bbox 1110 4328 1172 4386; x_wconf 90' lang='lat' dir='ltr'><strong>in</strong></span> <span class='ocrx_word' id='word_1_308' title='bbox 1252 4327 1535 4402; x_wconf 87' lang='lat' dir='ltr'><strong>animum,</strong></span> 
     </span>
     <span class='ocr_line' id='line_1_51' title="bbox 448 4414 1537 4492; baseline 0.001 -22"><span class='ocrx_word' id='word_1_309' title='bbox 448 4433 625 4471; x_wconf 80' lang='lat' dir='ltr'><strong>ausus</strong></span> <span class='ocrx_word' id='word_1_310' title='bbox 661 4423 765 4474; x_wconf 83' lang='lat' dir='ltr'><strong>est.</strong></span> <span class='ocrx_word' id='word_1_311' title='bbox 854 4417 997 4480; x_wconf 82' lang='grc'><strong>508.</strong></span> <span class='ocrx_word' id='word_1_312' title='bbox 1024 4414 1169 4479; x_wconf 78' lang='lat'><strong>504.</strong></span> <span class='ocrx_word' id='word_1_313' title='bbox 1215 4433 1389 4492; x_wconf 84' lang='lat' dir='ltr'><strong>quam</strong></span> <span class='ocrx_word' id='word_1_314' title='bbox 1432 4433 1537 4472; x_wconf 89' lang='lat' dir='ltr'><strong>or-</strong></span> 
     </span>
    </p>
   </div>
   <div class='ocr_carea' id='block_1_19' title="bbox 1619 2524 2730 4492">
    <p class='ocr_par' dir='ltr' id='par_1_23' title="bbox 1627 2524 2730 2691">
     <span class='ocr_line' id='line_1_52' title="bbox 1629 2524 2730 2604; baseline -0.002 -20"><span class='ocrx_word' id='word_1_315' title='bbox 1629 2534 1770 2584; x_wconf 84' lang='lat' dir='ltr'><strong>nate</strong></span> <span class='ocrx_word' id='word_1_316' title='bbox 1798 2569 1814 2599; x_wconf 93' lang='lat'>,</span> <span class='ocrx_word' id='word_1_317' title='bbox 1870 2545 1982 2604; x_wconf 83' lang='lat' dir='ltr'><strong>pro</strong></span> <span class='ocrx_word' id='word_1_318' title='bbox 2013 2569 2031 2601; x_wconf 92' lang='lat'>,</span> <span class='ocrx_word' id='word_1_319' title='bbox 2088 2533 2149 2583; x_wconf 87' lang='lat' dir='ltr'><strong>te</strong></span> <span class='ocrx_word' id='word_1_320' title='bbox 2202 2524 2572 2583; x_wconf 73' lang='lat' dir='ltr'><strong>occubuisse</strong></span> <span class='ocrx_word' id='word_1_321' title='bbox 2621 2545 2730 2604; x_wconf 79' lang='lat' dir='ltr'><strong>pu-</strong></span> 
     </span>
     <span class='ocr_line' id='line_1_53' title="bbox 1627 2610 1886 2691; baseline -0.004 -21"><span class='ocrx_word' id='word_1_322' title='bbox 1627 2610 1886 2691; x_wconf 77' lang='lat' dir='ltr'><strong>gnaudo,</strong></span> 
     </span>
    </p>

    <p class='ocr_par' dir='ltr' id='par_1_24' title="bbox 1619 2696 2724 4492">
     <span class='ocr_line' id='line_1_54' title="bbox 1672 2696 2724 2762; baseline -0.01 -3"><span class='ocrx_word' id='word_1_323' title='bbox 1672 2755 1676 2759; x_wconf 84' lang='lat'><strong>.</strong></span> <span class='ocrx_word' id='word_1_324' title='bbox 1715 2697 1842 2762; x_wconf 88' lang='grc'><strong>505</strong></span> <span class='ocrx_word' id='word_1_325' title='bbox 1868 2730 1948 2739; x_wconf 94' lang='grc'><strong>-</strong></span> <span class='ocrx_word' id='word_1_326' title='bbox 1976 2696 2120 2761; x_wconf 88' lang='grc'><strong>508.</strong></span> <span class='ocrx_word' id='word_1_327' title='bbox 2185 2696 2346 2753; x_wconf 82' lang='lat' dir='ltr'><strong>Sane</strong></span> <span class='ocrx_word' id='word_1_328' title='bbox 2406 2704 2724 2754; x_wconf 69' lang='lat' dir='ltr'><strong>cousenta-</strong></span> 
     </span>
     <span class='ocr_line' id='line_1_55' title="bbox 1628 2779 2720 2859; baseline -0.005 -17"><span class='ocrx_word' id='word_1_329' title='bbox 1628 2802 1808 2842; x_wconf 89' lang='lat' dir='ltr'><strong>neum</strong></span> <span class='ocrx_word' id='word_1_330' title='bbox 1850 2779 1968 2840; x_wconf 86' lang='lat' dir='ltr'><strong>hoc</strong></span> <span class='ocrx_word' id='word_1_331' title='bbox 2010 2781 2241 2840; x_wconf 79' lang='lat' dir='ltr'><strong>Aeneae</strong></span> <span class='ocrx_word' id='word_1_332' title='bbox 2286 2781 2532 2859; x_wconf 86' lang='lat' dir='ltr'><strong>pietati.</strong></span> <span class='ocrx_word' id='word_1_333' title='bbox 2618 2780 2720 2839; x_wconf 63' lang='grc' dir='ltr'><strong>Κατ</strong></span> 
     </span>
     <span class='ocr_line' id='line_1_56' title="bbox 1628 2865 2706 2945; baseline -0.002 -18"><span class='ocrx_word' id='word_1_334' title='bbox 1628 2878 1832 2927; x_wconf 79' lang='lat' dir='ltr'><strong>tamen</strong></span> <span class='ocrx_word' id='word_1_335' title='bbox 1849 2867 2100 2927; x_wconf 86' lang='lat' dir='ltr'><strong>ulterius</strong></span> <span class='ocrx_word' id='word_1_336' title='bbox 2125 2865 2598 2945; x_wconf 86' lang='lat' dir='ltr'><strong>inquirendum,</strong></span> <span class='ocrx_word' id='word_1_337' title='bbox 2617 2885 2706 2925; x_wconf 81' lang='lat' dir='ltr'><strong>un·</strong></span> 
     </span>
     <span class='ocr_line' id='line_1_57' title="bbox 1631 2952 2715 3033; baseline -0.003 -20"><span class='ocrx_word' id='word_1_338' title='bbox 1631 2954 1707 3013; x_wconf 89' lang='lat' dir='ltr'><strong>de</strong></span> <span class='ocrx_word' id='word_1_339' title='bbox 1733 2954 1962 3012; x_wconf 82' lang='lat' dir='ltr'><strong>Aeneae</strong></span> <span class='ocrx_word' id='word_1_340' title='bbox 1991 2963 2226 3033; x_wconf 85' lang='lat' dir='ltr'><strong>tempus</strong></span> <span class='ocrx_word' id='word_1_341' title='bbox 2258 2960 2319 3010; x_wconf 87' lang='lat' dir='ltr'><strong>et</strong></span> <span class='ocrx_word' id='word_1_342' title='bbox 2361 2952 2547 3011; x_wconf 67' lang='lat' dir='ltr'><strong>locus</strong></span> <span class='ocrx_word' id='word_1_343' title='bbox 2587 2970 2715 3030; x_wconf 75' lang='lat' dir='ltr'><strong>sup-</strong></span> 
     </span>
     <span class='ocr_line' id='line_1_58' title="bbox 1627 3034 2712 3119; baseline -0.002 -21"><span class='ocrx_word' id='word_1_344' title='bbox 1627 3034 1833 3119; x_wconf 69' lang='lat' dir='ltr'><strong>fietere</strong></span> <span class='ocrx_word' id='word_1_345' title='bbox 1869 3039 1947 3098; x_wconf 84' lang='lat' dir='ltr'><strong>ad</strong></span> <span class='ocrx_word' id='word_1_346' title='bbox 1983 3037 2104 3097; x_wconf 85' lang='lat' dir='ltr'><strong>hoe</strong></span> <span class='ocrx_word' id='word_1_347' title='bbox 2138 3036 2583 3117; x_wconf 82' lang='lat' dir='ltr'><strong>cenotaphium</strong></span> <span class='ocrx_word' id='word_1_348' title='bbox 2612 3057 2712 3117; x_wconf 80' lang='lat' dir='ltr'><strong>po·</strong></span> 
     </span>
     <span class='ocr_line' id='line_1_59' title="bbox 1625 3124 2715 3204; baseline -0.004 -20"><span class='ocrx_word' id='word_1_349' title='bbox 1625 3126 1841 3201; x_wconf 85' lang='lat' dir='ltr'><strong>tuerit,</strong></span> <span class='ocrx_word' id='word_1_350' title='bbox 1872 3124 1921 3183; x_wconf 80' lang='lat' dir='ltr'>si</span> <span class='ocrx_word' id='word_1_351' title='bbox 1953 3124 2053 3184; x_wconf 83' lang='lat' dir='ltr'><strong>lib.</strong></span> <span class='ocrx_word' id='word_1_352' title='bbox 2079 3124 2153 3200; x_wconf 84' lang='lat'><strong>11,</strong></span> <span class='ocrx_word' id='word_1_353' title='bbox 2179 3124 2285 3181; x_wconf 83' lang='lat' dir='ltr'><strong>fin.</strong></span> <span class='ocrx_word' id='word_1_354' title='bbox 2315 3132 2383 3182; x_wconf 87' lang='lat' dir='ltr'><strong>et</strong></span> <span class='ocrx_word' id='word_1_355' title='bbox 2412 3124 2518 3198; x_wconf 89' lang='lat'><strong>111,</strong></span> <span class='ocrx_word' id='word_1_356' title='bbox 2538 3124 2715 3204; x_wconf 74' lang='lat' dir='ltr'><strong>princ.</strong></span> 
     </span>
     <span class='ocr_line' id='line_1_60' title="bbox 1625 3207 2717 3290; baseline -0.002 -21"><span class='ocrx_word' id='word_1_357' title='bbox 1625 3212 1824 3270; x_wconf 89' lang='lat' dir='ltr'><strong>animo</strong></span> <span class='ocrx_word' id='word_1_358' title='bbox 1882 3219 2139 3290; x_wconf 78' lang='lat' dir='ltr'><strong>repetas.</strong></span> <span class='ocrx_word' id='word_1_359' title='bbox 2227 3207 2365 3289; x_wconf 78' lang='lat' dir='ltr'><strong>(sed</strong></span> <span class='ocrx_word' id='word_1_360' title='bbox 2427 3230 2548 3269; x_wconf 85' lang='lat' dir='ltr'><strong>cur</strong></span> <span class='ocrx_word' id='word_1_361' title='bbox 2607 3228 2717 3268; x_wconf 76' lang='lat' dir='ltr'><strong>non</strong></span> 
     </span>
     <span class='ocr_line' id='line_1_61' title="bbox 1622 3295 2718 3377; baseline -0.004 -21"><span class='ocrx_word' id='word_1_362' title='bbox 1622 3298 1922 3377; x_wconf 82' lang='lat' dir='ltr'><strong>potuerit,</strong></span> <span class='ocrx_word' id='word_1_363' title='bbox 1962 3316 2148 3374; x_wconf 87' lang='lat' dir='ltr'><strong>quum</strong></span> <span class='ocrx_word' id='word_1_364' title='bbox 2177 3295 2542 3354; x_wconf 83' lang='lat' dir='ltr'><strong>condendae</strong></span> <span class='ocrx_word' id='word_1_365' title='bbox 2575 3295 2718 3353; x_wconf 66' lang='lat' dir='ltr'>cln-</span> 
     </span>
     <span class='ocr_line' id='line_1_62' title="bbox 1622 3378 2718 3461; baseline -0.003 -20"><span class='ocrx_word' id='word_1_366' title='bbox 1622 3386 1699 3442; x_wconf 83' lang='lat' dir='ltr'>sis</span> <span class='ocrx_word' id='word_1_367' title='bbox 1726 3403 1900 3442; x_wconf 84' lang='lat' dir='ltr'><strong>causa</strong></span> <span class='ocrx_word' id='word_1_368' title='bbox 1929 3381 2288 3441; x_wconf 76' lang='lat' dir='ltr'><strong>commorari</strong></span> <span class='ocrx_word' id='word_1_369' title='bbox 2318 3400 2436 3461; x_wconf 90' lang='lat' dir='ltr'><strong>per</strong></span> <span class='ocrx_word' id='word_1_370' title='bbox 2477 3378 2718 3459; x_wconf 73' lang='lat' dir='ltr'><strong>aliquod</strong></span> 
     </span>
     <span class='ocr_line' id='line_1_63' title="bbox 1620 3467 2720 3547; baseline -0.004 -19"><span class='ocrx_word' id='word_1_371' title='bbox 1620 3478 1857 3547; x_wconf 77' lang='lat' dir='ltr'><strong>tempus</strong></span> <span class='ocrx_word' id='word_1_372' title='bbox 1876 3468 1940 3526; x_wconf 89' lang='lat' dir='ltr'><strong>in</strong></span> <span class='ocrx_word' id='word_1_373' title='bbox 1967 3467 2201 3527; x_wconf 88' lang='lat' dir='ltr'><strong>Troade</strong></span> <span class='ocrx_word' id='word_1_374' title='bbox 2228 3467 2469 3525; x_wconf 70' lang='lat' dir='ltr'><strong>Aeneae</strong></span> <span class='ocrx_word' id='word_1_375' title='bbox 2499 3467 2720 3526; x_wconf 84' lang='lat' dir='ltr'><strong>debue-</strong></span> 
     </span>
     <span class='ocr_line' id='line_1_64' title="bbox 1619 3553 2717 3637; baseline -0.003 -22"><span class='ocrx_word' id='word_1_376' title='bbox 1619 3555 1747 3615; x_wconf 80' lang='lat' dir='ltr'><strong>rit‘?</strong></span> <span class='ocrx_word' id='word_1_377' title='bbox 1800 3553 1970 3637; x_wconf 86' lang='lat' dir='ltr'><strong>Wr.)</strong></span> <span class='ocrx_word' id='word_1_378' title='bbox 2073 3556 2216 3618; x_wconf 84' lang='lat'><strong>507.</strong></span> <span class='ocrx_word' id='word_1_379' title='bbox 2278 3555 2538 3612; x_wconf 80' lang='lat' dir='ltr'><strong>Nomen</strong></span> <span class='ocrx_word' id='word_1_380' title='bbox 2597 3554 2717 3612; x_wconf 75' lang='lat' dir='ltr'><strong>10oe</strong></span> 
     </span>
     <span class='ocr_line' id='line_1_65' title="bbox 1620 3639 2718 3715; baseline -0.003 -16"><span class='ocrx_word' id='word_1_381' title='bbox 1620 3640 1928 3715; x_wconf 83' lang='lat' dir='ltr'><strong>inditum,</strong></span> <span class='ocrx_word' id='word_1_382' title='bbox 2001 3648 2062 3698; x_wconf 86' lang='lat' dir='ltr'><strong>et</strong></span> <span class='ocrx_word' id='word_1_383' title='bbox 2119 3660 2296 3697; x_wconf 83' lang='lat' dir='ltr'><strong>arma</strong></span> <span class='ocrx_word' id='word_1_384' title='bbox 2343 3640 2411 3697; x_wconf 85' lang='lat' dir='ltr'><strong>iu</strong></span> <span class='ocrx_word' id='word_1_385' title='bbox 2485 3639 2718 3700; x_wconf 66' lang='lat' dir='ltr'><strong>tumuit</strong></span> 
     </span>
     <span class='ocr_line' id='line_1_66' title="bbox 1622 3724 2716 3803; baseline -0.005 -18"><span class='ocrx_word' id='word_1_386' title='bbox 1622 3726 1954 3785; x_wconf 84' lang='lat' dir='ltr'><strong>constituta</strong></span> <span class='ocrx_word' id='word_1_387' title='bbox 2005 3734 2067 3783; x_wconf 84' lang='lat' dir='ltr'><strong>et</strong></span> <span class='ocrx_word' id='word_1_388' title='bbox 2106 3724 2232 3782; x_wconf 84' lang='lat' dir='ltr'><strong>fixa</strong></span> <span class='ocrx_word' id='word_1_389' title='bbox 2275 3743 2359 3782; x_wconf 85' lang='lat' dir='ltr'><strong>ex</strong></span> <span class='ocrx_word' id='word_1_390' title='bbox 2415 3744 2601 3785; x_wconf 84' lang='lat' dir='ltr'><strong>more</strong></span> <span class='ocrx_word' id='word_1_391' title='bbox 2643 3724 2716 3803; x_wconf 73' lang='grc' dir='ltr'><strong>(ι’.</strong></span> 
     </span>
     <span class='ocr_line' id='line_1_67' title="bbox 1622 3811 2718 3891; baseline -0.001 -20"><span class='ocrx_word' id='word_1_392' title='bbox 1622 3832 1753 3891; x_wconf 80' lang='lat' dir='ltr'><strong>sup.</strong></span> <span class='ocrx_word' id='word_1_393' title='bbox 1781 3811 1956 3891; x_wconf 78' lang='lat'><strong>233).</strong></span> <span class='ocrx_word' id='word_1_394' title='bbox 2041 3811 2242 3868; x_wconf 71' lang='lat' dir='ltr'><em>locum</em></span> <span class='ocrx_word' id='word_1_395' title='bbox 2279 3826 2540 3870; x_wconf 66' lang='lat' dir='ltr'><strong>ser-svnt</strong></span> <span class='ocrx_word' id='word_1_396' title='bbox 2562 3857 2584 3888; x_wconf 83' lang='lat'>‚</span> <span class='ocrx_word' id='word_1_397' title='bbox 2631 3814 2718 3870; x_wconf 79' lang='lat' dir='ltr'><strong>in·</strong></span> 
     </span>
     <span class='ocr_line' id='line_1_68' title="bbox 1621 3897 2718 3976; baseline -0.001 -20"><span class='ocrx_word' id='word_1_398' title='bbox 1621 3897 1915 3976; x_wconf 74' lang='lat' dir='ltr'><strong>signium,</strong></span> <span class='ocrx_word' id='word_1_399' title='bbox 1960 3906 2425 3954; x_wconf 74' lang='lat' dir='ltr'><strong>monumentum</strong></span> <span class='ocrx_word' id='word_1_400' title='bbox 2469 3899 2718 3957; x_wconf 74' lang='lat' dir='ltr'><strong>sadum.</strong></span> 
     </span>
     <span class='ocr_line' id='line_1_69' title="bbox 1620 3982 2717 4062; baseline 0.001 -21"><span class='ocrx_word' id='word_1_401' title='bbox 1620 3984 1747 4042; x_wconf 86' lang='lat' dir='ltr'><strong>Aut</strong></span> <span class='ocrx_word' id='word_1_402' title='bbox 1775 3982 1956 4062; x_wconf 84' lang='lat' dir='ltr'>igitur</span> <span class='ocrx_word' id='word_1_403' title='bbox 1989 3983 2172 4062; x_wconf 78' lang='lat' dir='ltr'><strong>fingit.</strong></span> <span class='ocrx_word' id='word_1_404' title='bbox 2190 3990 2369 4061; x_wconf 85' lang='lat' dir='ltr'><strong>poeta</strong></span> <span class='ocrx_word' id='word_1_405' title='bbox 2405 3992 2523 4041; x_wconf 75' lang='lat' dir='ltr'><strong>aut</strong></span> <span class='ocrx_word' id='word_1_406' title='bbox 2552 4002 2717 4042; x_wconf 75' lang='lat' dir='ltr'><strong>aoce-</strong></span> 
     </span>
     <span class='ocr_line' id='line_1_70' title="bbox 1619 4067 2718 4150; baseline 0 -23"><span class='ocrx_word' id='word_1_407' title='bbox 1619 4077 1796 4150; x_wconf 87' lang='lat' dir='ltr'><strong>perat</strong></span> <span class='ocrx_word' id='word_1_408' title='bbox 1852 4069 1917 4126; x_wconf 89' lang='lat' dir='ltr'><strong>in</strong></span> <span class='ocrx_word' id='word_1_409' title='bbox 1974 4068 2243 4127; x_wconf 87' lang='lat' dir='ltr'><strong>Rhoeteo</strong></span> <span class='ocrx_word' id='word_1_410' title='bbox 2316 4067 2534 4127; x_wconf 85' lang='lat' dir='ltr'><strong>locum</strong></span> <span class='ocrx_word' id='word_1_411' title='bbox 2601 4087 2718 4127; x_wconf 71' lang='lat' dir='ltr'><strong>esse</strong></span> 
     </span>
     <span class='ocr_line' id='line_1_71' title="bbox 1620 4148 2718 4235; baseline -0.004 -19"><span class='ocrx_word' id='word_1_412' title='bbox 1620 4148 1946 4235; x_wconf 80' lang='grc' dir='ltr'><em>Δηϊφόβου</em></span> <span class='ocrx_word' id='word_1_413' title='bbox 2001 4158 2166 4233; x_wconf 83' lang='grc' dir='ltr'><em>σῆμα</em></span> <span class='ocrx_word' id='word_1_414' title='bbox 2220 4152 2481 4212; x_wconf 87' lang='lat' dir='ltr'><strong>dictum.</strong></span> <span class='ocrx_word' id='word_1_415' title='bbox 2576 4159 2718 4219; x_wconf 73' lang='lat'><strong>507.</strong></span> 
     </span>
     <span class='ocr_line' id='line_1_72' title="bbox 1622 4239 2718 4319; baseline -0.002 -20"><span class='ocrx_word' id='word_1_416' title='bbox 1622 4255 1677 4299; x_wconf 80' lang='lat' dir='ltr'><strong>te</strong></span> <span class='ocrx_word' id='word_1_417' title='bbox 1706 4250 1776 4299; x_wconf 88' lang='lat' dir='ltr'><strong>ut</strong></span> <span class='ocrx_word' id='word_1_418' title='bbox 1804 4260 1932 4319; x_wconf 78' lang='lat' dir='ltr'><strong>sup.</strong></span> <span class='ocrx_word' id='word_1_419' title='bbox 1962 4244 2087 4304; x_wconf 82' lang='lat'><strong>362</strong></span> <span class='ocrx_word' id='word_1_420' title='bbox 2122 4239 2196 4298; x_wconf 88' lang='lat' dir='ltr'><strong>de</strong></span> <span class='ocrx_word' id='word_1_421' title='bbox 2243 4259 2525 4319; x_wconf 83' lang='lat' dir='ltr'><strong>corpore.</strong></span> <span class='ocrx_word' id='word_1_422' title='bbox 2601 4261 2718 4319; x_wconf 76' lang='grc' dir='ltr'><strong>ρο-</strong></span> 
     </span>
     <span class='ocr_line' id='line_1_73' title="bbox 1622 4324 2716 4401; baseline -0.001 -16"><span class='ocrx_word' id='word_1_423' title='bbox 1622 4349 1791 4401; x_wconf 81' lang='lat' dir='ltr'><strong>nere,</strong></span> <span class='ocrx_word' id='word_1_424' title='bbox 1857 4324 1918 4385; x_wconf 84' lang='lat' dir='ltr'><strong>h.</strong></span> <span class='ocrx_word' id='word_1_425' title='bbox 1979 4326 2018 4384; x_wconf 90' lang='lat' dir='ltr'><strong>l.</strong></span> <span class='ocrx_word' id='word_1_426' title='bbox 2082 4324 2369 4401; x_wconf 81' lang='lat' dir='ltr'><strong>humare,</strong></span> <span class='ocrx_word' id='word_1_427' title='bbox 2430 4326 2716 4385; x_wconf 73' lang='lat' dir='ltr'><strong>condere.</strong></span> 
     </span>
     <span class='ocr_line' id='line_1_74' title="bbox 1625 4412 2716 4492; baseline 0.001 -23"><span class='ocrx_word' id='word_1_428' title='bbox 1625 4412 1826 4492; x_wconf 84' lang='lat' dir='ltr'><strong>(iunge</strong></span> <span class='ocrx_word' id='word_1_429' title='bbox 1853 4422 2054 4471; x_wconf 81' lang='lat' dir='ltr'><strong>tamen</strong></span> <span class='ocrx_word' id='word_1_430' title='bbox 2083 4432 2305 4490; x_wconf 80' lang='lat' dir='ltr'><strong>ponere</strong></span> <span class='ocrx_word' id='word_1_431' title='bbox 2346 4423 2544 4483; x_wconf 55' lang='lat' dir='ltr'><strong>ternu</strong></span> <span class='ocrx_word' id='word_1_432' title='bbox 2607 4432 2716 4470; x_wconf 80' lang='lat' dir='ltr'><strong>ue·</strong></span> 
     </span>
    </p>
   </div>
   <div class='ocr_carea' id='block_1_20' title="bbox 2855 2015 2861 2713">
    <p class='ocr_par' dir='ltr' id='par_1_25' title="bbox 2855 2015 2861 2713">
     <span class='ocr_line' id='line_1_75' title="bbox 2855 2015 2861 2713; baseline 0 0"><span class='ocrx_word' id='word_1_433' title='bbox 2855 2015 2861 2713; x_wconf 95' lang='lat' dir='ltr'><strong> </strong></span> 
     </span>
    </p>
   </div>
  </div>
 </body>
</html>
