2882 5028
747 371 971 443 AD
1084 367 1877 446 LIBRUM!
2310 355 2459 453 217

107 573 322 640 pacem-e
341 562 618 624 vulnus·
643 605 664 635 ,
714 568 797 619 et
830 558 1035 619 ovid.
1068 557 1213 618 Met.
1242 559 1341 636 IV,
1369 565 1515 628 720.
1556 564 1796 621 vulnere
1823 562 1993 621 laesa
2010 566 2226 642 grav&
2269 567 2465 630 enim-—

111 667 238 706 vero
259 657 329 706 et
359 648 572 707 nimis
606 666 692 704 ea
723 646 1066 706 recedunt
1103 666 1138 703 a
1165 646 1464 726 scriptura
1509 666 1621 706 nec
1649 648 2020 708 satisfaciunt
2059 649 2287 712 iudicio
2326 674 2465 714 mo·-

110 733 328 793 rosiori.
428 734 654 811 Magis
687 742 974 812 poetam
1005 731 1249 790 deceret
1279 752 1594 810 quaerere:
1636 755 1794 813 quae
1833 738 2084 793 munina
2128 737 2301 800 laesa
2341 743 2464 800 im-

108 820 363 898 pulerint
387 866 409 896 ‚
479 819 920 899 interposita
975 838 1102 877 una
1154 836 1231 876 ex
1280 818 1393 877 diis
1437 818 1686 879 Iunone.
1774 819 1865 879 Ita
1905 823 2239 900 comparari
2277 827 2467 907 possit

113 904 308 965 Eunt.
329 908 383 980 Ι,
433 911 564 979 26,
609 909 660 969 8
711 907 875 984 quis
918 903 1033 963 ειιΙ)
1058 903 1339 962 Amto—
1354 904 1619 964 subiecto
1661 905 1865 965 statim
1914 908 2187 967 Teridate
2204 933 2224 967 :
2281 921 2355 971 ut
2382 913 2466 972 ibi

120 1002 306 1051 monet
333 990 734 1053 Mitscherl.
841 991 948 1049 Ex
975 988 1072 1049 his
1101 988 1151 1047 si
1189 988 1342 1048 nihil
1371 991 1693 1050 satisfacit:
1735 999 1927 1051 restat
1957 999 2026 1051 ut
2062 991 2263 1054 locum
2298 999 2466 1058 rese·
2564 1056 2569 1063 ,

123 1098 310 1137 ramus
353 1081 430 1139 in
489 1096 890 1137 numerum
945 1095 1185 1150 eorum,
1246 1093 1398 1154 quae
1448 1085 1828 1150 mutaturus,
1885 1077 1940 1136 si
1981 1077 2278 1158 licuisset,
2334 1093 2467 1145 erat

121 1174 308 1244 poeta.
402 1164 598 1246 (Hoc
626 1182 938 1222 excursu
965 1169 1106 1240 post
1134 1180 1233 1239 ea,
1281 1179 1434 1239 quae
1464 1162 1675 1244 scripsi
1700 1162 1766 1222 in
1799 1162 1871 1223 V.
1902 1162 1966 1224 L.
1996 1162 2074 1223 ad
2100 1163 2161 1226 h.
2186 1167 2247 1245 l.,
2294 1170 2466 1233 facile

124 1270 317 1311 carere
346 1268 751 1333 possumus.
814 1249 928 1309 W
916 1245 1001 1329 r.)

727 1730 1613 1822 EXCURSUS
1708 1733 1932 1819 1**

440 1884 944 1953 Pallas
1011 1885 1496 1967 fulmen.
1580 1886 2209 1951 iaculans.

337 2026 385 2100 Ι,
432 2025 548 2089 42.
597 2028 775 2104 Ipsa
820 2025 990 2082 Iovis
1030 2024 1314 2102 rapidum
1341 2028 1617 2085 iaculata
1657 2046 1688 2082 e
1726 2023 1980 2084 nubibus
2012 2029 2217 2105 ignem
2253 2029 2467 2088 Disie-

167 2115 367 2190 citque
394 2124 570 2170 rates
618 2113 958 2189 evertitque
999 2131 1265 2189 aequora
1307 2115 1538 2185 venti-⁹5
1601 2111 1790 2171 lllum
1831 2114 2229 2189 exspirantem
2268 2126 2468 2173 truns-

156 2196 307 2269 fiso
350 2211 601 2274 pectore
633 2197 957 2274 flammas
1005 2195 1264 2255 Turbine
1303 2199 1601 2276 οοηιῄυιιίι
1625 2197 1986 2275 scopuloque
2024 2198 2227 2272 infixit
2259 2214 2460 2259 acuto.

177 2281 270 2339 De
332 2281 445 2341 diis
502 2284 756 2343 fulmen
805 2280 1210 2341 iaculantibus
1248 2303 1386 2343 cum
1433 2283 1630 2342 multa
1670 2290 1984 2360 argutatus
2026 2293 2179 2343 esset
2225 2286 2468 2347 Servius

178 2386 326 2425 mm
354 2368 519 2444 aliis,
563 2368 698 2427 viri
731 2366 902 2426 docti
944 2367 1259 2446 diligenter
1287 2368 1675 2429 commentati
1714 2376 1889 2443 sunt3
1942 2368 2025 2426 ita
2055 2379 2128 2429 ut
2162 2391 2325 2430 nunc
2365 2373 2468 2431 in-

179 2462 278 2512 ter
321 2464 503 2513 notas
542 2474 653 2514 res
695 2453 855 2511 illud
896 2453 991 2513 sit.
1082 2454 1340 2514 Videndi
1385 2456 1460 2516 de
1497 2455 1595 2516 his
1635 2455 1853 2533 Cuper.
1879 2453 2172 2535 Harpocr.
2220 2477 2279 2537 p.
2325 2461 2467 2523 100.
2574 2453 2578 2457 ’

173 2541 582 2602 Burmannus
611 2543 684 2599 in
722 2539 870 2599 Iove
899 2541 1296 2619 Fulguratore
1334 2563 1384 2602 c.
1429 2542 1528 2608 15.
1567 2550 1631 2600 et
1660 2540 2139 2602 Winckelmann.
2178 2546 2461 2602 Monam.

175 2641 317 2685 ant.
352 2628 522 2686 ined.
552 2629 629 2686 T.
668 2626 740 2684 11.
778 2645 829 2684 c.
861 2631 922 2690 2.
1008 2628 1128 2687 Res
1157 2628 1221 2687 in
1251 2628 1494 2706 gemmis
1537 2627 1735 2688 obvia.
1822 2625 2014 2686 Multo
2053 2636 2255 2688 tamen
2285 2630 2470 2708 magis

139 2712 496 2772 ‘celebrata
525 2723 622 2772 est
650 2711 848 2771 Pallas
886 2711 1266 2772 fulminatrix
1299 2715 1365 2773 in
1401 2713 1633 2787 numia,
1678 2713 1934 2771 maxime
1965 2713 2284 2773 Domitiani
2320 2714 2470 2793 Imp.

187 2798 693 2858 Occurritetiam
731 2798 796 2857 in
823 2799 1086 2877 graecis,
1128 2808 1203 2858 ut
1226 2799 1512 2879 Antigoni
1545 2799 1849 2872 Gonatae,
1890 2796 2235 2876 Agathoclis
2265 2801 2469 2877 Syrac.

193 2890 270 2940 et
300 2883 369 2941 in
404 2884 542 2962 ipsis
584 2889 1034 2964 Syracusarum
1089 2886 1304 2946 numis.
1388 2887 1498 2945 Est
1543 2903 1783 2962 quoque
1824 2884 2084 2942 Palladis
2113 2893 2298 2963 caput
2333 2904 2472 2944 cum

196 2968 462 3027 fulmine
489 2970 549 3030 in
574 2990 768 3029 numo
796 2991 970 3031 aereo
993 2972 1327 3031 Locrorum
1351 2970 1509 3051 apud
1544 2971 1818 3048 Magnan.
1842 2969 2115 3030 Pellerin.
2154 2979 2215 3029 et
2242 2969 2472 3031 Eckhel

193 3055 501 3114 Doctrina
534 3077 778 3116 numor.
830 3058 898 3116 Τ.
939 3057 981 3116 l.
1022 3057 1086 3116 P.
1129 3057 1202 3117 ll.
1243 3080 1302 3138 p.
1338 3062 1480 3123 191.
1565 3055 1704 3116 Alio
1735 3056 1918 3116 modo
1947 3056 2014 3116 in
2050 3056 2248 3116 numis
2274 3056 2471 3117 Athe-

189 3142 504 3201 niensium
543 3151 774 3201 noctua
816 3163 954 3202 cum
997 3143 1244 3203 fulmine
1291 3143 1579 3202 cernitur.
1662 3142 1788 3202 Nec
1830 3142 2024 3202 minus
2064 3143 2165 3202 alii
2209 3142 2296 3202 dii
2334 3164 2470 3204 cum

186 3228 554 3288 fulminibus
587 3240 957 3306 occurrunt,
1002 3238 1076 3289 ut
1105 3229 1203 3289 vel
1230 3249 1306 3288 ex
1330 3229 1547 3288 Lexico
1572 3229 1851 3289 numism.
1879 3228 2121 3288 Raschii
2156 3250 2472 3309 cognoscas
2532 3292 2539 3298 ,

373 3402 601 3459 Aiacis
641 3399 803 3458 Oilei
830 3401 873 3459 s.
900 3400 1183 3460 interitus
1225 3409 1318 3460 est
1347 3399 1507 3460 inter
1555 3398 1932 3459 narrationes
1972 3421 2097 3460 nou
2132 3422 2257 3461 uno
2291 3400 2472 3461 modo

192 3505 238 3542 a
285 3487 484 3564 poetis
522 3494 787 3545 ornatas.
876 3488 1037 3546 Sunt
1075 3487 1352 3566 inprimis
1401 3486 1589 3562 duae,
1648 3485 1839 3545 altera
1887 3487 2227 3566 epicorum,
2286 3487 2473 3547 altera

193 3572 598 3648 tragicorum.
685 3571 1035 3633 Praeiverat
1081 3572 1382 3633 Homerus
1419 3571 1637 3650 odyss.
1682 3573 1748 3647 ὃ,
1793 3570 1919 3636 499
1962 3592 2049 3651 sq.
2135 3572 2376 3634 Aiacem
2421 3574 2474 3632 is

197 3656 480 3735 Neptuni
507 3677 622 3738 ope
658 3657 781 3717 iam
813 3658 995 3739 Gyris
1025 3659 1335 3719 admotum
1365 3658 1432 3717 in
1472 3677 1543 3716 eo
1570 3657 1751 3716 fuisse
1781 3667 2014 3732 narrat,
2057 3667 2126 3718 ut
2157 3660 2473 3719 incolumis

201 3752 489 3803 enataret
521 3745 585 3804 in
631 3752 874 3824 petras,
921 3765 1061 3804 cum
1092 3745 1217 3804 eius
1251 3743 1525 3824 superbis
1568 3742 1741 3803 dictis
1787 3740 1909 3824 (φῆ
1955 3738 2019 3825 ῤ’
2057 3738 2265 3825 ἀέκητι
2302 3748 2474 3809 θεῶν

201 3827 463 3911 φυγέειν
491 3830 646 3912 μέγα
670 3836 893 3911 λαῖτμα
917 3825 1259 3910 θαλάσσης)
1297 3831 1617 3910 Neptunus
1654 3828 1932 3888 irritatus
1959 3829 2225 3891 tridente
2259 3851 2474 3911 rupem

197 3918 501 3996 pez-cussit
546 3919 872 3996 ipsumque
912 3937 1053 3975 cum
1107 3917 1278 3998 rupis
1320 3923 1530 3997 parte,
1585 3935 1763 3992 quam
1814 3935 2000 3975 manu
2051 3916 2474 3995 prehendorat,

192 4003 589 4083 praecipitem
628 4004 788 4063 mari
815 4003 1164 4062 submersit:
1210 3999 1340 4083 (qui
1379 4010 1721 4079 sequuntur
1765 4001 1889 4063 duo
1930 4022 2136 4062 versus
2169 4002 2311 4068 509.
2348 4002 2475 4068 510

197 4088 281 4147 ab
306 4090 782 4171 interpolatore,
830 4091 995 4148 forte
1035 4086 1370 4167 rhapsodo‚
1419 4087 1677 4166 profecti
1705 4086 1894 4170 sunt.)
1928 4139 1935 4148 ,
1984 4088 2296 4168 Copiosius
2326 4087 2475 4147 haec

202 4177 480 4255 exposuit
511 4177 789 4253 Quintus
817 4174 987 4250 XIV,
1023 4175 1149 4238 547
1168 4194 1296 4253 sqq.
1343 4169 1476 4254 (ubi
1503 4182 1565 4231 et
1589 4173 1715 4252 ipse
1739 4173 1950 4233 turbat
1980 4183 2225 4234 narrata
2249 4176 2330 4239 57
2335 4177 2474 4237 9-

167 4295 172 4304 ·
209 4261 332 4326 686
354 4264 432 4322 ita
456 4274 526 4325 ut
549 4286 691 4327 eum
722 4282 949 4326 versus
991 4259 1362 4320 adulterinos
1406 4259 1591 4319 modo
1633 4268 1997 4319 memoratos
2027 4260 2092 4319 in
2117 4280 2227 4320 suo
2267 4258 2474 4337 legisse

215 4361 511 4430 apparent,
556 4374 707 4413 nam
738 4368 893 4410 cum
924 4346 1047 4405 iam
1083 4365 1205 4405 una
1240 4366 1377 4406 cum
1421 4364 1574 4426 rupe
1601 4344 1970 4426 apprehensa
2009 4345 2073 4404 in
2102 4364 2268 4404 mare
2297 4364 2477 4423 prae-

215 4452 336 4515 σφε
373 4439 618 4518 ruisset,
683 4437 881 4498 aliam
933 4449 1144 4512 rupem
1183 4432 1498 4515 Neptunus
1541 4430 1606 4490 in
1645 4450 1781 4490 eum
1812 4428 2123 4511 devolvit.)
2214 4428 2307 4488 Ad
2348 4428 2478 4489 Ho-
