2882 5028
550 384 1167 460 AENEIDos
1219 387 1431 462 Lm.
1473 386 1588 483 Η,
1652 393 2078 466 166—181
2294 397 2451 489 Ι293

190 571 463 646 Sudor
496 573 621 666 iit;
677 588 960 675 terque
997 575 1162 674 ipsa
1195 571 1371 648 solo
1405 572 1803 668 (mirabile
1835 574 2083 672 dictu)
2121 575 2126 584 “

184 676 574 772 Emicuit,
638 702 1169 778 parmamque.
1224 675 1494 753 ferens
1559 675 2020 780 hastamque
2090 692 2446 756 tremen-

1356 793 1548 858 tem.
2298 789 2446 863 175

180 883 608 983 Extemplo
646 883 1024 959 tentanda
1062 880 1248 982 suga
1285 885 1489 958 canit
1523 883 2261 984 aequoraCalchas3

178 991 340 1062 Nec
375 1011 617 1086 posse
651 987 1034 1084 Argolicis
1068 988 1411 1063 exscindi
1449 991 1827 1085 Pergama
1858 988 2065 1083 telis,

181 1089 481 1166 Omina
513 1091 595 1166 ni
626 1103 996 1191 repetant
1025 1092 1285 1189 ArgiS,
1338 1115 1810 1191 numenque
1842 1091 2249 1184 reducant,

180 1193 424 1288 Quod
448 1193 736 1294 pelago
766 1207 848 1269 et
883 1195 1133 1269 curvis
1156 1218 1430 1270 secum
1456 1219 1782 1270 avexere
1812 1195 2107 1274 carinis,

176 1299 272 1372 Et
297 1316 559 1393 nunc,
618 1298 838 1398 quod
874 1299 1158 1398 patrias
1186 1312 1430 1374 vento
1466 1299 1771 1398 petiere
1793 1303 2186 1396 Mycenas,
2291 1307 2437 1377 180

177 1404 413 1476 Arma
452 1400 817 1502 deosque
847 1415 1128 1501 parant
1159 1403 1525 1500 comiteS,
1578 1402 2028 1503 pelagoque
2059 1426 2433 1476 remenso

174 1599 273 1640 tem
303 1590 512 1641 Ennius
544 1591 613 1642 de
639 1591 815 1642 Lamis
839 1591 1050 1651 dixit;“
1095 1592 1199 1659 leg.
1226 1593 1296 1643 de
1338 1593 1595 1645 lacrimis.
1666 1594 1837 1643 Locus
1878 1609 1993 1642 esse
2018 1591 2232 1656 debuit,
2267 1590 2434 1659 qualis

171 1659 307 1710 Accii
334 1660 392 1710 in
423 1660 758 1713 Phoenissis:
813 1662 1025 1712 Sal-reis
1056 1680 1301 1714 cruorem
1339 1665 1551 1733 guttai-s·
1585 1662 1929 1714 lacrimarum
1967 1661 2098 1712 lavi.
2167 1662 2244 1711 Ex
2266 1661 2432 1712 Ennio

168 1728 415 1780 laudatur
443 1729 582 1799 apud
609 1730 848 1782 Μυσοὶ).
872 1732 964 1795 VI,
998 1732 1033 1785 2
1058 1730 1247 1799 Neque
1269 1735 1500 1782 miserae
1529 1732 1717 1782 lavere
1749 1732 2027 1782 lacrumae
2063 1730 2270 1781 salsum
2296 1748 2433 1780 san—

205 1800 440 1865 ainem).
511 1799 881 1868 (Depravatam
929 1818 1042 1849 esse
1083 1817 1266 1850 vocem
1294 1800 1482 1851 salsas
1520 1817 1606 1867 ap.
1635 1799 1825 1868 virgil.
1871 1818 1930 1850 ac
1969 1799 2309 1850 vehementer
2331 1800 2431 1850 sibi

167 1818 457 1936 {inplicare
485 1869 564 1918 ait
588 1869 808 1920 Wakef.
839 1869 907 1919 ad
936 1870 1144 1920 Luci-et.
1175 1871 1266 1933 vl,
1303 1872 1456 1924 1185.
1499 1869 1641 1934 H‘r.)
1711 1923 1717 1932 ,
1796 1870 1894 1923 177
1930 1869 2056 1921 Non
2102 1869 2265 1919 Goth.
2311 1879 2431 1921 tert.

172 1939 383 1989 excindi
406 1938 564 1989 multi
586 1938 822 1989 scribunt
852 1939 1009 1989 etiam
1035 1938 1176 2007 apud
1202 1940 1402 2000 Eurum
1440 1939 1576 1991 adde
1602 1940 1787 2006 fragm.
1819 1941 1941 1989 Vat.
2015 1938 2191 1989 excidi
2227 1938 2427 1989 Zulich.

176 2008 265 2060 178
294 2010 495 2058 Omnia
520 2007 698 2075 vulgg.
740 2007 837 2077 (sic
860 2008 1052 2070 Patat.;
1087 2007 1183 2058 sed
1208 2011 1388 2060 omina
1416 2018 1472 2059 et
1489 2008 1575 2059 hic
1594 2018 1646 2058 et
1676 2026 1750 2060 vs.
1786 2010 1902 2062 182.
1929 2007 2190 2072 meliores,
2225 2008 2279 2057 in
2306 2006 2428 2077 qui-

174 2073 261 2125 bos
286 2077 481 2128 Medic.
515 2086 575 2127 et
618 2078 808 2144 fragm.
862 2079 1017 2139 Vat.;
1054 2095 1221 2146 neque
1261 2077 1417 2128 aliter
1461 2083 1609 2129 Serv.
1651 2079 1799 2144 Wr.)
1872 2078 2114 2129 Numina
2153 2079 2216 2128 ni
2244 2096 2288 2128 r.
2318 2080 2424 2129 Zu-

174 2142 307 2208 neh„
336 2146 406 2202 ab
442 2146 888 2213 interpolatione,
924 2165 987 2199 ex
1011 2146 1107 2208 iis,
1156 2164 1290 2214 quae
1330 2157 1630 2215 sequuntur.
1772 2148 1873 2201 179
1905 2147 2107 2228 pelago
2141 2160 2196 2196 et
2238 2150 2428 2198 curvis

180 2216 395 2278 carinis,
444 2226 643 2266 ornate
685 2217 843 2278 satis,
886 2218 983 2267 sed
1028 2217 1169 2267 forte
1208 2217 1447 2268 secundis
1488 2216 1624 2267 curis
1664 2234 1694 2267 a
1734 2216 1962 2284 Virgilio
2006 2216 2299 2267 delendum.
2370 2230 2426 2266 ee

180 2298 407 2350 nusquam
438 2285 681 2336 deletum
707 2285 882 2336 video.
920 2286 1046 2352 (vid.
1074 2289 1138 2349 Q.
1168 2287 1232 2338 V.
1261 2288 1545 2348 xxxml,
1571 2289 1625 2350 2,
1649 2295 1780 2338 extr.
1826 2285 1968 2352 Wr.)
2039 2303 2271 2337 avexere
2301 2295 2423 2354 post

180 2350 383 2403 Pieriam
412 2356 647 2405 debetur
674 2354 853 2407 Heius.
887 2373 916 2406 e
941 2354 1245 2406 melioribus
1272 2355 1427 2407 codd.
1497 2356 1699 2407 etitum.
1748 2355 1926 2423 infige,
1958 2355 2246 2414 advexere,
2281 2355 2422 2423 quod

181 2427 336 2471 tamen
367 2435 418 2475 et
442 2425 622 2494 ipsum
652 2425 835 2492 fragm.
862 2425 1033 2477 Vatic-
1066 2424 1307 2485 exhibet3
1360 2375 1492 2493 (serf
1505 2425 1630 2476 illuc
1656 2425 1971 2494 typothetae
2005 2441 2182 2474 errore
2215 2423 2318 2474 hoc
2348 2423 2421 2473 il-

179 2487 353 2554 latum,
388 2512 550 2563 quum
577 2494 633 2544 in
669 2494 789 2563 ipso
822 2494 1021 2556 codice,
1056 2503 1288 2545 testante
1318 2494 1554 2547 Bottario
1582 2512 1703 2563 pag.
1748 2496 1886 2558 171„
1937 2493 2142 2559 legatur
2172 2511 2420 2546 avexere.

186 2563 311 2625 Vt.)
344 2576 392 2615 et
422 2567 586 2616 Voss.
613 2582 700 2614 un.
735 2582 848 2615 cum
878 2565 1037 2617 Goth.
1061 2575 1181 2615 tert.
1213 2565 1511 2627 adduxere,
1544 2564 1698 2616 male.
1846 2566 1943 2617 180
1979 2568 2050 2614 Ec
2090 2582 2240 2613 nunc
2279 2582 2421 2632 quae

176 2629 362 2699 llenng.
386 2652 469 2703 pr.
547 2633 689 2685 Vide
733 2651 795 2684 an
823 2643 984 2701 poeta
1007 2633 1217 2702 dignior
1239 2633 1309 2684 sit
1335 2634 1507 2685 oratio
1534 2652 1600 2684 ex
1622 2644 1818 2685 mutata
1845 2631 2291 2700 interpunctione:
2344 2637 2420 2683 Et

180 2716 325 2764 nane,
358 2704 506 2784 qaod
529 2732 595 2740 —
623 2704 890 2765 Calchas,
926 2705 1089 2757 Hanc
1107 2721 1212 2773 pto
1240 2704 1499 2754 Palladio
1528 2733 1593 2742 —
1622 2702 1863 2773 effigiem
1889 2715 2151 2753 stanter-e.
2221 2704 2278 2750 In
2301 2719 2418 2751 me-

185 2766 265 2817 ffio
289 2783 449 2836 posita
474 2772 701 2840 reliqua,
737 2784 978 2840 tanquam
1005 2774 1059 2823 iu
1086 2772 1408 2840 parenthesi.
1475 2773 1592 2837 (sed
1615 2778 1675 2822 ea
1705 2782 1783 2822 est
1813 2773 2002 2823 horum
2030 2769 2417 2820 enunciatorum

190 2846 382 2900 natura,
405 2851 460 2890 ut
480 2854 697 2911 parant
727 2850 778 2891 et
811 2843 1053 2892 aderunt
1082 2842 1357 2893 manifesto
1384 2842 1687 2910 apodoseos
1719 2841 1786 2891 ad
1818 2840 1965 2910 quod
1986 2842 2196 2909 petiere
2215 2837 2415 2888 relatae

192 2904 421 2958 rationem
445 2928 565 2978 pne
590 2928 652 2961 se
676 2910 870 2963 ferant.
912 2912 1058 2979 Wr.)
1164 2913 1260 2965 181
1291 2923 1501 2982 parem
1524 2910 1762 2962 Parthas.
1809 2921 2022 2981 parant
2050 2910 2227 2959 socios
2251 2907 2412 2959 Goth.

190 2982 321 3040 tert,
348 2993 445 3028 non
468 2981 604 3032 malo
636 2980 809 3049 lapsu.

175 3150 309 3208 gere
343 3139 592 3213 oeulos„
612 3139 844 3212 vultus,
905 3145 976 3196 ut
1017 3146 1245 3213 contra,

174 3217 450 3281 denu'tteoe
473 3268 492 3297 ,
555 3223 822 3282 deiecere.
911 3223 1246 3282 Transtulit

167 3298 302 3363 haec
328 3317 511 3387 poeta
549 3308 627 3366 ab
660 3308 762 3383 iis,
806 3327 960 3386 quae
999 3310 1074 3368 de
1101 3308 1243 3367 Pal-

164 3386 303 3449 ladis
354 3394 528 3472 signo
582 3403 1030 3469 memorantur,
1086 3414 1241 3454 cum

166 3474 547 3538 Cassandram
617 3480 692 3538 ab
763 3480 891 3539 eius
961 3480 1242 3559 amplexu

164 3558 309 3620 Aiax
366 3565 520 3624 Oilei
572 3566 613 3624 s.
673 3565 974 3626 avelleret.
1048 3585 1232 3645 porro

167 3649 303 3710 173.
344 3650 407 3713 4.
461 3653 521 3718 5.
574 3650 913 3710 Palladium
968 3651 1230 3726 sudavit,

155 3731 407 3795 subsiliit
448 3738 641 3817 clipeo
695 3734 988 3813 hastaque
1039 3746 1199 3795 mota
1212 3760 1231 3814 3

146 3819 359 3896 quibus
398 3823 542 3902 ipsis
579 3821 707 3881 eius
742 3821 984 3884 habitus
1017 3842 1051 3879 a
1081 3843 1230 3902 poe-

141 3914 202 3963 ta
227 3907 595 3969 dedantur.
634 3908 846 3985 serena
878 3918 968 3967 est
1003 3917 1229 3968 tenens.

133 3990 412 4075 φέρουσα
432 4016 551 4073 pro
584 3993 819 4071 ἔχουσα.

214 4086 335 4146 176
375 4114 464 4124 -
497 4083 646 4144 179.
711 4076 1024 4138 Tentanda
1061 4078 1231 4157 suga

117 4186 400 4312 :¹:3⁰5
421 4175 1230 4327 ⁹0..2‘¹¹⁸}5122222¹32‘⁰„2¹Z}3{1

115 4349 243 4396 tanc
280 4339 497 4414 hgis
540 4335 794 4396 ductum
828 4332 1111 4409 videtur,
1163 4343 1228 4394 ut

109 4424 379 4486 Servius
415 4430 473 4481 et
494 4421 868 4504 Pomponius
904 4418 1025 4479 iam
1051 4428 1225 4480 nota-
1280 4490 1283 4491 γ

1330 3147 1513 3212 runt,
1563 3137 1638 3195 ab
1675 3135 2137 3216 imperatoribus
2185 3136 2410 3193 Roma-

1328 3223 1453 3298 nis,
1511 3224 1615 3300 qui
1662 3222 1742 3281 ad
1781 3221 2045 3301 auspicia
2086 3220 2408 3299 repetenda

1327 3327 1400 3366 ac
1431 3308 1786 3368 renovanda
1824 3309 2078 3366 Romam
2117 3326 2405 3366 nonnun-

1325 3413 1507 3472 quam
1536 3414 1612 3453 ex
1641 3393 1851 3453 castris
1872 3391 2099 3453 reverti
2115 3392 2405 3467 solebant,

1324 3480 1375 3536 si
1410 3500 1470 3538 v.
1518 3501 1570 3539 c.
1606 3480 1830 3539 malum
1871 3490 2047 3538 omen
2087 3477 2401 3539 inciderat.

1324 3560 1526 3644 (cuius
1562 3566 1649 3624 rei
1695 3566 1905 3625 crebra
1957 3563 2122 3644 apud
2168 3564 2401 3623 Livium

1314 3651 1561 3710 mentio.
1613 3649 1783 3733 Wr.)
1886 3649 2093 3728 ltaque
2127 3650 2400 3708 similiter

1315 3736 1560 3809 statuit,
1622 3756 1744 3795 esse
1798 3734 2040 3794 Achivis
2087 3735 2398 3794 Graeciam

1312 3821 1700 3900 repetendam
1716 3868 1734 3899 ‚
1778 3822 2033 3900 auspicia
2061 3820 2142 3878 ibi
2164 3821 2398 3880 instau-

1314 3905 1509 3966 randa
1538 3951 1555 3981 ,
1635 3915 1696 3966 et
1753 3927 1889 3966 cum
1948 3907 2076 3986 ipso
2132 3906 2396 3965 Palladio

1314 4002 1558 4067 evecto,
1617 4002 1718 4068 ut,
1773 3992 2137 4054 sollennibus
2194 3993 2393 4067 sacris,

1314 4078 1670 4138 restituatur
1707 4080 1770 4138 in
1814 4078 2013 4137 sedem
2054 4100 2250 4153 suam,
2292 4097 2394 4137 re-

1311 4163 1693 4225 vertendum.
1751 4163 1995 4245 (numen
2035 4164 2110 4221 de
2145 4164 2391 4224 simula-

1312 4270 1457 4326 cr0,
1503 4261 1574 4310 ut
1611 4270 1701 4312 vs.
1745 4255 1883 4315 183.
1932 4247 2109 4330 Wr.)

1403 4339 1544 4402 180.
1593 4340 1730 4401 181.
1789 4338 1866 4395 Et
1911 4355 2073 4395 nunc
2118 4330 2282 4411 quod
2329 4332 2388 4389 in

1312 4422 1619 4483 Graeciam
1649 4421 1978 4496 redieruut,
2013 4417 2131 4479 hoc
2151 4437 2221 4476 eo
2246 4434 2389 4497 per-
