2882 5028
381 342 534 414 316
885 333 966 407 Ρ.
1022 329 1546 407 VIRGILII
1592 328 2139 404 MARONIS

381 525 805 595 Portarum
839 515 1148 612 vigile5,
1204 530 1282 591 et
1322 540 1556 591 caeco
1587 521 1838 592 Marte
1877 517 2267 595 resistunt.
2423 567 2428 572 -
2481 522 2646 599 335

383 621 711 701 Talibus
746 618 1202 717 Othryadae
1236 619 1459 694 dictis
1497 632 1577 694 et
1609 621 1942 695 numine
1976 619 2247 695 divom

376 729 468 803 In
503 723 862 800 flammas
894 723 1082 798 etin
1121 747 1338 798 arma
1364 721 1622 818 seror,
1676 748 1839 823 quo
1874 724 2109 799 tristis
2133 725 2434 820 Erinys,

380 833 563 927 Quo
597 824 964 903 fremitus
1008 839 1237 902 vocat
1278 841 1358 902 et
1400 827 1754 902 sublatus
1800 826 1900 903 ad
1947 827 2268 904 aethera
2310 824 2638 906 clamor.

374 930 707 1010 Addunt
736 955 821 1006 se
848 932 1107 1005 socios
1128 929 1529 1033 Rhipeus,
1584 943 2103 1007 et‘maxumus
2144 931 2381 1006 armis

377 1039 713 1136 EpytuS,
784 1033 1029 1111 oblati
1105 1059 1256 1136 per
1324 1034 1700 1239 Ιιιηειῐξίιᾶ(Ξ
1725 1036 2234 1136 Hypanisque
2297 1038 2638 1217 Βγῐῐὲεῗᾶ

1703 1198 1723 1235 9

452 1285 653 1358 337.
744 1279 1095 1354 Emauvs
1346 1282 1558 1355 340.
1649 1279 2004 1371 Ena-u&
2190 1296 2458 1353 umam
2529 1279 2631 1355 H.

438 1519 543 1574 335
581 1520 838 1571 resistent
867 1536 971 1570 sec.
997 1519 1250 1571 Rottend.
1288 1518 1531 1584 (-337.
1566 1521 1800 1589 Erinys,
1837 1519 2060 1588 simplici
2102 1538 2158 1585 n,
2192 1517 2443 1587 scriptum
2474 1517 2629 1569 inve-

370 1589 539 1652 nitur,
575 1587 782 1655 quoties
813 1588 916 1640 hoc
947 1605 1136 1640 nomen
1163 1588 1217 1638 in
1236 1589 1425 1640 Medic.
1451 1591 1601 1642 Rom.
1625 1599 1680 1642 et
1709 1591 1773 1642 fr.
1807 1591 1979 1642 Vatic.
2008 1589 2220 1657 legitur,
2256 1588 2292 1640 i.
2320 1607 2366 1639 e.
2395 1593 2524 1639 Aen.
2563 1591 2629 1653 11,

369 1659 492 1713 387.
530 1659 643 1722 vn,
676 1655 799 1711 447.
830 1659 950 1711 570.
1023 1660 1214 1716 Recte;
1255 1659 1359 1710 vid.
1388 1658 1578 1710 Blomf.
1609 1660 1673 1710 ad
1714 1658 1900 1711 Aesch.
1933 1660 2196 1710 Prometh.
2237 1677 2309 1709 vs.
2337 1659 2454 1713 525.
2486 1668 2543 1707 et
2572 1658 2630 1709 iu

367 1727 639 1779 Glossario
669 1745 786 1796 pag.
818 1727 903 1781 82.
930 1744 1009 1795 sq.
1043 1728 1170 1779 edit.
1195 1729 1339 1796 Lips.
1390 1729 1593 1782 Iacobs.
1633 1729 1701 1780 ad
1729 1729 1944 1781 Anthol.
1971 1729 2137 1780 Palat.
2186 1730 2251 1782 T.
2285 1730 2372 1779 ΙΙΙ.
2419 1747 2471 1796 p.
2498 1728 2626 1782 258.

367 1797 604 1866 aliosque
623 1835 638 1861 ,
674 1812 805 1878 quos
844 1795 1076 1847 laudavit
1099 1798 1387 1850 accuratius
1412 1798 1479 1849 de
1508 1817 1570 1849 ea
1597 1816 1657 1850 re
1697 1799 1964 1850 disserens
1988 1801 2267 1849 Hermann.
2296 1797 2525 1848 Praefst.
2553 1797 2630 1848 ad

366 1866 530 1935 δορὴ.
582 1871 703 1917 Anti
742 1902 756 1917 .
815 1866 898 1916 ed.
939 1876 1064 1917 tert.
1119 1885 1173 1935 p.
1208 1869 1363 1919 XIX.
1417 1886 1532 1937 sqq.
1626 1870 1812 1938 Itaque
1857 1868 2033 1920 delevi
2075 1867 2296 1919 alteram
2350 1885 2404 1918 n.
2473 1869 2624 1934 Wr.)

364 1935 472 1991 338
506 1935 653 2005 quod
676 1884 762 2006 fi.
792 1935 925 1987 Gud.
997 1954 1103 2005 quo
1127 1939 1366 2008 gemitus
1388 1937 1606 1990 Dorvin.
1641 1949 1693 1991 et
1718 1939 1878 1992 Witt.
1945 1941 2002 1989 in
2048 1938 2273 1989 aethere
2300 1954 2405 1987 sec.
2431 1937 2623 1988 Hamb.

368 2002 438 2056 ab
472 2005 696 2056 aethere
727 2022 810 2073 pr.
844 2005 1040 2056 Mox-et.
1177 2007 1283 2060 339
1332 2010 1496 2059 sociis
1542 2011 1751 2077 Menag.
1788 2027 1891 2077 pr„
1939 2007 2035 2058 sed
2084 2007 2191 2059 Ecl.
2226 2008 2319 2068 VJ,
2353 2009 2426 2060 20
2461 2007 2625 2057 addit

367 2091 427 2127 se
461 2075 679 2125 sociam.
746 2074 871 2124 Mox
906 2076 983 2124 Ri
1017 2075 1185 2140 heus,
1232 2077 1523 2148 Repheus,
1585 2080 1880 2148 Ryphus,
1931 2076 2188 2129 scribitur.
2260 2070 2481 2136 Ῥιπεὺς
2516 2086 2623 2127 est.

365 2143 493 2210 (vid.
528 2144 597 2194 V.
635 2143 695 2193 1..
732 2143 800 2194 ad
836 2144 934 2209 XI,
1003 2142 1089 2198 84.
1133 2146 1276 2212 Wr.)
1328 2148 1476 2209 Quae
1511 2159 1810 2215 sequuntur,
1846 2147 2066 2199 obscura
2102 2143 2311 2198 nomina
2346 2154 2485 2207 sunt,
2522 2163 2624 2197 nec

362 2211 417 2264 in
450 2213 515 2264 iis
549 2212 871 2263 morandum.
940 2216 1207 2266 maximas
1240 2218 1433 2280 annis,
1479 2216 1622 2285 quod
1658 2235 1689 2268 a
1729 2216 1991 2269 nonnullis
2026 2215 2133 2283 legi
2168 2215 2368 2267 Pierius
2420 2224 2476 2266 et
2516 2216 2621 2267 Ge.

362 2281 632 2334 Fabricius
665 2290 958 2347 testantur,
992 2282 1360 2352 interpolatum
1394 2303 1496 2354 per
1528 2303 1647 2350 eos,
1709 2286 1798 2356 qui
1831 2305 1880 2338 v.
1907 2287 2021 2342 435
2056 2287 2276 2357 Iphitus
2321 2303 2461 2336 aevo
2495 2287 2623 2336 Iam

361 2351 988 2423 gravioqmeminerant,
1021 2353 1170 2422 quasi
1205 2353 1346 2405 idem
1381 2373 1496 2406 cum
1531 2357 1705 2424 Epyto
1744 2365 1899 2408 esset.
2017 2354 2124 2409 340
2157 2359 2377 2425 Epytus
2403 2346 2621 2421 (Hav-

362 2423 483 2487 σος)
519 2438 583 2472 ex
617 2420 768 2472 libris
804 2420 986 2473 Heius.
1035 2422 1290 2475 restituit.
1351 2426 1430 2492 (et
1464 2425 1539 2476 sic
1572 2426 1842 2496 Epytides
1889 2444 1919 2477 e
1954 2442 2209 2477 consensu
2246 2424 2501 2487 omnium,
2559 2435 2618 2476 nt

361 2490 598 2557 videtur,
657 2489 913 2544 librorum
946 2490 1083 2544 infra
1117 2493 1187 2557 V,
1219 2494 1340 2548 579.
1376 2493 1579 2561 editur,
1641 2495 1768 2546 item
1802 2495 1932 2548 ibid.
1968 2493 2107 2558 547„
2161 2493 2264 2546 nisi
2299 2494 2446 2563 quod
2483 2494 2539 2548 h.
2578 2495 2616 2547 1.

359 2560 588 2613 Pieriani
622 2560 861 2613 nonnulli
893 2562 1221 2632 Aepytiden.
1252 2562 1357 2615 vid.
1391 2565 1572 2616 Heius.
1614 2568 1760 2632 Wr.)
1844 2564 2033 2616 Medic.
2067 2568 2304 2636 Aepitas
2339 2565 2437 2630 (Ae
2476 2576 2618 2633 ytus,

359 2629 606 2692 Αἴπυτος
663 2647 769 2681 nou
823 2631 989 2682 minus
1057 2641 1202 2683 recte
1251 2633 1552 2701 diceretur),
1602 2634 1729 2703 (vid.
1762 2634 1942 2687 Schol.
1990 2633 2220 2685 Theocr.
2270 2636 2310 2697 1,
2351 2638 2376 2687 1
2457 2671 2471 2685 .
2487 2654 2503 2696 ;
2559 2646 2618 2687 et

358 2704 611 2772 Aepytus
659 2700 713 2750 in
761 2700 952 2753 Medic.
1001 2701 1142 2769 apud
1189 2703 1355 2771 Fogg.
1405 2714 1589 2755 exstat.
1657 2707 1893 2775 Aepitas
1935 2704 2100 2756 Paris.
2134 2706 2187 2759 2.
2222 2704 2275 2758 3.
2310 2703 2365 2757 4.
2403 2708 2490 2757 11.
2527 2708 2615 2759 12.

361 2770 444 2825 13.
489 2768 634 2837 Wt.)
669 2768 723 2821 iu
759 2769 876 2821 aliis
912 2768 1131 2823 vitiose:
1164 2776 1215 2823 E
1251 2774 1392 2837 ἱειιε,
1427 2775 1692 2845 Epithus,
1726 2775 1980 2845 Ephitus,
2011 2775 2310 2838 Aeplu'tus,
2350 2774 2614 2844 Iphytus.

356 2840 598 2913 (Iphitus
630 2839 795 2892 palat.
837 2839 985 2909 Wt.)
1059 2844 1132 2892 Et
1205 2843 1413 2910 ythu23
1452 2852 1507 2895 et
1539 2861 1660 2895 mox
1696 2845 2017 2915 Hyphanis,
2051 2843 2290 2914 Hipanis
2315 2855 2371 2893 et
2402 2846 2616 2909 Dimcs,

355 2915 579 2962 Damas.
615 2909 682 2961 cf.
722 2908 817 2960 inf.
838 2909 973 2964 394.
1030 2902 1290 2973 “mmm
1325 2907 1544 2978 Δύμας.
1622 2911 1818 2965 oblecti
1849 2912 2012 2965 wall.
2058 2931 2089 2964 s
2124 2931 2192 2963 m.
2227 2929 2307 2980 pr.
2377 2931 2481 2983 per
2515 2914 2613 2964 Iu-

354 2998 464 3030 eem
499 2978 637 3030 coni.
663 2978 1005 3040 Waddelius3
1046 2988 1104 3029 at
1135 2997 1185 3032 v.
1221 2983 1493 3033 Burmann.
1564 2985 1726 3033 Forte
1762 2990 1935 3032 autem
1969 2982 2177 3033 suavior
2207 2981 2449 3033 iunctura
2486 2981 2613 3049 erit,

353 3048 399 3099 si
433 3048 803 3115 interpungas:
838 3048 1059 3099 addunt
1092 3065 1152 3099 se
1184 3053 1362 3102 socios
1385 3053 1637 3122 Rhipeus
1668 3063 1724 3103 et
1757 3081 1824 3089 -
1859 3056 2098 3122 Epytus,
2148 3050 2319 3104 oblati
2345 3069 2451 3120 per
2481 3056 2612 3103 La-

355 3136 513 3181 nam,
549 3119 913 3187 Hypanisque
946 3121 1285 3186 Dymasque,
1333 3125 1407 3171 Et
1440 3121 1611 3172 lateri
1641 3121 2025 3191 agglomerant
2055 3133 2264 3174 nostro.
2337 3126 2492 3188 (Sane
2529 3122 2610 3174 sic

352 3185 856 3255 interpungendum3
916 3201 1086 3254 neque
1135 3186 1269 3238 enim
1307 3200 1556 3258 apparet,
1618 3208 1711 3241 cur
1742 3190 1845 3242 soli
1881 3188 2116 3259 Hypanis
2169 3201 2222 3241 et
2255 3191 2450 3259 Dymas
2479 3209 2605 3258 per

350 3256 582 3308 lunam
621 3253 848 3308 oblati
883 3254 1045 3305 fuisse
1079 3254 1335 3310 dicantur.
1417 3262 1484 3309 Et
1519 3260 1596 3313 sic
1630 3260 1695 3312 ad
1733 3261 1945 3311 verbum
1980 3259 2365 3330 adglomerant
2432 3276 2601 3311 rono-

348 3341 468 3377 meu
506 3343 582 3388 se,
632 3323 678 3376 si
712 3324 788 3377 ita
823 3341 1036 3376 necesse
1072 3323 1311 3392 videtur,
1357 3345 1424 3380 ex
1458 3328 1817 3398 superioribus
1849 3327 2025 3397 repeti
2058 3329 2292 3399 poterit,
2327 3346 2387 3381 co
2430 3366 2446 3381 .
2472 3330 2600 3395 xn,

347 3393 470 3450 457.
512 3398 598 3448 W
587 3394 654 3463 r.)

347 3586 622 3648 obsident
669 3588 896 3649 strictis
947 3589 1201 3653 ensibus.
1300 3590 1428 3649 ob-
1515 3602 1832 3670 tamquam·
1868 3612 1902 3650 a
1941 3591 2054 3652 deo
2086 3593 2285 3672 aliquo
2319 3599 2599 3650 actus—-

345 3674 541 3732 sedere
572 3678 831 3754 oppositi
853 3685 1064 3735 ornate
1081 3686 1141 3735 et
1166 3675 1286 3735 hoc
1310 3677 1429 3736 ad-
1512 3680 1576 3738 in
1607 3678 1870 3737 medium
1899 3677 2244 3738 incendium
2277 3686 2338 3735 et
2364 3697 2602 3756 pugnas

343 3759 579 3823 iectum.
666 3765 1099 3821 stat—stricta
1133 3783 1245 3843 pro
1277 3765 1424 3823 stri-
1509 3766 1640 3824 ruit
1662 3763 1905 3823 Aeneas.
1966 3767 2242 3844 Dinnys,
2279 3783 2435 3841 quae
2458 3772 2602 3822 ante

343 3853 440 3904 eta
475 3854 596 3921 0⁸²3
668 3859 821 3921 stat,
887 3847 1107 3928 quippe
1154 3849 1425 3909 sublatus
1512 3854 1725 3924 Furor,
1773 3850 1834 3908 h.
1867 3868 1916 3909 e.
1943 3850 2120 3910 animi
2156 3851 2434 3927 impetus.

342 3940 405 3990 et
449 3940 680 3990 erectus
729 3932 899 3991 ensis.
986 3955 1162 3992 caeco
1197 3934 1418 4010 Marte,
1595 3935 1724 4002 340
1747 3970 1814 3980 -
1838 3934 1980 4000 846.
2031 3937 2111 3993 De
2141 3936 2370 3993 Aeneae
2393 3956 2599 4016 pugna

341 4025 641 4076 nocturno
682 4018 938 4097 praelio,
997 4039 1117 4096 quo
1161 4020 1322 4079 cerni
1353 4041 1426 4080 ac
1508 4022 1633 4102 lege
1678 4022 1977 4096 Quintum
2014 4022 2159 4097 ΧΠ,
2205 4026 2331 4085 800
2376 4042 2466 4099 sq.
2517 4057 2590 4067 —

340 4103 593 4165 discerni
636 4101 828 4163 hostis
871 4103 1093 4180 nequit.
1154 4108 1426 4182 (primi
1500 4130 1617 4186 per
1651 4109 1864 4166 lunam
1901 4108 2078 4167 docte
2122 4106 2340 4164 adiecit
2382 4117 2597 4186 poeta:

342 4190 594 4268 vigiles,
665 4188 788 4250 vid.
832 4188 907 4264 Q.
950 4189 1020 4249 V.
1055 4190 1328 4268 XXVIII,
1359 4197 1419 4267 2,
1508 4214 1566 4252 v.
1623 4204 1867 4253 narrata
1921 4193 2005 4251 de
2060 4203 2328 4271 tempore
2370 4194 2595 4253 excidii

347 4274 524 4356 Wr.)
1506 4279 1615 4338 ins.
1640 4281 1784 4338 Exc.
1824 4281 1894 4339 ll.
1936 4279 2013 4338 ad
2041 4279 2139 4337 lib.
2168 4279 2244 4337 Ill
2273 4299 2366 4357 pr.
2455 4282 2598 4338 Ad-

423 4364 548 4427 336
567 4360 808 4426 -388.
891 4353 1160 4420 Nmnhae
1215 4364 1420 4423 dis-om
1500 4366 1859 4444 glomerant,
1904 4366 2100 4441 docte,
2144 4384 2205 4423 se
2233 4364 2595 4446 adiungunt.
