2882 5028
417 306 571 424 ms
988 338 2088 428 Excnasnsi†

420 534 745 617 quaerique
801 531 989 608 adeo,
1062 554 1198 594 cum
1254 533 1397 591 satis
1453 539 1787 604 constaret,
1825 524 2067 592 'laesum
2117 550 2271 606 esse,
2332 550 2453 609 qua
2497 530 2704 591 inre

419 624 646 683 laesum
689 620 901 696 fuerit,
955 641 1106 698 qao,
1166 639 1285 698 qua
1329 619 1390 677 in
1433 638 1536 695 re,
1593 621 1837 677 numine
1890 618 2076 677 laeso.
2169 618 2302 676 Hoc
2344 637 2532 696 quam
2578 617 2703 677 in-

419 717 692 788 gratum,
748 714 810 763 et
851 704 1114 785 pedestri
1157 705 1416 764 orationi
1460 705 1742 785 propius,
1787 704 1896 779 sit,
1941 702 2135 763 sentio
2178 703 2488 781 equidem,
2554 724 2703 764 non

419 804 624 853 tamen
665 790 954 850 videntur
996 791 1241 850 sensisse
1286 791 1408 851 viri
1456 791 1641 850 docti.
1724 789 1873 849 Nam
1919 800 1980 849 et
2022 790 2281 859 Servius
2312 789 2429 850 hoc
2480 812 2700 870 appo-

421 878 544 938 suit
588 876 786 957 primo
842 877 1008 937 loco:
1069 874 1305 959 („qu0,
1353 877 1418 936 in
1473 897 1626 956 quo,
1670 875 1734 937 in
1777 895 1897 953 qua
1953 896 2192 951 caussa3
2235 884 2295 935 et
2341 886 2431 936 est
2482 877 2699 957 septi-

422 984 557 1026 mus
601 982 799 1038 casus,
844 971 905 1022 et
951 963 1283 1022 communis
1326 963 1615 1038 elocutio,
1660 961 1910 1020 dicimus
1948 963 2137 1021 enim:
2181 984 2296 1042 quo
2335 976 2391 1022 te
2432 964 2692 1022 laesi.“

423 1052 605 1110 Recte
651 1067 822 1123 sane,
878 1050 989 1108 vix
1034 1057 1235 1108 tamen
1277 1049 1429 1108 bene
1480 1048 1705 1128 duplici
1763 1045 2075 1130 ablativo.)
2132 1057 2195 1106 et
2236 1047 2551 1119 Heinsius,
2596 1050 2695 1109 Io.

423 1135 590 1195 Frid.
649 1134 957 1194 Gronovio
1003 1135 1175 1194 Obss.
1218 1135 1328 1211 IV,
1373 1139 1413 1199 9
1459 1135 1707 1194 laudato
1749 1144 2025 1209 auctore,
2082 1133 2395 1212 probavit3
2436 1135 2700 1194 subiicit

428 1231 635 1282 tamen
677 1239 890 1301 „posse
942 1229 1006 1279 et
1046 1220 1396 1302 simpliciter
1451 1221 1614 1301 capi,
1671 1228 1747 1279 ut
1788 1220 1945 1279 infra
1997 1217 2122 1284 674
2177 1241 2252 1277 ne
2294 1242 2411 1300 quo
2453 1243 2516 1280 se
2559 1244 2697 1280 na-

424 1310 584 1367 mine
639 1318 844 1365 mutet.
862 1310 900 1341 “
949 1325 1102 1384 quae
1158 1305 1463 1386 quomodo
1520 1326 1658 1365 cum
1715 1303 1809 1364 his
1866 1304 2231 1365 conveniant
2292 1327 2415 1365 non
2474 1305 2695 1366 video.

426 1393 579 1454 Nam
636 1392 720 1451 ibi
763 1401 854 1451 est
909 1402 1178 1472 potestas
1221 1390 1316 1452 dei
1358 1394 1424 1451 in
1466 1392 1745 1453 fraudem
1787 1411 1990 1452 versa:
2044 1410 2120 1450 ne
2161 1411 2282 1469 quo
2328 1391 2501 1469 dolo,
2560 1413 2693 1471 qua

427 1478 643 1539 fraude
685 1476 933 1537 alicuius
976 1478 1073 1538 dei
1090 1523 1108 1555 ,
1152 1478 1279 1538 eius
1325 1497 1494 1538 mens
1535 1486 1827 1537 mutetur.

547 1598 550 1603 ·
599 1565 742 1624 Post
793 1563 943 1623 haec
998 1565 1199 1624 omnia
1242 1562 1501 1641 dixeris,
1560 1583 1699 1623 cum
1749 1563 1914 1623 nulla
1972 1562 2117 1622 satis
2160 1562 2474 1623 commoda
2514 1564 2691 1623 ratio

427 1649 867 1731 interpretandi
905 1642 1214 1732 suppetat,
1255 1651 1331 1709 de
1348 1650 1720 1730 ‘corruptela
1767 1669 1890 1708 esse
1937 1648 2342 1728 cogitandum.
2423 1649 2694 1709 Videtur

405 1744 628 1795 tamen
668 1736 768 1796 illa
810 1736 878 1795 in
919 1737 1174 1797 exordio
1231 1746 1360 1796 tam
1403 1737 1535 1795 noti
1574 1755 1646 1794 ac
1688 1733 1966 1795 celebrati
2008 1734 2288 1794 carminis
2328 1735 2436 1794 vix
2477 1735 2693 1795 locum

425 1821 680 1899 habere3
723 1821 898 1882 aliter
939 1842 1002 1882 se
1042 1842 1139 1882 res
1181 1821 1433 1883 haberet
1476 1822 1539 1882 in
1586 1821 1849 1881 carmine
1888 1821 1955 1880 in
1996 1841 2122 1879 uno
2163 1821 2260 1879 vel
2306 1822 2493 1880 altero
2520 1822 2689 1881 libro

428 1908 626 1967 lacero
668 1917 941 1984 servat05
982 1917 1117 1968 tum
1156 1928 1303 1969 vero
1347 1909 1622 1967 nondum
1662 1907 1823 1982 vidi,
1880 1926 1992 1966 nec
2028 1907 2156 1986 ipse
2201 1917 2491 1987 exputare
2534 1928 2690 1987 pos-

430 2014 596 2070 sum,
641 1994 1115 2054 emendationem
1161 1995 1304 2053 satis
1331 1994 1724 2075 probabilem.
1809 1993 1989 2053 Venit
2039 1993 2245 2052 statim
2283 1994 2346 2052 in
2387 2003 2688 2053 mentem:

432 2100 605 2139 casus
628 2088 847 2155 rectos,
890 2080 1097 2139 dolens
1129 2091 1191 2139 et
1216 2083 1460 2160 regina,
1517 2079 1824 2159 requirere
1870 2081 2082 2150 laesa,·
2127 2099 2340 2137 verum
2376 2079 2524 2157 quid
2564 2089 2692 2138 est:

432 2186 549 2245 qao
575 2169 819 2225 numine
846 2167 1017 2225 laesa
1043 2167 1247 2225 sto?
1289 2175 1472 2241 estne,
1513 2165 1641 2246 ipsa
1684 2185 1718 2222 a
1751 2185 1870 2244 quo
1902 2165 2148 2225 numine
2174 2165 2379 2225 laesa?
2421 2186 2499 2224 an
2535 2165 2692 2225 red-

428 2251 649 2312 ibimus
677 2251 753 2311 ad
778 2252 1091 2311 molestam
1123 2252 1705 2333 interpretationem:
1749 2272 1867 2331 quo
1902 2254 2177 2326 numme,
2226 2272 2345 2329 qua
2372 2271 2511 2310 suae
2548 2272 2691 2310 ma-

431 2337 659 2399 iestatis
714 2338 934 2416 parte?
1019 2337 1287 2397 Incidere
1339 2339 1608 2418 proclive
1658 2345 1750 2395 est
1800 2338 1863 2396 in
1912 2337 2199 2411 alterum,
2273 2359 2388 2418 quo
2444 2341 2696 2397 nomme

431 2425 637 2498 laesa,
685 2443 1087 2501 quaeaussa,
1130 2444 1250 2502 qua
1291 2445 1393 2501 re,
1439 2444 1561 2502 qua
1604 2424 1679 2483 de
1720 2442 1807 2485 re.
1898 2423 1963 2481 ln
1997 2421 2118 2481 hoc
2148 2423 2467 2498 Cati-oeus,
2510 2424 2693 2482 Heu-

433 2520 715 2585 mannus,
757 2507 878 2569 iam
905 2509 1048 2570 olim
1078 2510 1391 2591 Scioppius
1412 2509 1712 2570 inciderat
1747 2508 1812 2568 in
1843 2510 2186 2568 Paradoxis
2209 2511 2511 2570 litterariis
2545 2507 2692 2592 (sub

433 2597 726 2656 Pascasii
783 2597 1073 2675 Gra-cippi
1107 2599 1350 2657 nomine
1391 2597 1717 2656 Mediolani
1773 2598 1959 2659 1628.
2001 2595 2308 2679 vulgatis),
2352 2597 2458 2655 ubi
2497 2617 2561 2676 p.
2599 2597 2692 2661 24

430 2691 598 2741 recte
642 2681 907 2761 exagitat
960 2683 1154 2742 Servii
1200 2683 1499 2758 rationes,
1571 2693 1703 2742 tum
1738 2680 1933 2759 legere
1971 2682 2211 2756 suadet:
2282 2703 2400 2762 quo
2443 2686 2692 2741 nomine

431 2769 604 2827 laesa
628 2764 778 2849 (non
805 2771 1048 2829 numine
1068 2813 1085 2842 ‚
1135 2768 1303 2848 quod
1331 2769 1411 2828 ad
1440 2767 1500 2828 h.
1528 2768 1567 2829 l.
1595 2766 1828 2845 Virgilii
1866 2766 2145 2827 Heinsius
2171 2767 2510 2848 adscripsit)
2546 2769 2692 2828 lau-

433 2852 594 2913 datis
633 2854 781 2914 locis
830 2854 1096 2915 Suetonii
1154 2856 1219 2915 in
1264 2855 1456 2914 Galba
1501 2874 1551 2914 c.
1597 2857 1696 2919 16.
1741 2850 2004 2921 Subinde
2046 2857 2301 2913 iactavit
2319 2898 2336 2928 ,
2390 2856 2588 2933 legere
2622 2877 2693 2913 se

432 2942 720 3014 mditem,
767 2961 889 3000 non
916 2960 1102 2999 emere
1134 2944 1537 3001 consuevi-sse.
1530 2964 1543 2976 ·
1584 2942 1787 3020 Atque
1821 2956 1891 2997 eo
1936 2940 2179 3017 quidem
2208 2940 2450 3000 nomine
2482 2961 2692 2999 omnes

432 3028 543 3105 qui
564 3024 781 3105 ubique
812 3039 981 3084 erant
1018 3027 1237 3086 milites
1274 3026 1684 3100 exacerbavit,
1732 3024 1836 3083 illo
1866 3023 2093 3085 scilicet
2122 3029 2365 3086 nomine
2397 3026 2574 3102 laesi,
2616 3044 2691 3084 ea

434 3130 642 3169 caussa
681 3110 1023 3170 exacerbati
1060 3112 1229 3172 suere
1261 3112 1511 3187 milites,
1557 3110 1729 3191 quod
1763 3110 1849 3168 ita
1884 3110 2182 3172 iactasset.
2266 3112 2437 3172 Serv.
2477 3071 2691 3191 Su’lpi-

434 3195 563 3255 cius
600 3195 764 3274 apud
802 3196 1148 3257 Ciceronem
1187 3197 1269 3257 1v
1300 3197 1376 3256 ad
1413 3198 1546 3259 niv.
1573 3197 1633 3263 5.
1699 3195 1868 3274 Quid
1891 3209 2011 3272 est,
2060 3199 2227 3277 quod
2246 3211 2345 3274 ta,
2393 3211 2504 3256 aut
2529 3198 2689 3272 filia

433 3295 577 3356 tua,
623 3302 762 3339 eum
771 3281 1034 3360 fortuna
1062 3281 1183 3341 hoc
1218 3283 1459 3342 nomine
1487 3285 1656 3363 queri
1681 3283 1978 3360 possitis?
2047 3284 2175 3363 lpse
2207 3304 2445 3363 quoque
2478 3283 2688 3342 Cicero

435 3366 511 3427 de
549 3366 681 3427 Fin.
720 3367 793 3441 II,
838 3371 898 3431 7.
941 3370 1051 3447 qui
1086 3389 1224 3427 eum
1265 3370 1565 3427 luxuriose
1610 3371 1868 3426 viverent
1890 3411 1908 3443 ,
1968 3389 2012 3425 a
2054 3391 2286 3429 summo
2317 3369 2687 3449 philosopho

430 3474 552 3513 non
590 3453 1141 3531 reprehenderentur
1187 3474 1257 3513 eo
1313 3454 1575 3514 nomine.
1662 3453 2023 3530 „Quaerere
2079 3474 2216 3534 ergo
2264 3466 2532 3536 poetam,
2604 3456 2691 3514 ait

432 3538 763 3619 Scioppius,
808 3558 929 3617 quo
956 3538 1196 3598 nomine
1227 3541 1601 3616 exacerbata,
1645 3559 1765 3618 quo
1793 3538 2024 3598 Aeneae
2051 3541 2213 3600 facto
2240 3543 2416 3616 laesa,
2464 3541 2691 3619 quidve

429 3625 695 3705 graviter
740 3625 936 3683 ferens
961 3623 1113 3684 Iuno
1148 3626 1381 3686 Aeneae
1427 3636 1556 3686 tam
1594 3625 1804 3684 addita
1841 3625 2174 3705 infestaque
2213 3629 2425 3688 fuerit:
2469 3629 2533 3686 in
2565 3647 2689 3706 quo

432 3710 763 3792 periculum
795 3731 917 3770 non
944 3719 1065 3786 est,
1104 3731 1180 3772 ne
1210 3732 1318 3793 per
1351 3711 1744 3791 tautologiam
1774 3711 1948 3770 aliter
1980 3721 2160 3790 atque
2186 3713 2360 3773 aliter
2386 3733 2511 3773 rem
2539 3732 2687 3773 eau-

434 3797 574 3858 dem
620 3795 904 3856 extulisse
945 3797 1145 3856 verbis
1187 3798 1521 3858 indicetur:
1564 3830 1649 3843 -—
1708 3797 1814 3855 sed
1848 3798 2121 3879 profecto
2164 3800 2328 3859 aliud
2373 3800 2541 3858 laedi
2578 3809 2688 3876 est,

432 3882 602 3942 aliud
645 3883 860 3941 dolere.
951 3882 1103 3942 Nam
1142 3893 1203 3943 et
1250 3905 1368 3945 usu
1410 3884 1616 3945 venire
1646 3891 1877 3962 potest,
1936 3893 2009 3943 ut
2053 3883 2290 3961 doleat,
2348 3885 2453 3963 qui
2494 3885 2689 3945 laesus

434 3989 560 4029 non
597 3968 709 4044 sit,
765 3975 825 4027 et
875 3988 1149 4045 rursum,
1210 3990 1387 4048 quem
1437 3970 1571 4049 quis
1618 3968 1886 4043 laeserit,
1948 3989 2137 4048 aequo
2184 3972 2262 4030 sit
2299 3975 2534 4048 animo,
2580 3991 2688 4031 nec

433 4055 753 4136 quicquam
783 4074 849 4112 ea
888 4054 955 4113 in
990 4074 1059 4114 re
1102 4065 1436 4116 moveatur
1441 4060 1479 4090 “
1564 4055 1874 4114 Praeclara
1914 4056 2153 4132 critica,
2198 4073 2310 4117 nec
2338 4077 2463 4118 esse
2489 4058 2684 4133 video,

432 4140 643 4222 quod
625 4161 690 4201 m
716 4159 786 4198 ea
813 4150 1159 4217 moneatur,
1221 4142 1334 4200 nisi
1366 4141 1533 4221 quod
1545 4141 1764 4221 forma
1811 4145 2095 4201 orationis
2119 4145 2454 4221 pedestris
2436 4166 2503 4203 m
2543 4166 2685 4225 poe-

433 4238 559 4289 tam
587 4227 862 4287 infertur.
950 4227 1143 4286 Possis
1171 4226 1534 4288 substituere
1560 4227 1748 4307 magis
1776 4227 2112 4326 poeticum,
2156 4252 2276 4309 quo
2301 4233 2576 4308 crimme,
2613 4241 2684 4290 ut

432 4313 595 4396 apud
624 4314 845 4373 Lucan.
890 4312 1017 4386 Vll,
1064 4311 1207 4377 847.
1255 4334 1374 4392 qao
1415 4326 1582 4373 tanto
1621 4316 1904 4387 crimme,
1953 4315 2162 4388 tellas,
2207 4317 2478 4375 Laesisti
2512 4339 2682 4395 supe-

429 4401 570 4460 ros?
615 4410 721 4461 aut
760 4421 878 4482 quo
905 4400 1143 4458 vulnere
1184 4399 1390 4459 laesa.-
1458 4409 1526 4459 ut
1547 4419 1722 4460 mox·
1710 4444 1724 4457 .
1770 4397 1921 4470 Iuno
1967 4413 2273 4460 aetemum
2303 4423 2549 4461 servans
2581 4402 2679 4461 sub
