2882 5028
453 389 1067 468 AENEIDOS
1121 389 1342 466 LIB.
1399 389 1539 484 111,
1598 393 2036 467 482--488
2225 393 2381 469 515

135 576 711 679 Textilibusqne
744 591 1028 654 onerat
1057 576 1329 673 donia,
1387 600 1476 651 ac
1500 575 1686 651 talia·
1711 572 1959 653 satur:
2221 582 2379 657 485

130 681 417 782 Adcipe
475 694 554 758 et
604 681 836 778 haec,
915 707 1306 759 manuum
1357 680 1500 755 tibi
1570 704 1777 780 quae
1845 695 2424 780 monumenta·

136 887 327 984 Sint,
407 907 651 988 puer,
735 901 815 963 et
891 887 1225 985 longum
1287 808 1934 964 aeggffiachaeb
1985 898 2380 963 testentur

1284 1016 1672 1085 amorem,

138 1091 494 1192 Coniugis
542 1095 1011 1174 Hectoreae.
1103 1097 1319 1196 Cape
1363 1095 1579 1172 dona
1631 1106 1979 1170 extrema
2018 1103 2373 1190 tuorum,

136 1275 336 1317 ratarum
363 1265 652 1329 honori,
689 1265 724 1318 i.
756 1286 803 1318 e.
834 1265 1217 1336 pulchritudini
1248 1287 1309 1320 ac
1338 1267 1549 1336 pretio,
1597 1284 1706 1320 non
1744 1264 2046 1327 cedentem3
2091 1266 2168 1317 sic
2210 1283 2374 1335 saepe

137 1334 282 1386 verbis
311 1335 470 1386 finitis
503 1353 606 1404 pro
636 1337 927 1407 participiis
958 1349 1167 1389 utuntur
1196 1349 1426 1408 poetae3
1476 1339 1584 1392 vid.
1614 1339 1679 1401 Q.
1719 1338 1788 1387 V.
1817 1336 2101 1400 xxxun,
2133 1338 2187 1391 3.
2256 1337 2392 1388 Boe*

137 1413 280 1455 tamen
307 1405 571 1457 assentior
600 1407 837 1473 Heynio,
872 1417 1040 1459 totum
1066 1406 1206 1459 hunc
1226 1408 1398 1460 locum
1422 1427 1455 1460 a
1487 1418 1651 1478 poeta
1679 1422 1792 1457 non
1818 1404 1949 1456 satis
1981 1422 2096 1456 esse
2123 1404 2375 1456 elabora·-

136 1481 239 1524 tnm.
305 1475 460 1538 Quod
503 1485 567 1526 ut
607 1474 803 1526 certius
838 1486 1149 1545 appareret,
1195 1495 1301 1529 non
1351 1488 1468 1530 erat
1511 1475 1922 1548 praetereundus
1961 1492 2039 1526 vs.
2078 1475 2232 1539 486„
2282 1473 2373 1526 ubi

136 1542 242 1623 quid
267 1543 364 1595 sibi
390 1543 519 1596 velit
552 1556 639 1608 et,
677 1562 783 1595 non
818 1557 1030 1613 exputo.
1100 1547 1243 1598 Bene
1272 1565 1329 1599 se
1370 1548 1476 1599 hoc
1517 1560 1571 1598 et
1612 1547 1864 1608 haberet,
1914 1542 1960 1594 si
2008 1543 2165 1595 etiam
2204 1548 2372 1596 Asea·-

134 1628 252 1662 mum
275 1614 337 1664 ab
366 1615 577 1666 Heleno
606 1614 857 1666 donatum
884 1633 1041 1685 supra
1070 1616 1387 1684 legeremus.
1460 1618 1617 1680 Quod
1657 1633 1812 1684 quum
1852 1631 1949 1682 per
1992 1632 2051 1665 se
2091 1612 2372 1666 verisimile

140 1680 216 1745 sit,
259 1683 463 1735 videtur
486 1683 581 1735 hic
621 1683 769 1736 locus
814 1685 1150 1754 imperfectus
1198 1706 1228 1737 a
1270 1695 1432 1754 poeta
1476 1686 1685 1738 relictus
1728 1701 1874 1747 esse,
1926 1683 2002 1734 ita
2042 1694 2246 1749 tamen,
2294 1690 2372 1749 ut,

138 1760 389 1804 extremam
417 1752 578 1823 operi
599 1770 806 1805 manum
831 1753 1106 1824 imponens
1124 1793 1140 1819 ,
1176 1755 1262 1807 vel
1289 1755 1563 1808 additurus
1594 1754 1847 1825 quaedam
1865 1791 1881 1818 ,
1914 1752 2000 1805 vel
2031 1753 2188 1804 etiam
2218 1752 2372 1804 dem-

139 1829 256 1872 turus
290 1835 452 1885 esset3
492 1822 599 1873 nisi
624 1824 767 1875 forte
810 1824 925 1893 quis
968 1825 1290 1895 suspicetur,
1339 1817 1406 1877 tle
1456 1825 1717 1876 industria
1755 1841 1911 1891 supra
1953 1822 2373 1891 praetermissam

140 1893 450 1944 esseAseanii
490 1891 850 1957 mentionem,
898 1895 1039 1963 quod
1082 1895 1150 1945 de
1196 1895 1301 1946 hoc
1343 1894 1628 1964 separatim
1667 1892 1918 1961 deinceps
1954 1892 2190 1943 dicturus
2231 1901 2372 1943 esset

139 1969 293 2038 poeta3
330 1972 384 2013 et
408 1963 546 2013 satis
571 1961 766 2024 fuisse,
812 1981 909 2031 per
943 1964 1247 2031 particulam
1291 1977 1347 2015 ec
1384 1983 1460 2016 vs.
1507 1962 1629 2018 486.
1678 1963 1942 2025 indicare,
1987 1961 2126 2013 hunc
2162 1978 2372 2031 quoque

141 2037 252 2079 mter
274 2048 360 2084 eos
382 2032 587 2096 fuisse,
622 2031 711 2100 qui
737 2032 877 2084 dona
918 2034 984 2084 ab
1028 2034 1233 2085 Heleno
1278 2033 1597 2101 acciperent.
1666 2031 2006 2084 Weichertus
2049 2036 2133 2082 De
2183 2034 2372 2084 Versa.

141 2097 315 2151 hieria
336 2120 488 2173 susp.
520 2121 577 2169 p.
604 2103 693 2155 76.
717 2119 795 2170 sq.
823 2102 985 2154 verba
1015 2121 1116 2154 nec
1137 2104 1282 2154 cedit
1303 2104 1505 2155 honori
1517 2123 1530 2165 3
1573 2100 1983 2169 Texeilae'busqae
1999 2113 2193 2152 onerat
2210 2101 2373 2152 donis

138 2165 337 2222 tollenda
363 2182 565 2233 censet,
599 2169 733 2221 nihil
761 2171 1016 2224 reveritus
1039 2172 1255 2235 hiatum,
1292 2172 1379 2241 qui
1407 2172 1690 2224 exsisteret
1718 2189 1780 2222 ex
1810 2169 1909 2221 hac
1939 2170 2219 2221 verborum
2246 2169 2371 2220 iun-

140 2245 282 2288 ctura:
313 2240 681 2309 chlamydem3
719 2258 785 2292 ac
807 2252 846 2292 t.
864 2239 920 2311 s
936 2261 949 2302 ;
982 2241 1078 2300 ,sed
1109 2243 1213 2293 hoc
1235 2259 1397 2309 genus
1424 2241 1596 2293 hiatus
1632 2239 1787 2309 plane
1818 2239 2043 2290 alienum
2079 2257 2110 2291 a
2155 2238 2372 2308 Virgilii

141 2307 446 2374 carminihuu
496 2308 612 2361 vid.
657 2311 724 2373 Q.
766 2312 835 2362 V.
878 2312 975 2362 xl.
1044 2313 1115 2362 Et
1157 2322 1378 2380 possunt
1418 2311 1552 2364 haee
1604 2307 1911 2361 Texeilibua
1960 2321 2157 2361 onerat
2188 2310 2369 2373 donis,

139 2390 407 2446 quamquam
434 2388 570 2450 post
603 2379 879 2449 superiora
910 2380 1159 2449 languere
1184 2380 1355 2432 videri
1382 2388 1638 2448 possunt,
1671 2379 1746 2430 ita
1779 2378 2025 2442 defendi,
2065 2388 2126 2429 nt
2154 2378 2224 2430 ad
2248 2395 2370 2430 eo-

139 2443 290 2509 piam
311 2448 570 2513 donorum
596 2467 694 2517 per
728 2448 943 2501 verbum
987 2459 1184 2503 onerat
1223 2451 1589 2502 declarandam
1628 2448 1836 2500 adiecta
1878 2458 2178 2500 statuamus.
2221 2449 2368 2517 Wt.)

138 2510 223 2567 486
257 2519 554 2571 Testilibus
579 2519 633 2569 in
661 2519 924 2572 nonnullis
950 2522 1218 2590 scriptum.
1290 2540 1394 2591 que
1424 2522 1576 2572 deest
1602 2521 1790 2571 GraeV.
1864 2518 2103 2585 (-486.
2139 2517 2372 2570 offendit

140 2584 363 2664 pqrticula
386 2602 473 2652 εις
512 2587 625 2638 vid.
651 2591 721 2641 V.
747 2590 808 2642 1..
836 2590 904 2641 ad
944 2608 1019 2642 vs.
1064 2590 1216 2653 484.;
1264 2590 1520 2654 haerent,
1573 2599 1633 2641 ut
1675 2589 1780 2640 iam
1823 2606 1852 2638 e
1889 2587 2071 2640 Servio
2109 2587 2375 2656 intellige,

140 2662 271 2705 cuam
298 2667 499 2710 veteres
531 2657 868 2728 interpretes.
939 2662 997 2711 In
1023 2661 1218 2711 Medic.
1241 2670 1367 2727 post
1389 2662 1593 2731 Accipe
1633 2656 1936 2726 interpungi
1977 2657 2167 2721 video,
2216 2667 2370 2727 puto,

139 2729 186 2801 Ι)
208 2722 274 2776 ita
297 2725 595 2796 iungamus:
632 2741 688 2779 et
713 2729 1083 2800 haee—cape
1103 2731 1530 2782 danaes-trema
1556 2742 1806 2788 caoram3
1842 2727 1937 2778 sed
1979 2725 2199 2778 horrida
2239 2745 2370 2779 ora—

138 2797 228 2843 tio:
255 2799 444 2867 Accipe
468 2810 529 2849 et
558 2797 694 2849 haee
717 2816 781 2848 ca
820 2817 866 2849 e.
908 2799 1053 2865 Wr.)
1191 2800 1296 2856 487
1329 2798 1750 2850 Andromachae
1794 2795 1975 2848 Heius.
2011 2812 2042 2847 e
2066 2796 2280 2866 seriptis
2316 2808 2372 2849 et

138 2866 465 2923 grammaticis.
538 2867 618 2917 Eo
662 2866 765 2917 ullu
806 2877 900 2918 unt
943 2868 1133 2920 Medic.
1183 2878 1236 2919 et
1279 2868 1396 2918 alii:
1448 2865 1847 2919 Andromache.
1917 2865 2095 2934 Vulgo
2138 2866 2371 2919 Andro-

140 2931 335 2986 mot-hes.
400 2935 571 2989 wan.
596 2937 1036 2990 Andromachen.
1107 2938 1223 2990 Duo
1246 2940 1419 2989 Burm.
1463 2947 1743 3001 testantur
1757 2972 1774 3000 ,
1821 2945 1927 2987 tres
1975 2935 2067 2988 alii
2107 2936 2371 2988 honorem

139 3001 332 3063 proclivi
352 3003 523 3074 lapsu.

134 3156 320 3212 parem
354 3166 476 3204 28⁸8
532 3149 758 3204 meriti-⁹
801 3150 1154 3226 accipientis
1168 3171 1192 3220 ;
1365 3145 1493 3213 486
1519 3181 1605 3193 —
1631 3147 1775 3211 491.
1834 3144 2265 3206 Reminiscitur
2307 3154 2369 3205 et

142 3224 309 3287 mium
360 3231 585 3291 dmum
651 3233 806 3291 erit:
870 3255 990 3291 non
1042 3236 1198 3292 cedit
1278 3231 1382 3292 hie
1402 3242 1597 3293 mater
1619 3233 1942 3293 dulcissimi
1962 3232 2155 3313 pueri,
2178 3233 2369 3291 atroci

142 3305 321 3371 honori
355 3337 435 3375 sc.
476 3336 832 3394 munerum,
859 3319 998 3397 'quo
1046 3341 1196 3399 pro-

143 3409 396 3473 wquums
422 3413 558 3462 erat
579 3403 840 3463 Helenus
864 3404 1198 3481 Anchisem

143 3480 620 3548 utAndromache
663 3489 985 3550 Ascanium
1030 3512 1196 3551 nunc

144 3582 245 3625 uon
266 3572 453 3633 minus
480 3574 811 3635 honorifice
841 3577 1197 3637 muneribus

143 3644 497 3748 hqsspitalibus
564 3661 889 3742 impertiat.
1002 3663 1196 3723 Possis

143 3742 287 3797 otum
352 3745 656 3805 verborum
721 3749 1002 3807 honorem
1070 3748 1195 3809 huc

145 3820 412 3888 advocare
450 3851 530 3891 ex
558 3854 617 3893 v.
643 3833 727 3898 47
730 3833 802 3910 43
858 3844 948 3893 est
990 3845 1193 3895 tamen

144 3901 242 3967 hoc
286 3911 508 3995 longius
570 3922 845 3998 petitum.
947 3920 1068 3980 Sed
1132 3941 1194 3981 v.

145 3989 283 4058 [tect.
327 4016 454 4062 var.
515 4001 605 4085 (et
654 4015 926 4065 nostram
982 4007 1049 4066 in
1100 4005 1195 4065 his

143 4082 503 4148 notationem.
548 4093 643 4152 W
640 4090 716 4174 r.)
801 4093 1027 4152 Locum
1054 4102 1194 4153 ante

144 4166 326 4226 oculos
372 4171 582 4234 habuit
621 4187 683 4236 et
723 4198 937 4257 magna
972 4179 1195 4259 ingenii

142 4244 356 4312 luxurie
382 4263 650 4321 oneravit
676 4264 735 4323 in
772 4264 1033 4325 discessu
1074 4266 1199 4324 Ae-

146 4350 269 4484 gae
309 4341 382 4400 ab
420 4344 573 4407 Anio
610 4349 787 4410 ovid.
841 4350 984 4416 Met.
1029 4351 1197 4427 Xlssr

279 4445 359 4503 sq.

1278 3328 1474 3378 morte
1517 3318 1629 3378 sibi
1673 3319 1884 3400 erepti.
1971 3320 2165 3378 Locus
2210 3318 2367 3379 inter

1275 3425 1504 3485 paucos
1530 3404 1854 3465 dulcissimi
1880 3405 2157 3479 affectus,
2187 3404 2368 3464 etiam

1275 3493 1714 3550 sententiarum
1743 3510 1815 3549 ac
1843 3490 2173 3550 verborum
2213 3490 2368 3549 dile-

1279 3587 1402 3653 ctu,
1430 3576 1703 3657 inprimis
1731 3576 2019 3635 adiuncta
2049 3575 2369 3635 declaran-

1276 3664 1465 3739 tium,
1511 3673 1570 3722 et
1602 3662 1795 3721 multo
1832 3662 2017 3741 magis
2054 3662 2100 3721 si
2142 3681 2367 3740 paren-

1276 3750 1356 3808 tis
1397 3767 1637 3808 sensum
1701 3756 1763 3806 et
1805 3747 2081 3808 affectum
2123 3745 2367 3809 habeas.

1281 3832 1391 3915 (De
1419 3856 1507 3896 vs.
1538 3836 1684 3899 486.
1729 3833 1853 3893 vid.
1900 3834 1970 3894 V.
2016 3834 2079 3892 L.
2122 3832 2201 3892 ad
2245 3854 2367 3894 vss.

1278 3920 1426 3985 484.
1476 3930 1537 3981 et
1584 3917 1729 3983 486.
1793 3917 1971 4003 W.)
2072 3940 2370 3979 manuum

1279 4019 1661 4066 monumenta
1709 4027 1982 4064 mearum
1995 4050 2014 4081 ,
2082 4026 2220 4066 cum
2267 4005 2368 4065 di-

1276 4092 1536 4172 gnitate,
1592 4112 1707 4171 pro
1765 4111 2055 4152 manuum
2097 4111 2366 4151 mearum

1279 4199 1458 4257 opere
1488 4199 1566 4238 ex
1593 4177 1807 4257 odyss.
1843 4202 1895 4251 o,
1946 4182 2068 4243 126
2133 4170 2367 4256 Mvv‘jp’

1272 4262 1514 4345 Ἑλένης
1561 4269 1809 4345 χειρῶν·
1868 4275 2012 4337 etc„
2059 4263 2163 4340 qui
2198 4262 2365 4320 locus

1277 4349 1524 4430 Virgilio
1554 4350 2001 4411 obversabatur.
2082 4348 2227 4411 488.
2251 4347 2365 4404 do·-

1277 4458 1360 4494 na
1389 4451 1649 4497 extrema
1671 4449 1905 4494 tuorum
1922 4479 1938 4506 ,
1976 4431 2364 4514 popularium

1754 4538 1942 4606 33*
