2882 5028
737 374 923 445 AD
1027 373 1679 449 LIBRUM
1780 376 1907 454 lv
2286 382 2443 458 715

186 570 288 634 et,
333 559 383 619 si
428 557 738 618 doctrinae
777 559 909 621 laus
951 571 1188 641 poetam
1230 561 1433 638 decet,
1479 583 1602 622 non
1648 572 1844 624 tamen
1899 566 2000 625 illa
2067 586 2145 626 ex
2211 578 2436 648 tempo·

185 665 335 706 rum
382 644 588 704 subtili
629 645 864 705 ratione
905 657 998 706 est
1038 649 1439 727 expectanda,
1500 669 1611 708 nec
1651 651 1715 708 in
1758 660 1936 729 poeta
1991 651 2181 713 ullum
2233 673 2449 732 pecca·-

187 740 334 789 tum
373 728 558 789 habet
598 732 1153 810 reprehensionem,
1198 734 1311 794 nisi
1353 735 1584 812 quoties
1627 735 1994 795 audientium
2058 738 2287 798 animos
2344 758 2449 799 seu

188 834 405 876 rerum
448 835 552 876 seu
594 837 986 879 numerorum
1026 820 1320 878 illecebris
1363 829 1567 879 tenere
1621 822 1878 899 nequiit:
1937 820 2054 881 hoc
2109 844 2297 884 unum
2341 834 2449 900 est,

190 922 323 979 quo
365 901 653 962 adversus
697 906 1063 986 praescripta
1121 907 1268 965 artis
1320 925 1461 965 suae
1520 925 1787 985 peccasse
1848 907 2044 968 videri
2098 908 2311 985 debet3
2373 909 2453 970 ad

189 984 321 1047 hoc
361 989 520 1047 enim
561 989 819 1049 redeunt
860 1010 959 1067 ea,
1028 1009 1183 1069 quae
1237 991 1586 1051 Aristoteles
1643 992 1719 1051 de
1778 992 2015 1052 Poetica
2073 994 2343 1075 disputat
2400 1016 2452 1057 c.

192 1074 285 1138 25
330 1073 753 1155 distinguendo
795 1078 955 1135 iuter
998 1075 1326 1159 ἁμαρτίας,
1386 1074 1503 1158 τήν
1557 1074 1669 1157 μὲν
1722 1072 1876 1140 καθ’
1942 1077 2173 1160 αὑτήν,
2226 1077 2343 1161 τὴν
2386 1078 2454 1143 δὲ

194 1155 358 1221 κατὰ
406 1157 476 1222 vo*
524 1156 916 1242 συμβεβηκός.
1812 1207 1819 1213 .

380 1245 442 1303 Si
488 1254 687 1306 tamen
729 1247 792 1306 in
841 1248 1000 1327 ipsas
1040 1245 1412 1325 Carthaginis
1467 1246 1720 1326 origines
1776 1249 2091 1328 variasque
2141 1268 2321 1329 super
2381 1249 2455 1309 iis

193 1338 482 1392 veterum
541 1334 916 1393 narrationes
968 1333 1305 1392 accuratius
1357 1332 1661 1410 inquirere
1721 1334 2051 1394 voluissent
2100 1335 2218 1394 viri
2274 1335 2454 1413 docti,

201 1426 404 1478 totum
446 1416 566 1476 hoc
601 1428 814 1499 poetae
856 1429 1166 1499 peccatum
1210 1428 1272 1477 et
1325 1419 1700 1478 accusatione
1739 1429 1801 1479 et
1844 1420 2183 1479 defensione
2241 1440 2456 1480 vacare

198 1502 570 1580 omninoque
612 1523 736 1563 esse
782 1506 1015 1565 nullum
1061 1505 1232 1564 facile
1273 1504 1722 1565 intellexissent.
1808 1506 1954 1564 Tam
2011 1506 2243 1566 diverse
2298 1507 2457 1566 enim

200 1588 284 1648 de
336 1589 579 1650 condita
621 1589 973 1671 Cartbagine
1013 1590 1282 1651 traditur
1322 1600 1386 1648 et
1426 1590 1491 1648 in
1548 1600 1670 1649 tam
1716 1591 1952 1651 diversa
2004 1601 2270 1670 tempora
2333 1592 2458 1650 eius

197 1674 573 1735 incunabula
624 1676 1013 1752 reiiciuntur,
1072 1685 1144 1737 ut
1194 1676 1292 1734 vel
1346 1675 1638 1736 historico
1693 1677 1890 1737 minus
1946 1678 2149 1737 subtili
2207 1678 2459 1737 liberum

202 1761 419 1819 suisset
459 1760 700 1840 eligere,
750 1763 913 1839 quod
958 1764 1215 1822 maxime
1258 1761 1424 1839 sequi
1466 1761 1666 1821 vellet.
1751 1762 2129 1841 Quamquam
2185 1783 2253 1822 ea
2311 1783 2459 1822 nar-

201 1846 463 1906 rationis
503 1849 764 1906 varietas
808 1849 979 1907 facile
1020 1849 1100 1907 ad
1154 1857 1380 1906 certam
1446 1847 1740 1907 rationem
1792 1849 2062 1908 revocari
2119 1858 2352 1928 potest,
2409 1848 2460 1906 si

203 1932 551 1991 memineris
593 1933 775 1992 condi
815 1934 1018 1995 urbes*
1048 1934 1166 1993 dici
1216 1953 1339 1991 non
1393 1953 1520 1992 uno
1577 1954 1783 2008 sensu,
1845 1954 1956 1993 nec
2016 1935 2199 1993 modo
2257 1933 2462 2013 primia

203 2017 384 2077 iactis
426 2019 858 2094 fundamentis,
917 2019 1024 2078 sed
1078 2030 1137 2079 et
1194 2018 1504 2077 moenibus
1562 2018 1792 2094 ductis,
1850 2020 2078 2079 colonia
2135 2040 2291 2079 nova
2349 2018 2465 2078 ad-

204 2104 467 2181 scripta,
511 2115 688 2164 aucta
733 2106 987 2182 denique
1031 2116 1093 2165 et
1143 2104 1502 2184 amplificata
1543 2124 1899 2182 quocunque
1956 2105 2138 2165 modo
2199 2105 2463 2165 civitate.

207 2189 408 2248 Certis
448 2191 623 2248 etiam
668 2200 1008 2271 temporum
1053 2190 1387 2251 intervallis
1434 2211 1468 2247 a
1512 2188 1903 2250 Phoenicibus
1960 2192 2220 2250 Africam
2281 2211 2464 2250 occu-

204 2284 452 2357 patam,
510 2296 544 2333 a
603 2278 886 2336 Sallustio
944 2297 1180 2354 quoque
1235 2276 1578 2356 proditum,
1638 2275 1789 2335 bello
1850 2276 1974 2355 lug.
2030 2282 2131 2342 22.
2219 2278 2465 2356 Saepius

203 2362 421 2439 itaque
463 2360 628 2421 haud
675 2362 856 2422 dubie
899 2362 1143 2422 condita
1186 2372 1276 2421 est
1314 2360 1644 2441 Carthag0,
1699 2372 1759 2420 et
1812 2372 2059 2438 possunt
2115 2364 2281 2422 varie
2334 2373 2467 2421 tra·-

207 2447 381 2507 ditae
423 2448 548 2506 eius
605 2449 854 2529 origines
910 2449 1222 2509 commode
1277 2446 1357 2506 ad
1412 2457 1606 2505 certas
1659 2446 1913 2526 epochas
1969 2449 2259 2509 revocari.
2347 2449 2467 2507 lam

197 2538 483 2614 pn'mum
543 2535 602 2596 L.
660 2546 799 2595 ante
857 2536 1097 2595 Troiam
1148 2543 1380 2613 captam
1449 2534 1619 2592 annis
1675 2533 1969 2608 Carthago
2031 2535 2274 2593 condita
2344 2552 2470 2593 esse

213 2621 447 2679 dicitur
488 2640 523 2678 a
576 2622 759 2680 Tzoro
804 2632 867 2681 et
916 2621 1329 2693 carchedone,
1378 2619 1541 2698 apud
1583 2618 1834 2698 Appian.
1880 2620 2082 2678 Punic.
2128 2640 2253 2698 pr.,
2303 2619 2470 2696 quod

211 2705 379 2766 idem
429 2724 504 2763 ex
549 2705 796 2766 Philisto
838 2708 1056 2785 repetit
1096 2707 1501 2783 Hieronymus
1540 2706 1603 2764 in
1663 2706 1916 2764 Eusebio
1958 2706 2142 2763 latine
2186 2707 2345 2764 sacto
2390 2703 2471 2762 ad

210 2792 399 2853 Num.
442 2794 568 2857 805
607 2796 672 2851 in
720 2793 813 2853 ed.
872 2792 1079 2870 Scalig.
1132 2812 1191 2871 p.
1236 2795 1311 2855 91
1364 2800 1426 2849 et
1468 2789 1546 2849 ad
1588 2791 1762 2851 Num.
1808 2794 1934 2857 798
1975 2791 2039 2848 in
2084 2810 2173 2868 ep.
2218 2790 2473 2849 Pontani

215 2888 283 2938 et
329 2877 615 2951 vallars,
659 2876 721 2938 h.
766 2899 815 2938 e.
861 2887 1001 2937 ante
1044 2876 1185 2937 Chr.
1238 2879 1401 2940 1198
1448 2874 1553 2954 (nd
1599 2877 1811 2935 Euseb.
1867 2885 2215 2955 computum
2280 2873 2470 2955 1217)

214 2975 282 3024 et
323 2973 465 3021 ante
507 2963 719 3023 Troiae
761 2964 1095 3037 excidium,
1135 2982 1212 3020 ex
1256 2963 1464 3020 eadem
1508 2962 1716 3021 Euseb.
1761 2963 2239 3040 computatione,
2293 2982 2327 3019 a
2372 2964 2472 3023 37.

218 3052 457 3111 Graeca
504 3050 738 3109 Eusebii
774 3059 1011 3109 servata
1061 3057 1207 3108 sunt
1251 3069 1285 3107 a
1325 3048 1601 3126 Syncello
1657 3067 1713 3126 p.
1765 3052 1888 3112 172
1933 3050 2027 3106 ed.
2085 3047 2252 3120 Par.,
2312 3044 2475 3104 unde

218 3137 483 3214 Scaliger
507 3136 820 3195 transtulit
847 3138 908 3195 in
937 3137 1160 3194 Graeca
1193 3133 1426 3192 Eusebii
1458 3152 1514 3211 p.
1542 3135 1641 3198 33.
1671 3132 1714 3192 Ι.
1741 3136 1844 3195 81.
1931 3132 2102 3191 Adde
2134 3130 2477 3192 Chronicon

218 3223 328 3283 lib.
381 3224 423 3296 1,
467 3242 522 3300 p.
565 3225 643 3285 18
684 3230 748 3280 et
806 3241 864 3301 p.
921 3226 1059 3286 126.
1147 3219 1324 3278 Tzori
1368 3217 1611 3297 quidem
1657 3227 1716 3276 et
1767 3217 2199 3293 Carchedoniis,
2246 3217 2477 3296 ‘quippe

218 3309 509 3382 urbium,
553 3308 794 3367 nomina
823 3306 1123 3386 imperite,
1183 3324 1259 3363 ex
1306 3305 1553 3383 antiquo
1594 3314 1797 3362 tamen
1836 3323 2034 3379 more,
2089 3303 2167 3361 ad
2202 3305 2478 3362 virorum

220 3414 513 3477 personas
538 3392 926 3472 designandas
961 3412 1083 3451 esse
1105 3391 1423 3464 traducta,
1468 3390 1544 3448 ab
1572 3390 1699 3448 aliis
1727 3390 1970 3448 Didonis
2009 3408 2224 3448 nomen
2257 3397 2478 3447 temere

221 3483 290 3541 in
321 3478 443 3538 hoc
477 3488 713 3557 tempus
751 3478 997 3553 referri,
1041 3478 1213 3537 facile
1255 3486 1533 3555 apparet;
1578 3486 1776 3533 manet
1820 3484 2016 3533 tamen
2047 3474 2231 3546 illud,
2276 3473 2479 3554 paullo

227 3575 373 3625 ante
399 3564 541 3624 belli
582 3565 825 3624 Troiani
869 3574 1171 3643 tempora,
1219 3563 1266 3620 1.
1302 3562 1397 3621 vel
1439 3562 1587 3620 adeo
1627 3561 1913 3619 xxxvn
1962 3581 2182 3633 annos,
2222 3558 2481 3619 Cartha-

224 3652 383 3733 ginis
439 3651 629 3730 prima
683 3650 935 3709 exordia
981 3651 1045 3709 in
1100 3648 1292 3709 veteri
1359 3646 1611 3705 historia
1682 3647 2000 3705 memorari
2055 3646 2227 3704 solita
2284 3647 2482 3705 fuisse.

225 3740 446 3798 Auem
485 3735 861 3816 Carthaginis
891 3735 1168 3794 conditae
1205 3732 1428 3813 epocha
1477 3742 1566 3791 est
1610 3732 1905 3790 CLxxlu
1950 3752 1999 3790 a.
2046 3742 2183 3809 post
2222 3734 2484 3811 priorem

226 3824 433 3896 illam,
491 3822 693 3902 paullo
725 3832 862 3880 ante
912 3822 1217 3881 Coloniam
1268 3820 1561 3891 ionicam,
1626 3818 1954 3877 secundum
1998 3816 2216 3876 Chron.
2274 3816 2483 3877 Euseb.

228 3908 588 3988 Hieronymi
620 3907 698 3967 ad
726 3908 899 3967 Num.
928 3912 1046 3971 971
1069 3951 1087 3982 ,
1132 3916 1238 3966 aut
1281 3903 1376 3986 (ut
1417 3905 1620 3962 verius
1658 3903 1821 3983 apud
1862 3903 2199 3983 syncellum
2245 3902 2482 3980 legitur,

231 3996 343 4075 qui
375 3995 601 4054 Graeca
622 3994 855 4054 Eusebii
883 3994 1146 4052 servavit
1168 4014 1226 4072 p.
1262 3995 1375 4054 181
1415 3991 1516 4063 A),
1544 3988 1848 4048 cxxxlu
1881 3989 2050 4047 annis
2078 3998 2214 4067 post
2248 3988 2486 4048 Troiam

231 4090 508 4161 captam,
551 4079 615 4139 h.
642 4101 694 4141 e.
722 4102 773 4146 a.
815 4079 878 4139 C.
910 4082 1070 4143 1025
1097 4077 1234 4160 (sec.
1260 4076 1475 4135 Euseb.
1506 4074 1715 4156 1044).
1802 4075 1932 4134 Hac
1975 4092 2212 4152 quoque
2260 4069 2487 4152 epocha

232 4167 487 4226 Didonis
517 4185 705 4246 ,opera
761 4166 1099 4225 celebratur
1125 4209 1143 4240 ,
1211 4181 1364 4241 quae
1404 4159 1822 4239 amplificanda
1867 4180 1938 4219 ac
1974 4158 2298 4219 munienda
2336 4156 2488 4216 urbe

233 4252 462 4313 Cartha
486 4297 504 4329 ,
548 4262 610 4312 et
634 4253 820 4331 Byrsa
852 4270 988 4311 arce
1031 4248 1379 4323 condenda,
1430 4243 1688 4306 maxime
1734 4245 1851 4306 fuit
1896 4253 2229 4324 conspecta.
2309 4237 2489 4303 'Eus-

230 4342 461 4419 κτίσθη
503 4335 843 4418 Καρχηδὼν
873 4338 958 4395 ait
983 4335 1321 4416 syncellus:
1362 4334 1591 4412 accepit
1636 4332 1820 4391 etiam
1857 4331 1962 4389 illo
1999 4339 2270 4407 tempore
2311 4346 2489 4388 suum

234 4437 494 4502 nomen,
542 4444 683 4484 cum
705 4434 883 4484 antea
915 4423 1098 4503 Origo
1122 4429 1275 4481 esset
1301 4418 1495 4498 dicta,
1537 4418 1586 4478 si
1616 4418 1796 4478 modo
1825 4434 1973 4476 vera
2010 4413 2199 4474 tradit
2236 4413 2490 4494 syncel-
