2882 5028
402 333 640 440 oes'
1001 354 2052 431 Excnsssosl

400 547 646 629 quidem
692 554 981 626 sequutus
1022 566 1187 607 eram
1233 546 1381 624 boc,
1443 546 1611 626 quod
1651 545 1896 607 lunonis
1936 546 2185 627 nuptiae
2233 557 2619 626 argumentum

400 638 568 695 suere
602 634 667 693 in
700 633 908 713 priscis
946 632 1163 692 fabulis
1208 633 1789 693 decantatissimum:
1846 654 1907 693 v.
1949 633 2116 693 viros
2155 633 2364 692 doctos
2406 632 2482 692 ad
2513 633 2623 692 He-

399 719 567 802 sych.
608 719 672 777 in
709 715 898 799 Ἵερός
934 714 1160 800 γάμος,
1219 728 1280 779 et
1332 720 1464 779 loca
1501 719 1748 779 laudata
1797 720 1864 778 in
1910 718 2460 778 Hemsterhuisiana
2496 729 2623 778 nota

399 805 566 887 apud
593 804 1058 866 Valckenarium
1090 804 1169 863 ad
1191 805 1480 865 Adoniaz.
1513 826 1573 885 p.
1611 810 1757 871 366.
1794 809 1941 881 867,
1963 814 2023 863 et
2054 825 2250 885 nuper
2271 805 2622 865 Wernsdorf.

398 893 569 952 Tom.
606 890 686 950 1v
713 892 878 953 Poet.
901 892 1045 950 min.
1087 911 1147 970 p.
1190 890 1335 956 462.
1421 892 1564 950 Fuit
1588 884 1828 970 quoque
1850 890 2013 950 inter
2038 888 2381 971 Epicharmi
2408 901 2622 970 tragoe-

398 971 734 1056 dias“HQoec
754 971 982 1058 γάμος,
1028 977 1141 1035 alia
1168 976 1370 1036 Alcaei
1390 975 1609 1036 Athen.
1643 974 1806 1056 ἱερός
1839 971 2052 1058 γάμος.
2136 976 2408 1056 Origines
2446 975 2622 1035 fabula

397 1082 432 1121 e
471 1064 648 1142 Creta
692 1062 934 1122 duxisse
976 1062 1261 1140 videtur5
1317 1063 1422 1123 ubi
1474 1082 1715 1141 quoque
1760 1062 1875 1121 alia
1912 1063 2160 1141 vestigia
2209 1063 2521 1121 extabant:
2559 1062 2620 1121 cs.

395 1148 571 1209 Diod.
603 1148 672 1224 V,
703 1152 788 1216 72
819 1149 858 1208 l.
900 1152 1015 1225 963
1058 1157 1120 1208 et
1141 1149 1416 1209 manavit
1453 1149 1611 1208 sorte
1641 1168 1718 1207 ex
1757 1147 1876 1208 illis
1922 1148 2139 1208 sabulis
2176 1149 2346 1208 locus
2391 1147 2547 1207 Iliad.
2577 1149 2620 1221 ξ,

394 1238 523 1301 296
552 1241 640 1312 sq.
724 1234 1071 1295 Profectum
1097 1244 1187 1294 est
1212 1255 1288 1293 ex
1328 1234 1578 1311 iisdem,
1624 1233 1792 1312 quod
1820 1233 1886 1294 in
1925 1233 2126 1294 Schol.
2172 1234 2321 1295 ven.
2361 1232 2521 1293 Iliad.
2559 1232 2619 1307 A,

395 1323 522 1385 609
566 1320 863 1380 occurrit:
904 1320 1063 1381 Iovis
1095 1330 1155 1380 et
1181 1321 1426 1381 Iunonis
1448 1340 1680 1379 amores
1710 1317 1863 1379 clam
1894 1340 2005 1400 per
2047 1320 2190 1380 CCC
2231 1340 2420 1380 annos
2461 1337 2619 1378 exer-

395 1406 545 1465 citos
571 1405 771 1466 fuisse.
856 1406 1145 1467 Fabulam
1186 1425 1425 1486 quoque
1455 1406 1670 1484 respici
1693 1416 1844 1485 puta
1888 1406 1960 1466 in
1986 1405 2343 1487 Theocriteo
2371 1402 2497 1481 XV,
2533 1405 2617 1468 64.

394 1494 602 1551 onmia
624 1504 839 1550 norunt
861 1493 1159 1569 mulieres,
1205 1492 1312 1557 καὶ
1338 1490 1422 1566 αἷς
1447 1489 1603 1566 Ζεύς
1629 1485 1887 1575 ἠγάγεθ’
1907 1488 2126 1571 ’“Ἠραν.
2214 1492 2436 1552 Verum
2461 1490 2617 1549 inau-

394 1576 526 1636 dita
566 1578 758 1637 forma
797 1588 952 1637 esset
992 1574 1308 1658 Ἡραῖκός,
1364 1587 1427 1637 et
1480 1579 1554 1637 ab
1596 1573 1763 1660 ‘'Hooe
1798 1579 2048 1638 formari
2092 1578 2340 1637 deberet
2375 1574 2615 1656 Ἡραῖοςῑ

392 1671 545 1740 tum,
588 1663 637 1723 si
661 1663 739 1721 de
765 1662 1008 1723 Iunonia
1037 1664 1266 1744 nuptiis
1294 1684 1537 1725 carmen
1564 1664 1793 1743 egisset,
1835 1664 2108 1743 ineptum
2127 1664 2338 1724 suisset
2365 1663 2428 1722 iu
2452 1661 2613 1720 altero

394 1769 525 1808 voc.
563 1751 918 1830 Θεογαμιῶν
944 1749 1136 1809 latens
1163 1770 1381 1810 nomen
1409 1744 1593 1828 θεόςς
1636 1770 1778 1809 uam
1807 1769 1885 1809 ex
1922 1750 2171 1809 Iunonis
2216 1748 2460 1809 nomine
2496 1745 2616 1806 satis

318 1845 319 1848 ’
390 1833 772 1914 intelligitur,
840 1836 989 1895 deae
1043 1836 1287 1915 nuptias
1347 1834 1652 1895 celebrari.
1742 1836 2075 1915 Corruptos
2127 1855 2369 1915 quoque
2412 1851 2526 1892 esse
2561 1832 2614 1890 iu

389 1919 508 1979 hac
537 1940 685 1980 voce
712 1920 930 1980 Suidae
956 1921 1221 2000 codices,
1259 1921 1403 1981 inde
1447 1921 1715 2002 colligas,
1759 1921 1926 2000 quod
1968 1921 2267 1997 Eudocia,
2313 1939 2460 2001 quae
2494 1916 2613 1977 Sui-

392 2005 531 2065 dam
560 2005 897 2086 exscripsit,
940 2026 1000 2086 p-
1041 2008 1159 2073 351
1208 2005 1501 2090 ἡρωϊκῶν
1525 2012 1881 2088 θεογαμιῶν
1915 2009 2152 2087 legerat.
2239 2007 2412 2081 Quid
2437 2003 2613 2084 igitur,

388 2091 619 2169 inquis,
661 2101 840 2172 poeta
879 2092 943 2151 in
978 2090 1098 2152 hoc
1137 2093 1400 2152 carmine
1443 2093 1778 2153 tractavit?
1840 2113 2052 2173 nempe
2097 2089 2376 2174 ήρωϊκᾶς
2416 2098 2612 2171 &seye-

389 2178 567 2258 μίας,
609 2177 673 2236 id
705 2187 825 2253 est,
869 2178 1112 2236 deor-tim
1135 2179 1502 2259 dearumque
1534 2181 1780 2257 nuptias
1806 2200 1945 2237 cum
1982 2179 2263 2238 heroibus
2301 2193 2409 2238 αιιι
2439 2176 2612 2235 hervi-

389 2266 518 2338 πίε,
564 2283 672 2321 seu
701 2283 837 2323 cum
868 2264 1223 2324 mortalibus
1247 2265 1394 2325 viris
1427 2284 1535 2324 seu
1573 2263 1845 2342 seminis,
1888 2265 2158 2342 adeoque
2197 2265 2382 2324 etiam
2421 2264 2489 2322 de
2519 2260 2612 2319 he-

387 2347 587 2407 roibus
622 2369 700 2408 ex
728 2348 859 2409 istis
885 2351 1293 2429 congressibus
1312 2354 1636 2429 pmgnatis
1652 2374 1670 2409 .·
1717 2350 1993 2427 Hesiodi,
2038 2371 2142 2409 seu
2167 2351 2435 2429 quisquis
2459 2353 2611 2427 poeta

386 2433 488 2493 ille
517 2434 663 2512 suit,
713 2435 1015 2516 exemplo,
1060 2436 1165 2517 qui
1193 2436 1256 2496 in
1285 2446 1557 2495 extrema
1596 2445 1770 2516 parte
1811 2436 2166 2516 theogoniae
2218 2446 2286 2496 et
2324 2437 2390 2495 in
2427 2435 2611 2492 hemo-

381 2523 578 2599 gonia
596 2565 615 2596 ,
675 2521 844 2582 cuius
902 2530 1138 2601 partem
1194 2523 1578 2604 superstitem
1629 2522 1950 2599 habemus,
2006 2523 2167 2582 idem
2218 2528 2606 2602 argumentum

385 2616 753 2667 versaverat.
836 2607 1029 2667 Fuere
1069 2629 1311 2688 quoque
1356 2603 1432 2671 τοὶ
1469 2605 1803 2690 θεογᾰμια,
1846 2609 2066 2669 festum
2111 2618 2171 2669 et
2203 2609 2365 2670 ludi:
2420 2604 2608 2666 Pollux

386 2692 432 2767 l,
482 2697 539 2767 1,
583 2697 666 2757 37
724 2687 934 2775 Κόρης
971 2688 1046 2756 τὰ
1089 2689 1255 2774 παραὶ
1294 2688 1688 2768 Σικελιώταις
1726 2690 2034 2776 Θεογᾶμια
2070 2694 2174 2758 καὶ
2212 2685 2604 2771 Ἀνθεστῆρῑα-

385 2778 608 2837 Eadem
633 2778 697 2838 in
726 2779 926 2838 numia
947 2779 1373 2859 Nysaeensium
1411 2781 1476 2839 in
1513 2780 1688 2839 Caria
1723 2779 1808 2860 (v.
1831 2779 2151 2860 Spanhem.
2180 2781 2368 2861 Epist.
2399 2777 2474 2837 ad
2492 2774 2608 2835 Mo-

382 2864 512 2924 rell.
543 2865 595 2924 11
623 2874 684 2924 et
716 2885 808 2945 ap.
837 2864 1064 2925 Eckhel
1091 2867 1291 2927 Doctr.
1318 2887 1485 2925 num.
1519 2866 1647 2926 Vol.
1684 2866 1735 2926 11
1764 2887 1895 2946 pag.
1934 2869 2080 2932 586.
2111 2869 2286 2944 589.)
2325 2866 2390 2925 in
2434 2862 2607 2923 hono-

383 2970 511 3010 rem
537 2950 810 3012 Plutonis
844 2960 904 3011 et
930 2951 1350 3032 Proserpinae3
1393 2962 1456 3010 et
1478 2953 1542 3012 in
1577 2951 1798 3011 Bacchi
1843 2963 1905 3012 et
1951 2951 2280 3028 Ariadnes,
2332 2960 2404 3011 ut
2435 2945 2598 3027 suspi-

383 3057 490 3095 cor
506 3080 524 3113 ,
566 3035 859 3096 honorem
890 3036 955 3095 in
988 3039 1187 3097 numis
1216 3039 1433 3117 Coryci
1464 3038 1698 3098 Ciliciae
1729 3048 2089 3098 occurrunt:
2132 3059 2192 3097 v.
2237 3036 2458 3097 Eckhel
2494 3030 2603 3091 vol.

382 3122 457 3181 111
476 3142 538 3201 p.
567 3123 670 3186 53.
757 3121 982 3181 Eadem
1011 3125 1364 3200 Eugamia,
1416 3124 1480 3183 in
1517 3144 1700 3183 numo
1737 3123 2026 3205 Aegyptio
2066 3123 2436 3204 Vespasiani,
2477 3137 2603 3200 pro-

383 3206 507 3265 dito
549 3227 583 3265 a
624 3204 923 3268 Pellerino
965 3204 1054 3288 (in
1097 3210 1352 3266 Reeueil
1383 3209 1459 3267 de
1495 3209 1826 3269 stledailles
1867 3211 1942 3268 de
1967 3212 2228 3288 Peuples
2255 3205 2532 3270 Tom.1[1.
2551 3222 2599 3282 p.

244 3334 255 3345 .
384 3296 527 3366 183,
557 3292 666 3350 ubi
692 3312 751 3351 v.
775 3292 1154 3371 Explication
1191 3313 1252 3372 p.
1279 3294 1531 3372 XXXI.)
1573 3306 1907 3355 memorato
1941 3296 2085 3355 inde
2124 3317 2159 3354 a
2204 3297 2398 3375 Zoega
2434 3294 2597 3353 Num-

377 3380 643 3455 Aegypt.
681 3397 741 3456 p.
767 3376 871 3442 45.
900 3377 1011 3437 No.
1040 3377 1144 3445 54.
1187 3387 1248 3438 et
1271 3379 1344 3437 ab
1374 3380 1605 3440 Eckhel
1636 3384 1847 3444 Doctr.
1882 3384 2083 3442 Num.-
2120 3382 2254 3442 Vol.
2284 3382 2366 3441 IV
2403 3400 2458 3460 p.
2492 3374 2597 3439 442

378 3462 768 3542 Proserpinae
815 3472 879 3522 et
934 3463 1206 3524 Plutonis
1266 3467 1507 3546 nuptias
1566 3456 1855 3527 declarari
1904 3467 2082 3528 docet
2139 3468 2378 3547 Serapis
2415 3461 2598 3523 sedem

378 3563 516 3607 cum
545 3549 822 3609 Cerbero.

546 3635 758 3694 Restat
782 3655 982 3710 nunc,
1024 3644 1096 3695 ut
1122 3637 1279 3697 illud
1319 3645 1672 3716 quaeratur:
1732 3638 1813 3696 ad
1852 3647 2064 3699 utrum
2101 3637 2452 3699 Pisandrum
2485 3629 2596 3691 M&

352 3719 618 3785 crebius
656 3721 1005 3801 respexerit.
1092 3722 1520 3784 Valckenarius
1558 3723 1803 3802 quidem
1820 3768 1837 3800 ,
1881 3735 2121 3804 gratum
2156 3724 2373 3786 litteris
2401 3714 2595 3802 graeci!

377 3826 627 3881 nomen,
683 3816 1010 3885 utrumque
1055 3829 1293 3869 carmen
1340 3820 1401 3870 et
1449 3808 1798 3890 Ἡρακλείας
1843 3820 1902 3869 et
1941 3810 2229 3892 ἡρωϊκῶν
2273 3804 2594 3889 θεογαμιῶν

373 3911 567 3951 unum
593 3891 871 3971 idemque
898 3893 1081 3952 fuisse
1112 3896 1423 3972 censebat;
1464 3896 1955 3975 memorabatque
1997 3897 2097 3956 ille
2134 3898 2199 3956 in
2236 3891 2491 3954 Diatribe
2529 3882 2592 3943 nd

375 3977 580 4057 Eurip.
607 3999 667 4057 p.
701 3977 786 4045 24
830 3977 1116 4039 Macrobii
1161 3980 1360 4043 locum
1410 3982 1530 4058 ita,
1579 3990 1654 4042 ut
1685 3983 2055 4042 Pisandrum
2085 3983 2315 4043 diceret
2339 3973 2592 4039 Jlemulcze

375 4076 518 4123 acta
547 4067 636 4123 ita
663 4065 944 4122 cecinisse
962 4108 982 4137 ‚
1031 4078 1100 4125 ut
1122 4085 1166 4123 a
1191 4071 1418 4145 ruptiis
1446 4070 1612 4125 lovis
1634 4079 1691 4126 et
1715 4070 1966 4127 Iunonis
1993 4072 2287 4147 incipiens
2316 4067 2590 4124 maioma:

372 4149 651 4209 historias
685 4181 773 4195 —
808 4152 876 4209 in
915 4171 1107 4209 unam
1151 4155 1360 4212 seriem
1400 4166 1644 4212 coactas
1687 4152 1996 4232 redegerit.
2088 4155 2173 4215 Ut
2214 4151 2363 4212 adeo
2405 4143 2589 4207 Suidfls

372 4235 633 4315 turpiter
660 4232 859 4316 lapsus
881 4234 1077 4296 videri
1101 4234 1378 4315 deberet,
1423 4238 1571 4299 dum
1609 4239 1670 4297 in
1717 4237 1842 4298 duo
1880 4240 2151 4301 diversos
2188 4231 2590 4325 Grammatioot

371 4322 694 4397 incideret,
737 4319 995 4382 alterum
1020 4321 1270 4384 doctum
1295 4324 1552 4389 alterum
1585 4323 1933 4402 indoctum,
1976 4326 2081 4406 qui
2116 4323 2370 4387 nominis
2406 4314 2587 4380 simil?

372 4409 580 4470 tudine
610 4408 896 4489 deeeptus
937 4409 1257 4472 recentiori
1301 4409 1593 4472 Pisandro
1638 4410 2023 4491 assignasset,
2071 4431 2223 4492 quae
2269 4406 2452 4470 veteri
2487 4403 2583 4460 tri·
