2882 5028
699 352 886 426 AD
990 350 1642 426 LIBRUM
1744 350 1866 428 vl
2227 358 2419 430 1011

152 539 556 620 placandos.-
603 537 893 619 obquam
926 539 1400 618 remnaulonge
1445 560 1490 599 a
1527 539 1713 598 Velia
1750 551 1808 597 et
1852 540 2058 599 lucum
2088 553 2145 601 et
2182 555 2427 602 cenota-

154 627 396 705 phium
425 628 484 684 ei
512 623 1281 705 dederunt.Vide‘1psum
1309 631 1551 704 poetam
1586 644 1647 685 v.
1680 627 1903 689 378—
1920 628 2067 701 881,
2110 626 2215 705 qui
2245 629 2455 687 etiam

159 711 408 771 oraculi
433 709 617 771 fidem
643 709 719 770 de
739 710 1004 771 Palinuri
1036 730 1276 770 accessu
1316 710 1397 770 ad
1434 710 1666 770 ltaliam
1692 709 1838 769 olim
1876 710 2072 771 editi'
2053 732 2118 771 m
2158 712 2425 773 fabulam

159 796 490 857 adsumsit.
572 796 802 858 Veliam
836 791 1091 878 (Ἐλέαν)
1132 796 1235 856 illo
1261 805 1533 878 tempore
1561 794 1834 856 nondum
1863 795 2074 872 fuisse,
2134 797 2286 858 bene
2311 800 2425 859 ob-

159 891 384 943 servat
410 882 656 942 Servius
681 882 760 942 ad
785 902 850 945 v.
876 881 1002 948 369
1040 895 1364 961 potiusque
1408 884 1481 942 V
1472 882 1658 941 elinos
1666 902 1697 954 ,-
1753 900 1894 941 nam
1933 882 2177 943 condita
2204 902 2274 944 ea
2307 886 2424 945 suit

162 988 209 1027 a
237 966 715 1028 Phocaeensibus
742 967 854 1027 sub
882 968 1041 1047 Cyro
1078 966 1371 1047 profugis,
1417 975 1481 1026 et
1517 985 1596 1025 ex
1630 966 1930 1027 Strabone
1964 968 2065 1028 lib.
2111 968 2193 1031 VI
2228 971 2423 1050 princ.

162 1053 329 1113 satis
372 1062 637 1130 constat,
708 1072 822 1114 nec
859 1063 1060 1114 tamen
1122 1053 1412 1134 prolepsis
1454 1053 1594 1113 talis
1651 1061 1779 1112 tam
1820 1053 2081 1113 insolens
2132 1065 2296 1132 erat,
2351 1066 2423 1117 ut

162 1139 298 1200 viri
327 1138 489 1200 docti
537 1148 677 1219 post
717 1140 1133 1219 grammaticos
1169 1138 1331 1219 apud
1371 1139 1630 1200 Gellium
1664 1138 1704 1198 1.
1756 1158 1808 1198 c.
1840 1140 1921 1214 X,
1984 1144 2064 1206 16
2098 1139 2164 1200 in
2215 1141 2418 1202 desen-

164 1224 384 1285 dendo
406 1226 507 1285 vel
537 1224 871 1285 accusando
897 1233 1076 1304 poeta
1105 1233 1344 1284 tantum
1369 1243 1585 1305 operae
1608 1242 1831 1303 ponere
1870 1224 2172 1286 deberent.
2259 1227 2424 1306 Ope-

161 1329 356 1371 rosus
393 1309 630 1390 quoque
666 1310 729 1370 in
757 1310 1083 1370 refellendo
1114 1310 1378 1370 Ouwens
1406 1311 1463 1370 Ν
1463 1319 1579 1370 oct.
1607 1309 1754 1389 Hag.
1777 1309 1879 1371 lib.
1905 1311 1950 1386 1,
1995 1331 2046 1370 c.
2073 1316 2134 1376 2.
2185 1313 2423 1372 Sufficit

161 1404 382 1457 tenere
398 1439 418 1472 ,
470 1397 659 1478 ipsam
713 1396 1119 1456 necessitatem
1158 1395 1269 1456 has
1305 1396 1610 1476 prolepses
1647 1396 1806 1455 tueri
1820 1439 1839 1472 ,
1893 1395 2125 1474 quoties
2157 1400 2422 1459 narratio

161 1485 461 1544 versatur
488 1482 556 1541 in
589 1480 664 1542 iis
690 1482 1062 1563 temporibus
1076 1525 1095 1558 ,
1140 1481 1206 1542 in
1234 1481 1450 1559 quibus
1475 1480 1640 1542 nulla
1667 1481 1938 1542 locorum
1963 1481 2274 1562 appellatio
2313 1493 2421 1560 est,

161 1576 289 1628 aut
315 1567 421 1628 ubi
447 1568 734 1628 molestus
757 1568 919 1628 foret
939 1577 1116 1649 poeta
1132 1611 1149 1643 ,
1195 1566 1461 1627 obsoleta
1490 1576 1553 1626 et
1581 1585 1618 1624 a
1650 1567 1928 1627 carminis
1948 1569 2247 1627 suavitate
2274 1569 2421 1629 alie—

162 1672 258 1713 na
302 1672 374 1713 ac
403 1652 664 1714 barbara
705 1652 948 1714 nomina
995 1652 1333 1713 excitando.
1416 1651 1570 1728 Quis
1611 1651 1877 1729 dubitet,
1932 1651 2091 1713 hanc
2126 1653 2422 1715 defensio-

165 1757 321 1799 nem
356 1757 482 1798 esse
521 1739 667 1799 satis
702 1739 952 1799 iustam!
1007 1738 1232 1800 Verum
1268 1756 1346 1798 ne
1380 1740 1633 1798 Lucam·
1654 1738 1896 1817 quidem
1910 1782 1929 1815 ‚
1986 1738 2156 1818 quod
2175 1741 2421 1801 Servius

164 1824 298 1899 ait,
334 1823 439 1884 illo
467 1833 738 1905 tempore
758 1825 822 1885 in
849 1823 945 1884 his
968 1824 1115 1884 loeis
1148 1823 1330 1883 fuisse
1354 1822 1661 1885 videntur.
1704 1824 1980 1884 Fuerunt
2011 1825 2172 1886 enim
2199 1826 2422 1887 Lucani

164 1929 214 1968 a
243 1910 640 1987 Samnitibus,
684 1910 789 1989 qui
810 1910 1171 1971 Sabinorum
1198 1908 1509 1990 progenies
1551 1917 1726 1969 erant
1740 1954 1761 1987 ,
1816 1909 2091 1986 oriundi,
2133 1930 2327 1989 neque
2359 1914 2420 1972 in

164 1993 327 2056 haec
363 1995 496 2056 loca
534 2005 865 2073 venerunt,
935 1994 1051 2055 nisi
1096 2004 1416 2075 postquam
1469 1995 1835 2056 Graecorum
1887 1995 2151 2055 coloniae
2193 1996 2420 2057 ltaliam

162 2081 517 2141 inferiorem
542 2100 835 2162 occupare
862 2089 1207 2161 coeperant,
1248 2079 1315 2140 id
1344 2081 1510 2160 quod
1543 2089 1681 2161 post
1707 2081 1966 2142 Troiana
1994 2081 2237 2142 demum
2264 2092 2423 2143 tem-

167 2186 332 2247 pora
358 2167 631 2247 contigit3
670 2166 1043 2248 temporibus
1071 2184 1220 2228 vero
1248 2166 1521 2227 Troianis
1560 2165 1802 2226 choum
1825 2177 1892 2228 et
1924 2166 2227 2242 Oanos-oe,
2279 2169 2342 2229 h.
2372 2189 2421 2229 e.

164 2251 464 2331 Pelasgos,
507 2272 543 2313 e
570 2253 820 2314 Graecia
847 2272 986 2313 cum
1007 2250 1350 2313 Ausonibus
1372 2251 1586 2334 priscis
1607 2251 1813 2312 Italiae
1840 2251 2066 2313 colonis
2094 2254 2424 2334 permixtos

163 2337 457 2411 coluisse,
499 2358 579 2398 ex
601 2338 679 2398 iis
702 2338 1086 2399 manifestum
1106 2345 1215 2414 est,
1258 2357 1411 2416 quse
1438 2338 1658 2399 Strabo
1680 2337 1783 2398 lib.
1818 2338 1901 2400 v1
1925 2338 2116 2418 princ.
2156 2341 2424 2420 exponit,

163 2423 350 2483 Circa
371 2422 489 2484 has
522 2424 682 2484 enim
705 2433 910 2506 partes
936 2445 974 2484 a
1002 2425 1123 2483 Lao
1148 2423 1291 2483 inde
1324 2425 1388 2484 fl.
1418 2423 1616 2503 primo
1642 2443 1882 2486 accessu
1917 2424 2217 2502 Oenotros
2252 2424 2424 2486 habi-

163 2521 362 2587 tasse,
403 2508 679 2589 hancque
715 2511 971 2591 primam
1011 2508 1245 2569 Italiam
1281 2508 1463 2570 fnisse
1507 2508 1893 2590 appellatam,
1954 2512 2070 2571 alio
2100 2510 2234 2571 loco
2263 2511 2424 2572 vidi-

162 2615 329 2657 mus.
416 2593 694 2680 (Exeurs.
717 2597 869 2656 xxl
890 2595 974 2656 ad
1001 2596 1105 2656 lib.
1129 2595 1176 2655 1.
1206 2596 1456 2657 Excute.
1484 2595 1569 2656 IV
1603 2593 1681 2654 ad
1711 2595 1812 2656 lib.
1841 2595 1990 2676 vn.)

348 2680 547 2761 Pergit
583 2684 904 2762 Dionysius
938 2683 980 2742 1.
1028 2701 1079 2740 c.
1121 2680 1187 2740 in
1221 2680 1488 2761 vulgari,
1554 2699 1737 2758 quam
1778 2699 2117 2760 proponere
2160 2678 2423 2756 volebat,

162 2768 552 2829 narratione:
606 2772 915 2844 Deianos,
957 2789 1003 2827 a
1029 2768 1321 2826 Palinm
1346 2765 1668 2845 profectos,
1689 2766 1781 2825 ad
1801 2767 2070 2826 maulam
2095 2766 2422 2842 appulisse,

163 2855 282 2913 cui
323 2875 368 2914 a
412 2855 686 2933 quadam
723 2854 967 2913 Aeneas
1006 2850 1394 2927 consobrina,
1439 2850 2040 2931 quaaanbier-at,
2096 2851 2424 2928 Leucesiae,

162 2959 284 2999 seu
300 2982 318 3013 ,
369 2946 444 2998 ut
478 2941 603 3000 fere
643 2939 824 2999 scribi
866 2939 1039 3013 solet,
1079 2937 1397 2997 Leucosiae
1424 2956 1641 2997 nomen
1667 2940 2018 3013 hnpositum
2048 2940 2148 2996 sit.
2240 2937 2426 2996 Com-

165 3023 419 3085 munior
441 3027 597 3085 fama
629 3026 705 3085 ab
737 3045 859 3086 una
887 3024 1183 3099 Sirenum,
1230 3024 1549 3095 Leucosia,
1589 3041 1811 3083 nomen
1845 3023 2083 3101 repetit.
2170 3021 2291 3081 Sed
2329 3023 2424 3081 sa-

167 3129 338 3172 mam
365 3110 760 3191 navigationis
794 3111 1195 3171 Troianorum
1235 3110 1297 3169 in
1340 3111 1489 3169 mari
1521 3106 1838 3188 Tyrrheno
1871 3108 2038 3185 sequi
2080 3108 2428 3167 maluerunt

167 3195 296 3256 alii.
380 3195 586 3276 ltaque
629 3197 809 3256 etiam
851 3197 1016 3256 suere
1033 3240 1052 3272 ,
1121 3196 1227 3274 qui
1251 3197 1543 3257 Troianos
1587 3195 1665 3254 ad
1707 3194 2046 3255 Sardiniam
2093 3192 2427 3253 adhaesisse

168 3280 507 3344 traderent.
549 3282 677 3349 vid.
700 3284 870 3343 Paus.
896 3283 975 3358 X,
1023 3285 1121 3347 17.

347 3369 520 3427 Hinc
548 3372 736 3428 evecti
769 3370 1021 3428 Τνοὶαηί
1063 3365 1331 3448 (Dionys.
1372 3366 1481 3447 ib.)
1525 3369 1593 3424 in
1623 3366 1906 3444 pulonem
1948 3385 2026 3425 ac
2056 3365 2427 3443 profundum

160 3464 417 3534 pomam
442 3457 509 3513 in
546 3454 764 3533 Opicis
799 3450 929 3534 (qui
969 3453 1282 3512 Ausonum
1323 3452 1388 3511 in
1431 3451 1526 3511 his
1570 3451 1716 3511 locis
1753 3450 2015 3533 populus
2051 3455 2202 3528 erat)
2242 3452 2430 3509 delati

169 3551 361 3610 sunu
405 3543 774 3621 extinctoque
797 3538 885 3598 ibi
907 3541 1188 3613 Miseno,
1230 3536 1424 3597 nobili
1466 3539 1731 3619 quodam
1769 3540 1930 3612 viro,
1985 3548 2225 3615 pot-mm
2252 3537 2332 3595 ab
2360 3557 2427 3595 eo

169 3623 471 3689 Misenum
501 3626 977 3684 ᾱεηοηιὺιωυηι.

350 3710 436 3770 De
462 3714 708 3771 Miseno
737 3710 997 3770 fabulam
1023 3707 1303 3789 Virgilius
1328 3728 1541 3788 magna
1563 3726 1700 3766 cum
1728 3714 1859 3765 arte
1884 3706 2151 3766 intexuit
2177 3706 2426 3767 carmini

173 3815 321 3857 suo:
357 3796 462 3856 sed
491 3807 768 3858 ornatam
802 3804 865 3855 et
891 3795 1219 3870 variatam,
1262 3793 1364 3854 lib.
1389 3794 1489 3869 vl,
1537 3792 1659 3856 149
1683 3811 1810 3870 sqq.
1840 3823 1918 3839 -
1950 3794 2095 3858 235.
2192 3793 2425 3852 Disces-

172 3882 261 3942 sit
304 3881 378 3941 ab
410 3882 664 3943 aliorum
683 3927 701 3958 ,
755 3882 915 3942 inter
955 3901 1108 3960 quos
1133 3882 1363 3944 ⁴Caesar
1403 3880 1520 3939 suit
1557 3877 1996 3938 Pontificalium
2032 3876 2230 3958 primo
2265 3877 2424 3957 apud

171 3966 406 4030 Victor.
434 3968 506 4029 Ο.
537 3970 608 4030 G.
638 3970 710 4029 R.
746 3973 806 4046 9,
847 3966 971 4028 fide
1006 3967 1183 4026 etiam
1222 3966 1286 4025 in
1323 3964 1478 4041 hoc,
1542 3963 1707 4043 quod
1742 3983 1867 4023 non
1909 3963 1973 4022 in
2027 3963 2164 4023 sinu
2200 3963 2425 4022 Baiano

171 4052 286 4115 sed
311 4054 475 4114 ultra
530 4054 824 4116 Misenum
880 4073 1091 4115 versus
1142 4055 1361 4111 Cumas
1405 4051 1653 4111 classem
1689 4051 2003 4129 appulsam
2037 4066 2161 4105 esse
2209 4049 2425 4109 voluit.

170 4139 656 4201 Gubernatorem
683 4141 862 4201 fuisse
891 4140 1120 4200 Aeneae
1152 4139 1447 4198 Misenum
1486 4137 1805 4197 tradidisse
1843 4133 2127 4195 videntur
2153 4133 2427 4194 nonnulli

171 4225 341 4306 apud
372 4226 712 4302 Victorem,
754 4226 902 4286 falsa
939 4225 1090 4286 remi
1118 4225 1354 4284 tumulo
1381 4222 1556 4283 infixi
1592 4218 2121 4299 interpretatione,
2179 4221 2286 4298 qui
2325 4229 2425 4279 ta-

169 4330 316 4374 men
336 4322 556 4372 nautae
580 4321 821 4373 tantum
851 4292 1342 4391 significationem
1374 4308 1645 4370 haberet.
1727 4305 2188 4365 Monumentum
2225 4315 2423 4366 autem

170 4405 352 4460 vetus
378 4399 626 4473 tumuli,
667 4398 858 4459 infixo
895 4418 1062 4460 remo
1097 4416 1235 4457 cum
1264 4396 1440 4474 tuba,
1484 4396 1567 4456 ad
1595 4392 1758 4455 istud
1783 4391 2267 4471 promontorium
2305 4410 2427 4453 esse

1835 4492 2012 4565 64*
