2882 5028
464 382 663 457 1020
887 376 2141 455 -EXCURSUSJX'

626 565 968 625 Secundum
993 585 1094 642 ea,
1146 586 1299 646 quae
1342 578 1523 647 poeta
1569 589 1630 630 v.
1659 573 1783 634 789
1829 590 1959 649 sqq.
1988 571 2062 630 de
2087 571 2456 650 purgatione
2485 571 2690 631 auima-

454 673 592 715 rum
627 662 864 727 narrat,
908 653 1107 710 locum
1139 654 1391 730 aliquem
1423 656 1484 714 in
1512 655 1711 713 inseris
1749 656 2055 734 requiras,
2119 679 2234 737 quo
2271 659 2391 715 itta
2421 664 2693 737 purgatio

456 743 819 799 sentiantur.
911 738 1030 796 Sed
1058 738 1134 797 de
1172 737 1290 798 hoc
1313 737 1459 797 nihil
1504 742 1995 800 commemoravit
2036 742 2223 801 Maro.

622 827 879 884 Aditum
925 823 1000 882 ad
1037 824 1261 902 infime
1301 845 1478 905 aupra
1527 824 1808 886 vidimus.
1895 830 2142 886 Exitum
2176 847 2287 906 per
2329 831 2552 889 Somni
2567 852 2693 909 por-

456 924 551 970 tae
584 919 882 970 monstrnt
916 911 1147 970 Aeneae
1177 910 1397 989 Sibylla
1423 911 1537 970 aub
1565 912 1605 969 s.
1631 911 1751 987 lib,
1795 912 1899 972 ubi
1930 912 2006 972 de
2041 933 2110 972 eo
2138 914 2299 975 vide.

1373 1146 1777 1155 m*—

924 1332 1962 1424 EXCURSUS
2081 1337 2234 1422 IX

661 1504 818 1572 De
887 1502 1679 1594 fluminibus
1765 1504 2520 1587 inferorum.

624 1678 722 1753 VI,
779 1683 923 1743 296.
966 1681 1093 1744 298
1150 1680 1324 1736 Hinc
1365 1682 1470 1737 via
1538 1681 1807 1738 Tartarei
1847 1699 2003 1758 quae
2028 1676 2157 1756 fi’rt
2203 1675 2577 1735 Acherontis
2624 1676 2703 1732 ad

451 1763 688 1836 wulaa5
759 1764 1050 1823 Turbidus
1103 1764 1204 1822 hic
1241 1784 1416 1821 coeno
1463 1777 1755 1844 vastaque
1816 1766 2101 1841 voragine
2150 1783 2386 1840 gurges
2447 1762 2699 1818 Aestuat

450 1862 632 1928 atque
658 1870 891 1908 omnem
921 1851 1133 1928 Cocyto
1159 1861 1382 1907 eructat
1412 1871 1683 1908 arenam.
1773 1849 1923 1909 Mox
1968 1851 2031 1907 in
2060 1847 2269 1906 eadem
2305 1866 2378 1905 re
2410 1850 2544 1909 323
2587 1847 2700 1903 Co-

449 1938 572 2009 cyu‘
606 1948 829 2011 stagna
882 1937 1014 1993 alta
1068 1935 1235 1994 videa
1278 1935 1669 2013 Stygiamque
1709 1936 2026 2012 paludem.
2143 1934 2220 1992 Et
2280 1933 2455 1990 unda
2488 1932 2699 2008 Stygia

450 2022 595 2086 885.
632 2024 777 2086 391.
866 2022 939 2079 Et
967 2040 1097 2100 sup.
1129 2040 1187 2080 v.
1220 2024 1342 2084 107
1375 2024 1619 2099 quando
1653 2021 1753 2078 ln'c
1785 2022 2006 2098 infimi
2038 2022 2230 2077 ianua
2267 2021 2433 2096 regis
2460 2018 2701 2074 Dicitur

449 2120 506 2165 et
547 2106 847 2165 tenebrosa
879 2107 1070 2183 palus
1113 2105 1444 2164 Acheronte
1480 2105 1701 2181 refuso.
1816 2110 1939 2171 132
1986 2108 2206 2163 Tenent
2242 2105 2455 2160 media
2500 2105 2698 2159 onmia

447 2193 642 2251 silvae
660 2235 678 2265 ,
734 2192 1094 2270 Cocytusque
1133 2194 1269 2249 aime
1311 2189 1517 2247 labens
1550 2194 1930 2249 circzanvenit
1958 2203 2108 2248 atro.
2210 2189 2396 2265 Quod
2415 2191 2477 2244 εἰ
2503 2201 2697 2245 tamus

447 2298 640 2349 amor,
688 2279 746 2334 si
782 2289 952 2334 tanta
1000 2276 1221 2352 cupido
1276 2286 1393 2350 est,
1455 2276 1578 2333 Bis
1618 2278 1858 2354 Stygio-s·
1890 2278 2099 2333 innare
2123 2274 2320 2331 lacus.
2416 2272 2572 2331 Mire
2596 2292 2699 2330 seu

444 2361 699 2420 turbant
732 2379 837 2418 seu
866 2359 1105 2418 variant
1149 2360 1214 2418 in
1252 2358 1599 2418 fluminibus
1637 2355 1843 2420 inseris
1887 2370 2118 2439 poetae.
2206 2358 2335 2417 Etsi
2380 2380 2508 2417 non
2530 2358 2697 2416 sacsse

446 2447 656 2526 aliquia
694 2446 771 2506 ad
806 2444 1152 2504 historicam
1190 2445 1509 2504 veritatem
1548 2445 1730 2524 haec,
1810 2466 1961 2525 quae
1999 2443 2220 2524 ingenii
2261 2445 2487 2524 poetici
2526 2463 2695 2501 eom·

445 2543 650 2593 menta
679 2543 740 2592 et
763 2532 1128 2591 narrationis
1174 2541 1528 2590 ornamenta
1570 2542 1748 2608 sunt,
1809 2532 2036 2611 exigat3
2096 2531 2170 2589 de
2202 2530 2454 2609 Virgilio
2495 2539 2697 2588 tamen

444 2619 805 2694 videndum,
858 2628 1157 2676 temerene
1200 2618 1300 2675 ille
1339 2617 1659 2675 fluminum
1700 2619 1943 2676 nomina
1981 2617 2280 2697 posuerit3
2340 2637 2420 2674 an
2468 2626 2694 2674 certam

444 2708 739 2766 rationem
776 2714 1064 2783 sequutus
1108 2704 1202 2762 ait.
1287 2702 1409 2761 Iam
1440 2704 1665 2762 Cerdae
1704 2703 1902 2780 aliqua
1952 2703 2111 2763 hanc
2149 2704 2212 2760 in
2257 2721 2391 2760 rem
2430 2712 2580 2760 nota
2609 2710 2695 2759 est

444 2812 568 2852 non
593 2791 857 2865 indocta,
902 2789 980 2848 ad
1009 2810 1067 2848 v.
1097 2789 1256 2865 2955
1300 2787 1407 2845 aed
1432 2789 1497 2847 in
1524 2789 1822 2869 plerisque
1850 2790 2108 2865 argutias
2136 2797 2361 2866 captat.

600 2877 733 2936 Duo
767 2877 1008 2935 omnino
1056 2873 1237 2932 duces
1282 2872 1400 2931 hoc
1443 2873 1508 2932 in
1549 2875 1682 2933 loco
1735 2873 1953 2934 habuit
1987 2873 2295 2952 Virgilius,
2360 2872 2695 2932 Homerum

444 2971 509 3021 et
536 2963 872 3021 Platonem:
917 2962 1017 3038 qui
1055 2965 1295 3017 traiecto
1338 2959 1578 3018 Oceano
1606 2959 1821 3019 Haden
1866 2959 2016 3019 adiri
2062 2966 2341 3033 narran13
2400 2980 2548 3019 eum
2572 2960 2699 3018 aliis

442 3048 753 3107 demensus
783 3069 902 3126 per
936 3067 1183 3123 specum
1235 3045 1610 3122 profundum
1639 3045 1716 3104 ad
1759 3046 1890 3105 loca
1923 3045 2113 3104 infera
2142 3054 2466 3117 narretur,
2510 3047 2600 3103 ita
2630 3055 2699 3103 ut

441 3133 505 3192 in
540 3134 736 3213 primo
795 3152 826 3190 e
865 3150 1043 3210 specu
1093 3149 1326 3209 egressu
1384 3132 1575 3190 amnis
1642 3131 1909 3191 obiectus
1963 3131 2056 3191 sit.
2156 3131 2328 3188 Alter
2375 3130 2604 3210 odyss.
2642 3155 2698 3205 x,

442 3217 807 3284 513—515
868 3217 1358 3295 Phlegethontem
1414 3237 1551 3275 cum
1609 3218 1853 3293 Cocyto,
1923 3237 2181 3295 quorum
2225 3214 2394 3274 hunc
2448 3217 2699 3294 quidem

443 3305 647 3382 Stygis
676 3303 816 3362 facit
826 3316 1068 3380 panem
1086 3346 1102 3373 ,
1147 3302 1210 3360 in
1240 3301 1632 3360 Acherontem
1663 3302 1882 3361 deferri
1922 3311 2158 3377 narrat,
2203 3309 2265 3358 et
2293 3320 2419 3358 esse
2456 3313 2699 3381 petram

440 3407 510 3448 eo
541 3390 702 3463 loco,
743 3409 860 3467 quo
891 3387 1014 3447 duo
1038 3387 1210 3447 fluvii
1247 3389 1715 3447 committantur.
1787 3388 2020 3447 Platoni
2048 3397 2248 3446 autem
2274 3387 2339 3445 in
2368 3386 2701 3448 Phaedone

371 3532 382 3551 l
439 3474 842 3533 vetustiorum
882 3473 1321 3551 Theologorum
1361 3475 1632 3572 exemplo
1679 3472 1829 3554 (vid.
1860 3473 2102 3533 Hesiod.
2132 3472 2356 3551 Theog.
2401 3474 2537 3537 740
2566 3494 2701 3551 sqq.

439 3562 567 3624 807
595 3556 747 3638 sqq.)
795 3562 1082 3617 Tartarus
1122 3578 1345 3636 vorago
1376 3569 1498 3634 est,
1539 3560 1602 3617 in
1631 3580 1812 3638 quam
1853 3559 2049 3618 omnia
2096 3559 2347 3617 flumina
2389 3579 2701 3657 aquarum

440 3645 757 3704 confluunt
801 3653 860 3701 et
897 3645 1039 3703 inde
1087 3664 1299 3703 rursus
1343 3644 1617 3704 effluunt.
1706 3645 1824 3703 Sed
1864 3654 2059 3704 tamen
2109 3653 2375 3722 quatuor
2410 3645 2703 3724 inprimis

439 3731 646 3791 orbem
689 3738 991 3788 terrarum
1031 3729 1490 3804 circumfluunt,
1573 3730 1850 3789 Oceanus
1886 3752 2046 3790 unus
2099 3731 2165 3789 iu
2206 3730 2436 3789 extima
2484 3742 2702 3811 parte3

437 3815 584 3876 huic
627 3837 702 3876 ex
739 3815 993 3874 adverso
1030 3816 1335 3888 Acheron,
1381 3816 1486 3893 qui
1527 3815 1589 3873 in
1637 3816 1919 3894 paludem
1956 3815 2345 3876 Acherusiam
2389 3815 2701 3887 defertur,

436 3902 712 3981 interque
754 3901 875 3961 duo
917 3901 1049 3959 illos
1083 3900 1380 3960 interfluit
1418 3902 1953 3980 Pyriphlegethon,
2009 3902 2111 3980 qui
2139 3901 2425 3982 paludem
2455 3903 2696 3981 igneam

437 4006 708 4047 emensus
758 3997 896 4066 post
940 3986 1160 4045 multos
1213 3986 1438 4062 flexus»,
1521 3987 1627 4045 ubi
1676 3986 2063 4047 Acherusiam
2116 3987 2402 4066 paludem
2455 3998 2523 4048 et
2564 3989 2699 4068 ipse

437 4074 679 4148 ambiit,
749 4074 906 4132 infra
956 4073 1276 4131 Tartarum
1326 4072 1696 4150 demittitur5
1764 4082 1827 4132 et
1863 4075 2049 4144 alter,
2106 4072 2251 4133 huic
2305 4093 2384 4132 ex
2427 4075 2695 4134 advene

435 4158 660 4234 fluens,
709 4159 984 4237 Cotylae,
1028 4158 1131 4233 qui
1158 4158 1417 4237 primum
1445 4160 1507 4216 in
1540 4159 1802 4237 Stygiam
1829 4159 2110 4239 paludem
2142 4159 2441 4237 ingressus
2460 4205 2479 4235 ,
2521 4181 2693 4225 mox,

435 4245 541 4302 ubi
572 4253 712 4325 post
734 4245 954 4303 multos
981 4244 1178 4303 flexus
1220 4241 1296 4304 ad
1323 4241 1711 4303 Acherusiam
1753 4245 2034 4324 paludem
2061 4245 2375 4324 pervenit,
2424 4245 2593 4305 hanc
2630 4257 2693 4303 et

432 4329 560 4406 ipse
609 4330 798 4389 ambit
828 4340 890 4388 et
922 4330 989 4389 in
1031 4330 1352 4390 Tartarum
1393 4347 1455 4387 se
1496 4331 1868 4409 praecipitat.
1964 4331 2059 4389 Ita
2095 4330 2437 4390 Acherusia
2470 4333 2689 4410 palu«,

435 4433 615 4491 quam
638 4413 917 4477 Acheron
943 4415 1111 4492 facit,
1156 4415 1238 4474 in.
1261 4414 1459 4475 medio
1503 4425 1624 4493 est,
1663 4416 1725 4475 in
1767 4434 1944 4495 quam
1984 4415 2147 4496 impii
2184 4416 2582 4489 deseruntur,
2627 4426 2685 4473 et
