2882 5028
415 368 567 443 768

903 365 985 439 P.
1042 362 1569 440 VIRGILII
1616 363 2169 442 MARONIS

416 550 859 631 Nereidum
887 549 1338 651 Phorcique
1360 548 1653 625 chorus
1669 555 2203 654 Panopeaque
2225 553 2486 650 virgo;
2525 559 2675 633 240

416 660 521 734 Et
542 669 771 756 pater
801 655 967 755 ipse
997 678 1246 729 manu
1285 676 1570 751 magna
1602 659 2005 731 Portunus
2041 669 2368 732 euntem

420 764 512 838 ln
573 758 749 836 ulitz
801 757 934 833 illa
961 770 1161 832 noto
1205 758 1429 834 citius
1461 756 1934 859 volucrique
1965 761 2236 857 sagitta
2337 838 2338 843 ,

419 786 570 940 AX
575 877 871 940 terram
912 858 1147 960 sugit,
1202 874 1284 936 et
1319 874 1562 963 portu
1589 886 1676 938 se
1711 862 2071 939 condidit
2100 862 2276 941 alto.

556 1051 664 1108 240
698 1056 895 1127 Spore-1⁸
929 1073 997 1106 ue
1032 1055 1184 1106 Rom.
1253 1050 1495 1120 vestigia
1531 1051 1710 1118 graeci
1744 1068 1923 1106 versus
1957 1055 2201 1107 subsunt:
2252 1052 2504 1121 Νηρῆος
2539 1048 2685 1119 Φόρ-

419 1138 525 1175 κου
559 1139 620 1176 τε
653 1120 825 1191 χορὸς
920 1117 1163 1176 avonem?
1197 1138 1256 1175 ts
1290 1119 1469 1189 κούρη

1488 1138 1505 1182 ,·
1546 1122 1640 1172 sed
1677 1121 1848 1176 Nerei
1880 1125 2048 1175 tribus
2083 1123 2299 1193 syllabis
2346 1122 2534 1173 dicere
2584 1138 2685 1173 non

420 1203 666 1261 poterat:
716 1204 768 1245 at
816 1201 940 1244 sunt
988 1193 1054 1246 N
1085 1190 1301 1260 ρεΐδες,
1354 1202 1416 1243 ut
1465 1188 1770 1258 Νηρηΐδες.
1841 1197 2129 1276 Panope-ia
2177 1196 2336 1263 virgo
2386 1202 2504 1243 tres
2552 1193 2690 1255 apud

421 1264 591 1314 Burm.
630 1280 743 1314 cum
776 1262 915 1314 binis
951 1264 1060 1314 Got
1101 1298 1149 1325 .‚

1185 1279 1285 1314 nec
1318 1261 1472 1312 male.
1510 1264 1634 1329 (nou
1672 1260 1795 1314 licet
1829 1263 1884 1314 iu
1920 1264 2216 1314 huiusmodi
2261 1260 2466 1330 triplici
2524 1276 2689 1314 συνα·

418 1331 679 1401 θρωσμῷ
715 1333 963 1387 omittere
996 1332 1267 1401 copulam;
1304 1342 1360 1381 et
1393 1330 1500 1381 vid.
1538 1332 1603 1393 Q.
1642 1332 1706 1384 V.
1749 1334 2010 1398 xxxin,
2045 1336 2095 1388 6.
2146 1341 2201 1382 et
2247 1333 2298 1386 8.
2353 1330 2504 1397 Wr.)
2557 1333 2688 1382 cons.

420 1419 535 1471 sup.
571 1404 768 1483 Geor-g.
799 1403 841 1468 1,
873 1400 995 1483 487.
1066 1401 1305 1452 Ceterum
1350 1400 1474 1451 vide
1522 1403 1982 1518 anPopportunius
2020 1400 2337 1484 distinguas:
2385 1419 2624 1482 eumque
2654 1404 2690 1452 i.

420 1467 589 1592 Σοί).
611 1472 828 1612 mr.
845 1472 2087 1611 ⁰1:252&{uzit’‚5.“};.„.‘{3?¹’‘s‘}{“i.;i‘'
2115 1490 2189 1595 1‘133
2235 1474 2288 1602 1³,
2288 1482 2314 1520 ³
2329 1482 2460 1592 12²1?
2459 1489 2692 1608 ‘21:35

422 1610 580 1674 tholi,
615 1610 781 1662 simul
812 1624 866 1662 et
908 1612 1101 1663 Triton
1136 1610 1405 1671 adnixus,
1444 1621 1606 1659 acuto
1643 1611 1965 1662 Detrudunt
1997 1628 2168 1662 naves
2200 1609 2446 1680 scopulo.
2510 1609 2690 1677 (longe

422 1688 660 1751 praestat
702 1680 931 1750 vulgaris
975 1678 1361 1761 interpuncti03
1425 1678 1502 1729 sic
1565 1678 1701 1730 enim
1750 1680 1926 1733 solent
1972 1680 2076 1731 tria
2122 1677 2330 1729 nomina
2381 1695 2490 1729 uno
2544 1696 2690 1729 verso

422 1748 803 1818 comprehensa
837 1750 890 1801 in
927 1767 1080 1800 unam
1117 1749 1258 1815 mugi
1309 1746 1656 1813 sententiam,
1703 1760 1762 1799 ut
1796 1767 1952 1817 supra
1983 1751 2024 1811 1,
2061 1750 2181 1803 510.
2217 1749 2280 1811 11,
2317 1746 2440 1801 744.
2477 1749 2576 1811 IV,
2610 1751 2690 1803 58.

426 1819 544 1873 146.
599 1827 655 1869 et
702 1819 961 1871 sexcentis
1010 1819 1129 1870 aliis
1177 1818 1329 1870 locis.
1387 1817 1531 1883 Wr.)

1672 1818 1773 1872 241
1825 1820 2126 1890 Neptunus
2166 1829 2275 1869 tres
2328 1817 2472 1885 apud
2521 1820 2690 1868 Burin.

422 1905 537 1940 oum
581 1886 711 1951 Era,
755 1906 821 1940 ex
859 1887 1321 1956 interpretatione.
1367 1905 1417 1937 v.
1462 1889 1591 1938 Not.
1663 1889 2003 1939 Portumnus
2051 1887 2144 1938 alii
2202 1884 2461 1938 scribunt.
2537 1889 2690 1939 Male·

421 1956 528 2009 Sed
563 1958 885 2023 Portunus,
919 1968 977 2009 ut
1012 1959 1317 2026 Neptunus3
1367 1956 1525 2006 etiam
1569 1958 1626 2008 V
1620 1969 1854 2009 ercunus
1902 1957 2103 2008 malunt
2149 1973 2301 2024 quam
2348 1957 2689 2008 Vertumnus.

423 2025 650 2076 Videtur
687 2037 858 2078 tamen
894 2026 1062 2079 altera
1097 2043 1213 2079 esse
1266 2025 1561 2094 antiquior,
1614 2025 1778 2078 altera
1827 2026 2040 2078 mollior
2093 2025 2476 2095 pronuntiandi
2537 2027 2689 2080 ratio.

423 2094 654 2147 eundem
687 2095 773 2149 ed.
808 2099 942 2149 Ven.

424 2252 727 2332 liquidusn
754 2253 820 2312 in
849 2274 1041 2333 aqua,
1069 2254 1306 2329 Ιιιιηιον,
1336 2255 1503 2332 fons.

423 2337 570 2401 240.
614 2338 924 2397 Phor-cum
955 2333 1225 2418 (Φόρκυς
1256 2349 1315 2399 et
1340 2335 1512 2420 Φόρ-

423 2425 559 2499 κυς)
604 2423 781 2482 Ponti
811 2433 872 2483 et
902 2425 1123 2484 Terrae
1169 2426 1212 2485 s.
1262 2423 1349 2502 (v,
1385 2425 1512 2485 He-

424 2507 575 2569 siod.
606 2507 826 2589 Theog.
856 2514 1001 2577 287.
1040 2511 1318 2593 Apollod.
1360 2514 1406 2587 1,
1450 2516 1512 2588 2,

425 2593 514 2677 6),
556 2596 729 2656 Nerei
758 2597 1006 2657 fratrem
1029 2642 1045 2673 ,
1106 2599 1371 2677 posuisse
1410 2599 1514 2659 vi-

426 2681 610 2741 detur
645 2692 857 2762 poeta,
900 2703 1036 2742 cum
1079 2684 1322 2743 omnino
1365 2685 1515 2744 deus

423 2769 694 2827 marinus
737 2776 892 2827 esset
921 2768 1359 2843 nominandus,
1416 2769 1516 2828 cui

425 2855 694 2915 subesset
732 2853 985 2914 deorum
1021 2855 1392 2915 marinorum
1444 2875 1514 2915 ac

427 2940 747 3001 Tritonum
790 2939 1016 3000 chorus
1056 2950 1117 3000 et
1165 2961 1391 3020 agmen.
1439 2942 1513 3001 cs.

423 3025 530 3086 ins.
589 3030 734 3091 823.
792 3025 937 3091 824.
1024 3028 1277 3086 Numen
1336 3030 1517 3104 aquis

424 3111 750 3170 secundum
774 3111 1150 3190 Phorcynem
1178 3122 1361 3173 vocat
1386 3114 1514 3172 Lu-

426 3217 559 3258 can.
592 3198 698 3272 IX,
730 3198 874 3262 646.
921 3200 1224 3275 Panopen
1251 3198 1349 3259 vel
1367 3202 1513 3258 Pa-

424 3303 684 3362 nopeam
716 3280 818 3363 (cf.
843 3283 871 3342 1
894 3284 1106 3362 Georg.
1124 3282 1297 3366 437),
1325 3304 1513 3344 unam

426 3387 504 3426 ex
559 3368 911 3427 Nereidibus
969 3368 1237 3444 (Hesiod.
1290 3368 1513 3449 Theog.

426 3452 601 3535 250),
665 3454 960 3533 sigillatim
1027 3455 1230 3535 posuit
1254 3500 1271 3531 ,
1352 3456 1513 3514 sorte

426 3547 732 3617 tamquam
788 3559 865 3599 ex
919 3540 1256 3620 praecipuis
1307 3561 1511 3617 unam,

426 3633 500 3684 ut
525 3645 654 3704 sup.
681 3625 726 3699 1,
758 3624 879 3689 144
922 3626 1300 3705 Cymothoen.
1350 3630 1510 3686 Por-

425 3723 638 3770 tunum
665 3711 817 3769 bene
843 3721 1139 3772 memorat
1158 3757 1174 3786 ,
1207 3722 1510 3791 tamquam

425 3804 606 3877 poeta
638 3797 975 3873 Romanus,
1019 3799 1119 3876 qui
1154 3799 1393 3858 Graecis
1420 3808 1513 3858 est

425 3882 774 3959 Palaemon,
820 3883 961 3942 olim
986 3883 1308 3944 Melicerta.
1368 3885 1515 3944 Erat

425 3970 612 4029 Inous·
643 3970 982 4027 Melicertes
1027 3970 1240 4047 Georg.
1276 3971 1319 4046 I,
1365 3970 1511 4037 437.

428 4075 487 4114 v.
526 4054 747 4134 Hygia.
786 4054 830 4113 s.
876 4058 936 4117 2.
981 4054 1158 4113 Ovid.
1204 4055 1364 4114 Fast.
1412 4057 1512 4132 VI,

427 4138 572 4205 547.
618 4142 767 4200 Cum
800 4140 966 4199 clave
1008 4158 1143 4199 eum
1188 4142 1367 4200 fuisse
1401 4161 1516 4202 ex-

424 4224 686 4287 hibitum
728 4228 945 4305 legitur
985 4227 1149 4305 apud
1174 4227 1418 4287 Festum
1451 4230 1513 4287 in

425 4314 739 4388 claudere,
786 4321 849 4371 et
887 4312 951 4371 in
990 4313 1181 4392 glossa
1219 4315 1387 4375 Serv.
1434 4314 1515 4374 ad

426 4398 638 4477 Georg.
666 4399 712 4474 1,
743 4399 871 4464 437
884 4419 903 4477 ;
938 4398 1152 4460 dubito
1179 4408 1403 4478 tamen,
1433 4419 1511 4459 an

1593 2256 1807 2313 clavus
1840 2254 2042 2334 potius
2069 2254 2133 2313 in
2162 2253 2288 2313 eius
2322 2274 2516 2314 manu
2564 2256 2694 2314 sue-

1596 2341 1692 2399 rit.
1772 2340 1922 2400 Cum
1975 2339 2036 2399 h.
2080 2340 2119 2399 l.
2165 2343 2483 2399 Portunus
2521 2356 2697 2418 pater

1600 2424 1798 2485 dictus
1829 2427 1927 2500 sit,
1962 2425 2278 2485 Palaemon
2306 2433 2517 2484 autem
2552 2446 2695 2506 puer

1600 2511 1746 2572 deus
1767 2512 1961 2572 sactus
1988 2521 2293 2587 narretur,
2340 2511 2694 2592 Neptunum

1597 2597 1719 2658 hoc
1775 2599 2014 2659 nomine
2094 2598 2388 2676 designari
2452 2600 2693 2677 putavit

1600 2686 1771 2743 Grot.
1802 2684 1879 2742 ad
1920 2684 2197 2743 Martisn.
2237 2684 2550 2763 Capellam
2595 2685 2688 2744 lib.

1599 2771 1643 2844 1,
1679 2790 1736 2849 p.
1764 2777 1807 2837 2
1831 2779 1893 2829 et
1921 2770 2111 2829 Cerda
2145 2770 2222 2827 ad
2256 2768 2317 2832 h.
2365 2770 2407 2830 l.
2500 2774 2693 2830 Pater

1597 2865 1800 2915 tamen
1828 2876 2143 2915 commune
2168 2856 2422 2914 deorum
2451 2876 2689 2931 nomen,

1598 2941 1778 3000 etiam
1805 2942 1905 3019 qui
1929 2942 2177 3001 iuvenili
2201 2951 2398 3000 aetate
2416 2940 2686 3001 exhiberi

1599 3026 1813 3103 solent,
1835 3037 1912 3088 ut
1937 3028 2225 3086 Bacchus
2245 3041 2448 3104 pater.
2545 3033 2682 3093 241.

1597 3115 1853 3189 Impulit
1886 3135 2142 3171 navem:
2200 3123 2272 3172 ut
2314 3134 2450 3192 sup.
2496 3113 2601 3173 lib.
2641 3113 2681 3187 l,

1604 3197 1742 3260 144.
1788 3201 1910 3264 145
1965 3200 2030 3257 in
2083 3208 2436 3276 tempestate
2509 3218 2682 3257 naves

1599 3282 2000 3344 Troianorum
2056 3284 2317 3362 scopulis
2389 3284 2680 3345 detrude-

1596 3368 1745 3428 bant
1787 3369 2118 3450 Cymothoe
2156 3381 2219 3430 et
2258 3371 2500 3430 Triton.
2585 3372 2683 3430 En

1598 3464 1798 3514 autem
1837 3456 2140 3516 Portunus
2177 3457 2340 3516 inter
2378 3455 2528 3516 deos
2569 3475 2681 3519 6·-

1596 3546 1782 3621 τῆρας
1809 3551 2148 3601 nautarum.
2173 3563 2230 3601 v.
2258 3541 2454 3623 Orph.
2483 3542 2564 3602 Η.
2587 3541 2681 3620 ⁴74,

1598 3631 1807 3691 6-8-
1880 3649 2072 3686 manu
2123 3649 2394 3706 magna,
2459 3626 2682 3707 signifi-

1597 3722 1803 3774 canter
1839 3713 1901 3773 in
1948 3714 2224 3790 numine3
2279 3723 2341 3772 et
2384 3734 2682 3774 memora·

1594 3799 1729 3857 bilis
1753 3799 2010 3858 effectio:
2056 3801 2170 3858 illa
2198 3812 2335 3859 noto
2363 3803 2570 3859 citius.
2605 3830 2683 3846 -

1595 3884 1853 3945 Ductum
1898 3895 2104 3945 autem
2158 3883 2519 3966 phantasma
2573 3885 2684 3944 hoc

1597 3990 1671 4028 ex
1699 3970 2164 4048 Argonauticis,·
2187 3972 2252 4032 iu
2280 3973 2502 4049 quibus
2529 3971 2682 4048 Argo

1595 4056 1820 4115 eodem'
1846 4077 2011 4116 more
2054 4056 2444 4136 scopulorum
2482 4059 2680 4115 anfi-a·

1598 4143 1795 4201 ctibus
1827 4143 2149 4224 expeditur
2173 4143 2358 4201 modo
2401 4144 2465 4201 in
2509 4143 2681 4202 Plan-

1598 4228 1739 4303 ctis,
1787 4250 1847 4288 v,
1873 4250 1923 4289 c.
1955 4227 2231 4308 Apollon.
2268 4229 2368 4304 lv,
2402 4233 2532 4293 930
2558 4247 2676 4304 *qq-

1598 4312 1866 4374 Thetidis
1951 4323 2011 4373 et
2089 4314 2412 4374 Nereidum
2485 4333 2675 4390 opera,

1599 4400 1781 4460 modo
1809 4401 1869 4460 in
1896 4400 2388 4482 Symplegadibus
2412 4399 2473 4459 in
2489 4400 2673 4458 Ponto
