2882 5028
671 312 859 384 An
963 309 1615 386 LIBRUM
1718 309 1854 385 111
2248 269 2471 394 565‘

188 497 348 576 nique
385 518 547 559 saera
585 499 833 560 faciunt.
922 498 1150 560 Similia
1188 520 1439 581 prorsus
1476 499 1747 563 invenies
1789 500 1953 582 apud
1982 500 2223 583 Dionys.
2260 503 2397 567 Hal.

186 585 226 659 1,
262 581 355 660 51,
395 586 497 663 qui
522 594 584 644 et
624 584 775 645 haec
814 584 1030 663 habet,
1074 586 1140 646 in
1168 585 1314 646 locis
1345 586 1440 647 his
1472 585 1719 664 Italiae,
1771 607 1924 666 quae
1967 586 2195 647 Aeneas
2220 607 2399 669 prae-

184 669 635 750 ter-navigaverat
648 715 667 749 ,
727 671 1018 731 adventu-s
1055 676 1155 731 sui
1191 673 1384 732 nuclea
1431 693 1569 730 eum
1608 675 1917 753 reliquisse
1960 675 2222 752 vestigia
2261 697 2399 735 cum

185 755 299 814 alia
331 767 452 814 tum
481 760 664 816 etiam
682 756 971 836 phialam
1001 777 1242 817 aeream
1272 761 1338 817 in
1359 757 1580 835 templo
1606 760 1857 818 Iunonis
1884 760 2096 817 litteris
2130 763 2398 840 amiqu‘is

185 841 396 899 Aeneae
428 863 640 901 nomen
660 886 678 917 ‚
731 845 839 923 qus·
876 843 1025 901 deae
1067 842 1325 902 donarat
1345 888 1364 920 ,
1412 844 1838 904 declarantem.
1928 844 2242 924 Templum
2277 843 2398 906 hoc

185 925 405 985 lunone
443 930 742 986 Laciniae
784 935 875 987 est
913 927 1072 992 infra
1113 929 1452 991 Crotonem.
1537 928 1683 988 Fuit
1721 937 1783 988 et
1824 928 1889 989 iu
1926 926 2021 987 his
2062 929 2209 990 locis
2247 929 2397 991 Sim

183 1009 302 1070 olim
325 1011 464 1071 urbs
485 1013 885 1074 Troianorum
920 1012 1154 1072 colonia
1192 1014 1441 1092 credits,
1480 1033 1627 1073 mox
1656 1014 2135 1074 Heracleensium
2165 1017 2395 1094 navale,

182 1095 233 1156 in
266 1116 375 1174 qua
415 1098 748 1158 Palladium
784 1099 1031 1158 iliacum
1075 1098 1420 1161 dedicatum
1455 1099 1766 1180 indigenae
1791 1100 2224 1161 monstrabant.
2264 1101 2389 1162 vid.

180 1182 368 1243 Strabo
391 1183 490 1244 lib.
515 1185 616 1262 vl,
659 1205 720 1265 p.
751 1187 880 1251 264
912 1183 985 1245 A.

322 1270 585 1329 Tandem
608 1270 675 1330 in
699 1271 975 1330 &biliam
1003 1270 1366 1350 perveniunt
1394 1270 1640 1332 Troiani
1665 1280 1726 1331 et
1747 1270 1825 1332 ad
1854 1274 2149 1349 Drepana
2183 1288 2392 1332 escen-

179 1371 288 1415 sum
311 1354 552 1418 faciunt.
640 1356 761 1417 Sed
804 1355 882 1416 de
911 1354 1010 1415 his
1036 1355 1153 1416 alio
1181 1356 1462 1417 Excursu
1491 1366 1701 1440 agetur
1729 1358 1808 1417 ad
1828 1357 1931 1420 lib.
1956 1354 2031 1421 V.

1037 1621 1449 1633 -—————

744 1809 1592 1903 EXCURSUS
1688 1809 1785 1897 11

472 1963 613 2032 De
678 1965 1182 2034 Etr-orum
1236 1966 1654 2033 Aeneae
1722 1960 2055 2029 annis.

309 2115 404 2196 111,
447 2123 489 2185 8
539 2125 615 2184 V
604 2124 672 2181 ix
716 2125 924 2201 prima
967 2124 1269 2201 inceperat
1320 2133 1525 2181 aestas
1565 2120 1649 2180 Ec
1687 2131 1870 2198 pater·
1901 2117 2195 2177 :bachin-⁹
2241 2117 2386 2177 dare

158 2195 292 2272 satis
336 2206 470 2264 vela
515 2207 779 2267 iubebat.
887 2208 1011 2268 Etsi
1051 2208 1116 2267 in
1154 2216 1333 2289 poeta
1377 2216 1720 2286 temporum
1772 2203 2033 2264 rationes
2088 2202 2385 2263 subtiliter

165 2285 367 2364 uigere
402 2291 557 2352 vene
607 2291 1028 2372 importunum
1076 2294 1265 2368 foret,
1307 2291 1503 2352 multo
1540 2290 1755 2369 magis,
1810 2289 1857 2348 si
1891 2289 2070 2348 tacite
2106 2307 2175 2346 ea
2205 2289 2384 2369 p'rae-

161 2376 332 2433 tereat
359 2385 466 2437 aut
498 2378 704 2439 minus
746 2377 994 2439 definite
1037 2387 1302 2459 apponat
1325 2377 1451 2458 ipse
1475 2385 1683 2457 poeta:
1726 2373 1775 2432 si
1805 2383 2005 2433 tamen
2042 2382 2383 2455 temporum

162 2461 449 2521 momentis
478 2464 578 2525 vel
624 2464 968 2526 cardinibus
1011 2483 1288 2546 expresse
1325 2462 1572 2523 adiectis
1603 2458 1779 2521 semel
1822 2459 2086 2521 animum
2126 2457 2208 2519 ad
2233 2457 2384 2520 haec

161 2547 533 2628 converterit,
578 2570 660 2610 ne
689 2560 915 2611 temere
942 2550 1007 2611 id
1051 2551 1254 2610 secisse
1297 2548 1610 2622 videatur,
1650 2547 1762 2626 ipsi
1803 2545 2009 2623 utique
2046 2545 2383 2605 curandum

160 2637 233 2687 est
256 2630 706 2713 diligentissime.
790 2637 910 2696 Sed
939 2635 1128 2696 habet
1171 2637 1351 2696 etiam
1385 2635 1467 2694 ad
1496 2633 1685 2692 multa
1709 2629 1987 2690 Aeneidis
2024 2630 2157 2690 loca
2184 2629 2383 2710 inpri-

161 2713 359 2795 misque
414 2718 599 2782 huius
654 2722 793 2782 libri
845 2720 1207 2782 declaranda
1269 2739 1542 2800 magnam
1591 2716 1915 2779 utilitatem
1933 2758 1952 2792 ,
2005 2726 2081 2775 ut
2149 2734 2382 2775 errores

161 2797 360 2863 Aeneae
399 2806 468 2865 in
519 2828 714 2868 annos
756 2828 894 2868 suos
946 2806 1249 2888 dispertiri
1287 2805 1474 2886 possis
1490 2848 1509 2880 ,
1578 2813 1642 2863 et
1690 2800 2002 2862 doctrinae
2051 2800 2380 2878 exquisitae

157 2887 599 2972 prudentiaeque
643 2893 877 2974 Virgilii
915 2914 1056 2974 pars
1101 2912 1227 2953 non
1256 2890 1471 2969 exigua
1503 2908 1573 2948 ea
1597 2908 1665 2949 re
1708 2889 2068 2947 continetur.
2152 2884 2381 2945 Pendet

158 2981 331 3034 autem
359 2985 494 3038 tota
531 2979 661 3040 sere
702 2998 1001 3041 annorum
1037 2978 1195 3039 ratio
1238 2996 1315 3036 ex
1358 2976 1464 3035 illo
1504 2993 1686 3035 versu
1732 2972 1836 3033 lib.
1877 2971 1924 3048 1,
1966 2972 2092 3038 755
2121 2972 2297 3030 Nam
2324 2982 2379 3031 te

157 3057 267 3116 iam
303 3068 558 3141 septima
583 3078 793 3143 portat
843 3063 1133 3124 Omnibus
1178 3074 1469 3122 mantem
1512 3063 1678 3119 ten-is
1715 3079 1793 3117 ae
1806 3055 2106 3138 fluctibus
2148 3068 2371 3132 aestas,

157 3147 268 3202 lum
289 3164 363 3207 ex
396 3149 471 3210 iis
511 3150 716 3213 verbis
731 3196 750 3228 ,
793 3170 946 3229 quae
986 3168 1170 3231 supra
1205 3145 1654 3228 adscripsimus,
1698 3142 1798 3221 111,
1840 3146 1900 3220 8,
1944 3161 2065 3221 quo
2105 3149 2376 3221 tempore

159 3224 352 3291 Aeneas
375 3234 700 3297 Antandro
744 3234 1006 3298 solverit.
1090 3232 1331 3294 Scilicet

451 3341 506 3382 a.
551 3321 619 3382 C.
661 3321 733 3382 N.
1556 3314 1850 3377 Eri-orum
1890 3312 2120 3372 Aeneae

512 3409 684 3474 1184
1054 3404 1235 3465 Troia
1273 3412 1452 3483 capta
1780 3418 1833 3459 a.
1881 3403 1914 3462 1

158 3481 246 3547 Ezt
277 3488 326 3549 is
362 3511 395 3551 e
428 3492 673 3573 vulgari
718 3490 1111 3571 computandi
1164 3489 1399 3550 ratione
1437 3508 1491 3546 a.
1530 3484 1613 3545 Μ.
1657 3486 1844 3551 2820.
1883 3482 1947 3542 P.
1994 3480 2035 3541 1.
2085 3481 2373 3547 3530.—

156 3581 272 3631 ante
292 3577 542 3655 primam
574 3579 815 3658 Olymp.
848 3597 901 3636 a.
935 3574 1062 3642 408
1087 3594 1163 3634 ex
1191 3571 1499 3635 Eratosth.
1528 3572 1752 3630 Canon.
1779 3566 1903 3650 (ap.
1926 3565 2172 3626 Diodor.
2204 3566 2249 3642 1,
2283 3564 2370 3647 5.)

155 3663 206 3714 δί
240 3678 420 3722 onnus
471 3662 602 3729 434
650 3683 764 3723 sec.
817 3661 1085 3721 Marmor
1121 3658 1411 3720 Arundel.
1445 3689 1532 3705 —
1574 3653 1818 3716 tandem
1860 3661 2000 3712 ante
2040 3652 2110 3711 U.
2150 3652 2213 3711 C.
2255 3670 2370 3710 an-

154 3760 248 3801 ¹¹¹1⁸
277 3747 414 3812 431.
498 3749 854 3809 Firmamnt
890 3766 1116 3807 annum
1140 3746 1261 3807 viri
1290 3744 1457 3804 docti
1492 3741 1640 3801 adeo
1667 3738 1907 3800 calculis
1931 3737 2369 3797 astronomicis:

154 3827 342 3903 quibus
371 3833 472 3895 vir
502 3835 740 3895 acutiss.
769 3831 979 3893 Gibon
1004 3831 1222 3892 adiecit
1245 3850 1443 3912 nuper
1478 3827 1720 3907 eclipsin
1748 3823 2006 3885 XXVIII
2027 3822 2280 3902 Augusti
2316 3842 2367 3882 a.

154 3921 273 3973 ’ΜΒ
309 3917 369 3978 C·
409 3922 580 3985 1185
634 3920 902 3997 adeoque
936 3938 1131 3995 anno,
1188 3917 1292 3997 qui
1324 3913 1627 3976 excidium
1670 3910 1839 3972 urbis
1878 3908 2226 3990 praecessit,
2272 3907 2369 3967 sa-

153 4004 318 4060 cttm:
370 4023 553 4083 quam
592 4004 915 4083 quaerebat
958 4005 1028 4064 in
1076 4004 1240 4063 caelo
1271 4011 1410 4083 post
1450 3996 1811 4080 Sarpedonis
1849 4003 2106 4056 mortem
2148 3992 2368 4053 obscu-

151 4091 268 4145 rato
294 4087 451 4149 Iliad.
476 4114 543 4165 π,
588 4092 735 4159 567.
819 4090 1033 4151 Troiae
1077 4088 1377 4150 excidium
1415 4086 1617 4166 paullo
1666 4092 1807 4143 ante
1838 4080 2156 4142 solstitium
2183 4078 2365 4137 aesti-
2388 4085 2415 4167 J

150 4185 277 4229 vum
302 4173 601 4252 incidisse,
642 4176 793 4237 miro
821 4195 1114 4236 consensu
1152 4172 1228 4257 (si
1262 4170 1624 4251 Aeschylum
1651 4169 1954 4249 exceperis
1979 4165 2184 4245 Agam.
2218 4163 2363 4258 835.

151 4245 289 4332 ἆμφὶ
341 4255 661 4326 Πλειάδων
701 4258 917 4338 δύσιν,
987 4260 1091 4339 qui
1132 4267 1490 4319 autumnum
1542 4256 1795 4317 inuuere
1849 4249 2117 4330 videtur)
2172 4245 2363 4342 tradit

149 4348 304 4402 vetus
340 4344 589 4405 Graecia
602 4389 619 4423 ‚
657 4366 857 4415 mense
896 4346 1140 4426 quidem
1170 4343 1561 4425 Thargelione
1575 4387 1593 4420 ,
1650 4342 1763 4402 etsi
1798 4340 1865 4400 in
1916 4337 2014 4398 die
2052 4353 2177 4394 non
2216 4338 2361 4390 eatis
