2882 5028
426 349 578 424 404
995 341 1903 418 EXCURSUS
2009 344 2134 419 IV

429 538 696 598 exitium.
785 535 868 593 De
915 534 1131 613 quibus
1178 534 1457 594 omnibus
1492 532 1827 611 Homerus,
1900 555 2013 616 pro
2053 535 2273 594 saeculi
2314 535 2408 595 sui
2450 535 2681 616 simpli-

426 625 638 700 citate,
682 641 898 702 parum
934 621 1261 696 laboravit,
1315 620 1519 679 fabula
1561 620 1725 680 nude
1766 623 2034 702 exposita
2069 621 2287 700 Odyss.
2315 622 2371 696 ὅ,
2397 625 2526 685 272
2554 642 2682 701 sqq.

429 710 512 769 At
548 708 778 788 Virgilii
827 706 1119 768 iudicium
1177 706 1371 766 multo
1416 707 1603 785 magis
1649 707 1976 787 intelligas,
2045 707 2095 766 si
2151 708 2454 781 Quintum
2481 708 2686 772 vCala-

424 796 607 855 brum
658 803 721 852 et
779 794 829 852 T
830 793 1273 873 ryphiodorum
1333 812 1659 874 compares.
1760 795 1843 852 Ut
1892 813 2083 853 unum
2129 812 2688 869 commemoremus,

428 890 632 941 noster
673 901 734 941 v.
768 885 999 946 260—
1011 878 1139 945 264
1183 898 1318 953 eos,
1362 878 1470 956 qui
1510 880 1680 958 Equo
1726 879 2090 956 insederint,
2134 889 2427 940 memorat
2468 901 2690 939 novem

429 965 532 1049 (cf.
578 965 796 1046 Hygia.
841 966 881 1026 f.
930 963 1116 1047 108);
1191 984 1330 1024 cum
1377 964 1679 1024 Homerus
1727 966 2075 1045 simpliciter
2131 962 2356 1039 πάντες
2412 958 2692 1046 ἀριστεῖς

428 1052 693 1113 dixisset.
781 1051 929 1110 Eece
978 1051 1091 1111 tibi
1135 1050 1468 1126 Quintum,
1529 1052 1633 1128 qui
1676 1052 1848 1127 (XII,
1902 1057 2030 1118 310
2073 1050 2226 1151 sqq.)
2275 1051 2353 1110 ad
2397 1054 2687 1129 triginta,

427 1150 490 1200 et
531 1137 1050 1219 Tryphiodorum,
1110 1139 1213 1214 qui
1262 1132 1348 1216 (v.
1401 1136 1523 1199 153
1566 1135 1719 1220 sqq.)
1766 1140 1886 1196 duo
1923 1159 1999 1196 ac
2050 1140 2274 1214 vigiszti
2312 1155 2692 1196 commemo-

424 1235 558 1302 rat3
616 1234 681 1283 at
722 1224 1028 1283 cedrenus
1076 1223 1599 1302 Eist.Compend.
1654 1226 1875 1301 p.131
1927 1224 1973 1282 C
2019 1235 2279 1303 quatuor
2313 1235 2370 1281 et
2418 1225 2691 1301 viginti,-

424 1320 518 1386 et,
587 1312 636 1371 si
677 1311 869 1370 multo
917 1309 1102 1388 magis
1150 1309 1512 1368 insanientes
1554 1308 1765 1368 audire
1803 1308 2005 1384 lubet,
2061 1307 2291 1386 legendi
2341 1309 2562 1367 Tzetza
2605 1308 2697 1368 ad

424 1395 724 1477 Lycophr.
769 1400 896 1462 980
939 1403 1001 1454 et
1041 1393 1316 1455 Eustath.
1332 1379 1441 1452 ‘ad
1484 1393 1699 1474 Odyss.
1742 1398 1795 1468 λ,
1838 1353 2114 1472 91698,
2167 1400 2220 1456 1.
2277 1395 2350 1453 cs.
2406 1394 2696 1457 Fabrett.

425 1483 504 1542 ad
543 1482 690 1542 Tab.
729 1481 888 1541 [liae.
934 1502 993 1562 p.
1038 1485 1184 1545 367.
1228 1489 1288 1538 et
1332 1500 1495 1539 nunc
1536 1481 1745 1540 Iacobs
1790 1479 1868 1537 ad
1911 1478 2282 1540 Posthomer.
2325 1478 2471 1546 642.
2561 1479 2695 1539 Va·—

425 1570 515 1629 rie
571 1569 733 1627 inter
773 1566 888 1626 hos
944 1567 1268 1647 scriptores
1328 1585 1573 1642 eorum,
1648 1567 1752 1645 qui
1808 1567 1979 1644 Equo
2026 1566 2366 1641 latuerunt,
2434 1566 2692 1625 nomina

422 1654 617 1729 tradi,
662 1654 766 1715 vix
808 1672 959 1732 opus
999 1662 1092 1711 est
1133 1670 1395 1711 monere.
1484 1651 1577 1710 Ex
1619 1652 1723 1728 iis,
1778 1672 1928 1730 quos
1975 1653 2254 1731 Virgilius
2295 1651 2398 1710 inf.
2433 1652 2504 1727 11,
2555 1656 2683 1717 261

423 1761 510 1820 sq.
548 1741 791 1820 recitat,
846 1738 1293 1798 Thessandrum
1351 1746 1414 1797 et
1454 1736 1844 1798 Machaonem
1884 1759 2060 1798 nemo
2101 1737 2282 1796 habet
2326 1737 2513 1812 alius,
2573 1737 2692 1796 nisi

422 1827 640 1906 Hygin.
686 1825 803 1885 sab.
859 1829 999 1888 108.
1086 1824 1154 1883 In
1202 1825 1371 1901 Equo
1412 1842 1488 1882 ex
1531 1844 1667 1883 aere
1708 1825 1901 1900 sacto,
1974 1825 2076 1903 qui
2126 1822 2380 1882 Athenis
2425 1823 2492 1882 in
2545 1842 2691 1882 arce

346 1941 353 1948 ·
422 1914 650 1987 stabat,
691 1910 1071 1970 Menestheus
1113 1919 1175 1969 et
1216 1910 1449 1970 Teucer
1488 1930 1629 1968 cum
1664 1909 1881 1969 Thesei
1917 1911 2055 1970 filiis
2103 1908 2590 2015 (Demophoonte
2624 1920 2690 1968 et

423 1996 774 2078 Acamante)
818 2015 895 2054 ex
940 1997 1109 2074 Equo
1151 1994 1627 2076 prospiciebant,
1685 1989 2182 2075 ὑπερκύπτουσιν
2230 1996 2292 2071 ἐξ
2350 1989 2551 2057 αυτοῦ
2592 2016 2689 2074 ap.

421 2086 667 2144 Pausan
696 2084 891 2158 1,23‚
936 2081 1107 2160 p.55
1154 2081 1297 2140 satis
1333 2080 1621 2157 ridicule,
1663 2083 1786 2141 sere
1827 2091 1902 2141 ut
1945 2083 2006 2141 in
2038 2082 2184 2142 Cod.
2228 2081 2419 2141 Vatic.
2465 2080 2694 2179 Quan-

422 2180 555 2231 tum
588 2168 933 2250 ineptierint
975 2168 1134 2226 circa
1170 2166 1336 2226 hunc
1375 2168 1617 2244 Equum
1659 2177 1927 2243 veteres,
1971 2169 2196 2228 scilicet
2233 2167 2380 2227 dum
2424 2168 2691 2227 seriores

419 2265 753 2334 tractatum
800 2275 835 2312 a
888 2253 1299 2333 superioribus
1345 2254 1539 2331 poetis
1595 2263 2014 2332 argumentum
2065 2255 2300 2315 variare
2346 2262 2406 2311 et
2464 2273 2694 2313 ornare

419 2343 735 2416 volebant,
778 2340 986 2400 saltem
1034 2358 1113 2398 ex
1153 2358 1223 2398 eo
1264 2338 1532 2418 colligas,
1576 2339 1743 2416 quod
1789 2340 1952 2422 apud
1998 2341 2276 2400 Servium
2314 2335 2394 2397 ad
2433 2339 2511 2415 ΙΙ,
2568 2343 2692 2405 150

419 2448 700 2489 mensura
743 2428 899 2503 Equi
940 2425 1118 2505 lignei
1158 2424 1462 2500 traditur;
1498 2424 1709 2503 fuisse
1748 2446 1887 2485 eum
1932 2428 2183 2507 longum
2228 2427 2442 2501 CXX,
2488 2427 2693 2485 latum

421 2517 652 2593 XXX,
699 2514 960 2595 pedesne
997 2533 1075 2571 an
1112 2512 1381 2587 cubitos,
1435 2531 1561 2571 non
1604 2510 1927 2573 adiectum.

1337 2744 1754 2753 ——-——-——-—-—-

929 2931 1919 3025 EXCURSUS
2024 2932 2166 3019 IV

1174 3100 1331 3169 De
1436 3104 1920 3171 Sinon-a

587 3268 656 3345 11,
712 3272 813 3336 57.
860 3272 1100 3331 Sinonis
1131 3274 1374 3335 fraudes
1405 3277 1584 3336 etiam
1618 3278 1906 3354 Quintus,
1939 3273 2423 3356 Tryphiodorus,
2455 3274 2681 3353 Dictys,

416 3354 633 3430 Dares,
675 3357 725 3415 T
727 3366 891 3416 zetza
928 3358 1229 3420 Posthom.
1278 3364 1404 3425 680
1447 3384 1534 3441 sq.
1574 3375 1930 3425 memorant.
1977 3363 2193 3422 Datum
2238 3361 2291 3422 ei
2319 3381 2508 3441 genus
2550 3381 2682 3419 ma-

417 3450 655 3500 ternum
708 3464 1027 3504 commune
1084 3466 1219 3506 cum
1284 3447 1526 3526 Ulysse,
1596 3468 1736 3510 nam
1793 3450 1950 3509 filius
2006 3448 2226 3507 Aesimi
2272 3449 2423 3521 fuit,
2491 3466 2682 3526 nepos

415 3527 733 3607 Autolyci,
791 3531 962 3590 cuius
1005 3530 1129 3593 filia
1177 3533 1470 3609 Anticlia,
1526 3555 1679 3611 quae
1729 3536 1993 3615 Ulyssem
2035 3535 2252 3594 edidit:
2313 3531 2520 3593 Schol.
2557 3534 2681 3613 Ι.)-

415 3575 796 3691 coph-3314
830 3624 893 3675 et
921 3618 1089 3677 Serv.
1123 3614 1300 3678 adh.
1342 3619 1381 3677 l.
1473 3620 1772 3681 Videntur
1814 3623 1876 3681 in
1917 3641 2054 3681 eum
2100 3628 2347 3700 poetae,
2393 3618 2502 3697 qui
2543 3620 2681 3679 Ho-

415 3699 666 3758 mericas
713 3698 942 3761 fabulas
985 3716 1318 3778 ornarunt,
1374 3708 1788 3782 transtulisse,
1861 3727 2014 3786 quae
2059 3708 2134 3767 de
2175 3706 2384 3785 Ulysse
2431 3715 2679 3766 narrata

415 3784 629 3863 Odyss.
675 3788 729 3863 ὃ,
797 3786 925 3851 244
969 3809 1116 3868 sqq„
1176 3790 1500 3869 praeivisse
1544 3802 1746 3855 autem
1784 3795 2062 3853 omnibus
2096 3788 2365 3852 Lesches.
2454 3792 2681 3872 Perpe-

414 3890 548 3930 ram
583 3872 741 3930 enim
784 3893 860 3931 ex
886 3874 1176 3937 Pisandro
1225 3877 1474 3936 duxisse
1516 3881 1917 3939 narrationem
1964 3880 2041 3939 de
2083 3879 2308 3940 Sinone
2337 3877 2677 3957 Virgilium,

414 3954 672 4017 tradidit
716 3958 980 4017 Macrob.
1020 3961 1092 4036 V,
1140 3967 1199 4025 2.
1243 3972 1316 4022 ιιι
1355 3983 1541 4043 supra
1584 3966 1702 4024 iam
1752 3966 2029 4025 Excursu
2071 3965 2117 4024 1.
2162 3963 2239 4025 ad
2275 3962 2338 4023 h.
2382 3964 2423 4022 l.
2473 3964 2681 4024 decla-

414 4051 618 4102 ratum
667 4053 771 4102 est.
857 4045 1076 4122 Utique
1120 4047 1318 4107 Iliadis
1361 4069 1589 4128 parvae
1631 4051 1982 4130 particulam
2035 4050 2444 4111 constituebat
2489 4051 2678 4109 Sinon

415 4128 580 4208 apud
620 4128 864 4199 Λ-ΐῑῦῐοι.
901 4131 1064 4192 Poet.
1093 4137 1193 4197 23.
1239 4131 1324 4206 ὥς
1360 4132 1395 4197 ὅ
1434 4135 1674 4217 Λέσχης
1713 4137 1907 4218 φησιν
1946 4138 2120 4197 addit
2168 4138 2387 4196 'l'zetza
2429 4136 2514 4194 ad
2552 4137 2677 4214 Ly-

416 4214 623 4296 cophr.
687 4215 830 4279 344.
915 4219 1011 4276 Ex
1067 4219 1276 4278 eodem
1339 4222 1591 4326 repetita
1652 4244 1747 4282 res
1810 4223 1873 4283 in
1929 4223 2156 4284 Tabula
2216 4223 2393 4282 iliaca
2455 4243 2517 4282 n.
2572 4224 2677 4286 98.

415 4301 597 4380 Apud
651 4302 927 4362 Proclum
978 4303 1040 4362 in
1087 4313 1435 4384 argumento
1497 4299 1686 4371 ’Πίου
1764 4309 2048 4390 πέρσιὸος
2116 4318 2522 4369 memoratur:
2610 4315 2676 4366 ut

415 4394 577 4447 novo
621 4386 737 4448 hoc
776 4399 1129 4468 argumento
1166 4391 1275 4468 sit,
1320 4412 1447 4451 non
1470 4390 1707 4455 Arctini
1744 4415 2017 4491 carmen,
2063 4396 2168 4455 sed
2200 4393 2441 4454 Leschis
2471 4400 2676 4455 extro·
