2882 5028
523 378 675 453 304
1012 374 1089 447 P.
1143 369 1687 446 VIRGILII
1740 366 2297 442 MARONIS

525 558 880 638 Vertitur
910 556 1210 631 interea
1244 555 1558 630 coelum
1579 616 1598 650 ‚
1656 568 1736 630 et
1766 555 1923 630 ruit
1958 578 2261 629 oceano
2291 559 2483 650 Nox,
2617 558 2742 634 250

523 659 947 741 Involvens
990 659 1275 735 umbra
1303 682 1584 756 magna
1620 672 2075 758 terramque
2101 657 2564 758 polumque,

523 763 1285 863 Myrmidonumque
1322 762 1592 854 dolos;
1637 760 1787 837 susi
1822 785 1970 862 per
2003 763 2322 836 moenia
2359 760 2641 835 Teucri

529 868 1049 960 Conticuere3
1094 890 1339 965 sopor
1364 865 1617 940 fessos
1654 863 2183 965 conplectitur
2222 877 2451 950 artuS.

627 976 728 1049 Et
752 972 905 1045 iam
934 971 1212 1068 Argiva
1241 967 1580 1070 phalanx
1610 968 2002 1043 instructis
2035 967 2366 1043 navibus
2401 966 2560 1042 ibat

529 1081 595 1152 A
629 1073 1008 1171 Tenedo,
1061 1072 1336 1148 tacitae
1365 1098 1514 1174 per
1545 1073 1793 1147 amica
1825 1070 2129 1147 silentia
2156 1070 2393 1147 lunae
2611 1068 2739 1148 255

629 1217 782 1294 255
837 1232 1116 1310 mmm,

670 1403 774 1457 253
809 1401 1154 1473 amplectitur
1184 1410 1294 1452 tres
1325 1419 1354 1452 a
1396 1437 1409 1451 .
1438 1402 1608 1452 Bm-m.
1749 1402 1854 1457 254
1885 1404 1963 1454 Aa
2002 1404 2106 1451 iam
2151 1417 2254 1451 sec.
2295 1401 2487 1451 Moret.
2540 1395 2733 1467 falanx,

568 1472 799 1534 halans,
835 1471 971 1523 male
996 1470 1049 1520 in
1076 1469 1247 1521 libris.
1326 1420 1481 1522 iiam
1505 1472 1703 1541 aliquot
1731 1490 1816 1540 ap.
1851 1471 2081 1521 Pieriam
2111 1488 2224 1520 cum
2257 1470 2499 1533 Donato,
2542 1476 2592 1517 et
2622 1483 2734 1532 pro-

523 1493 625 1594 flat
650 1540 913 1592 Heinsius.
984 1540 1182 1609 (placet
1210 1540 1313 1590 hoc
1339 1539 1499 1590 etiam
1530 1542 1713 1591 Cottio
1740 1542 1807 1592 ad
1834 1542 2028 1591 Lucan.
2060 1542 2150 1603 lv,
2175 1540 2325 1599 336.;
2363 1539 2459 1590 sed
2482 1537 2580 1588 vid.
2604 1538 2660 1597 Q.
2684 1535 2735 1583 V.

487 1639 498 1648 ·
528 1613 671 1676 VIII,
703 1608 757 1675 4,
786 1630 831 1662 c.
867 1613 982 1662 Nec
1005 1609 1132 1660 satis
1164 1609 1436 1660 commode
1475 1609 1628 1662 ibant
1669 1610 1735 1661 de
1774 1609 2037 1662 maritimo
2083 1609 2342 1659 exercitus
2377 1608 2570 1660 itinere.
2619 1605 2733 1669 Wr.)

492 1711 493 1714 =
529 1683 636 1736 255
672 1682 839 1732 tacite
865 1680 969 1730 duo
997 1679 1160 1730 Goth.
1233 1678 1452 1747 (sustuli
1496 1698 1695 1731 comma
1735 1680 1790 1731 in
1829 1679 2049 1738 fine„vs.
2090 1679 2357 1748 positum3
2414 1676 2594 1728 rectius
2627 1673 2736 1724 enim

530 1751 663 1803 haec
689 1767 804 1801 cum
831 1747 1078 1801 subiectis
1107 1748 1404 1816 iunguntur.
1452 1752 1532 1802 W
1525 1751 1593 1817 r.)

527 1908 930 1988 quodcunque
1010 1905 1338 1966 coronandi
1406 1926 1609 1985 genus,
1693 1906 1817 1986 plo,
1904 1906 2103 1966 Malim
2138 1908 2318 1985 igitur
2350 1906 2617 1985 phalanx
2651 1920 2733 1958 ae-

530 1995 711 2053 etiam
758 1993 1142 2053 victimarum
1182 1992 1282 2051 vel
1325 1993 1609 2051 sacerdo-
1702 1991 1819 2070 cipi
1845 2012 1957 2070 pro
2001 1996 2322 2067 exetrilus,
2393 2012 2633 2069 agmen,
2680 1993 2732 2044 ut

534 2089 701 2154 tum,
777 2078 1113 2158 supplicum
1159 2096 1428 2155 quoque,
1486 2079 1610 2137 sola
1695 2077 1794 2153 VI,
1827 2076 1971 2142 489.
2016 2079 2396 2139 Constructio
2417 2083 2499 2146 esre
2524 2071 2733 2134 navibus

533 2184 758 2224 corona
784 2165 880 2223 vel
910 2164 1101 2221 infula
1133 2184 1202 2221 ac
1237 2163 1410 2223 vitta.
1696 2172 1786 2221 est
1811 2162 2068 2242 legitima
2087 2208 2103 2238 ,
2134 2173 2207 2224 ut
2230 2178 2358 2227 rate
2382 2167 2567 2223 venti-e
2591 2155 2731 2217 ovid.

616 2250 999 2315 250-253.
1064 2246 1139 2308 V
1127 2250 1330 2307 ertitur
1363 2249 1610 2308 coelum.
1695 2249 1855 2309 Fast.
1894 2250 1940 2325 I,
1975 2254 2118 2314 233.
2148 2259 2218 2307 *et
2247 2250 2553 2329 proficisci
2585 2245 2732 2304 navi·-

530 2337 907 2396 Circumscto
955 2334 1118 2392 coelo
1162 2331 1272 2414 (ad,
1296 2334 1610 2394 oculorum
1696 2334 1806 2393 lms
1845 2335 1973 2394 Liv.
2010 2336 2203 2410 XXV,
2247 2341 2352 2403 27.
2396 2330 2606 2413 chlz.)
2656 2341 2732 2385 ta·

531 2420 805 2481 fraudem
828 2419 1052 2479 iudicio
1079 2420 1260 2494 sacto,
1302 2419 1470 2499 quasi
1493 2420 1614 2479 hoc
1696 2423 1851 2479 citae
1885 2442 2004 2498 per
2038 2423 2243 2482 amica
2279 2424 2516 2481 silentia
2557 2420 2733 2475 Lunae

531 2508 774 2588 singulis
804 2506 1083 2566 noctibus
1107 2505 1243 2566 fiat:
1284 2527 1344 2566 v.
1363 2507 1612 2566 Excurs.
1700 2516 1911 2566 ornate
1933 2526 2045 2585 pro
2082 2517 2285 2567 noctu.
2377 2507 2614 2566 Silentia
2645 2520 2732 2558 no-

531 2594 585 2654 11
629 2592 709 2652 sd
752 2592 917 2652 hunc
957 2592 1223 2668 librum).
1316 2593 1619 2668 (Vertitur
1699 2596 1809 2651 ctis
1848 2612 2020 2674 saepe
2071 2593 2233 2673 apud
2276 2603 2515 2673 poetas3
2565 2586 2731 2647 eadem

533 2682 756 2738 interea
795 2679 1030 2737 caelum
1049 2722 1065 2751 ,
1132 2678 1468 2737 Ennianum
1499 2678 1613 2737 he-
1698 2680 1887 2736 tacita
1907 2724 1925 2753 ,
1972 2680 2150 2737 silens
2171 2724 2187 2754 ,
2217 2684 2534 2738 taciturna.
2596 2672 2732 2732 Nunc

534 2762 929 2839 mistichium3
972 2763 1095 2822 vid.
1136 2763 1398 2824 Mam-ob.
1422 2764 1523 2839 vl,
1557 2770 1612 2828 1.
1697 2763 1973 2841 Virgilius
2050 2766 2294 2824 silentia
2377 2764 2454 2823 ad
2529 2764 2734 2821 Lunam

532 2850 710 2910 Ennii
734 2850 1027 2928 Fragmm.
1051 2848 1144 2908 ed.
1178 2849 1401 2909 Hessel.
1435 2871 1494 2929 p.
1513 2848 1612 2914 64.
1693 2848 2046 2929 transtulit3
2117 2850 2285 2928 quod
2348 2849 2525 2929 magis
2591 2844 2734 2904 etiam

542 2938 648 2997 W
637 2934 708 3015 r.)
766 2939 883 2993 νιιίι
923 2934 1213 3013 exquisite
1266 2956 1378 3015 pro
1427 2935 1613 3007 venit,
1696 2935 2031 3015 poeticum3
2076 2956 2333 3014 cumque
2365 2936 2590 2996 silemizz
2626 2931 2734 2987 Lu·

533 3021 741 3100 surgit.
843 3019 1054 3078 umbra
1097 3041 1360 3099 magna,
1424 3042 1483 3079 v.
1536 3020 1616 3078 ad
1697 3041 1815 3079 nae
1846 3040 1957 3099 per
1981 3040 2040 3078 se
2077 3021 2193 3081 dici
2222 3033 2389 3083 recte
2412 3019 2622 3102 possint
2645 3030 2733 3093 pro

532 3108 745 3184 Georg.
762 3104 834 3178 11,
855 3108 997 3168 338.
1023 3103 1114 3185 (et
1138 3106 1214 3178 Q.
1248 3107 1317 3165 V.
1332 3104 1615 3181 XXXIII,
1700 3118 1900 3184 nocte,
1945 3105 2070 3164 sive
2094 3109 2264 3166 Luna
2290 3110 2509 3188 fulgeat
2532 3104 2641 3162 sive
2663 3099 2736 3156 la-

532 3195 595 3254 8.
617 3199 775 3249 extr.
806 3191 911 3249 W
900 3187 980 3270 r.)
1021 3191 1477 3267 Myrmidonum
1504 3192 1581 3249 do
1698 3199 1827 3250 teat
1844 3213 1861 3268 3
1908 3188 2295 3272 (quamquam
2336 3192 2558 3254 latentis
2587 3187 2736 3245 lunae

533 3278 647 3350 Ios,
677 3295 857 3353 quam
884 3272 1185 3351 ingeniose
1225 3275 1523 3335 adiectum
1556 3285 1617 3334 et
1699 3297 1918 3336 nomen
1946 3298 2058 3357 pro
2085 3290 2260 3340 nocte
2288 3281 2448 3361 apud
2472 3270 2734 3350 Virgilium

323 3374 334 3384 ·
446 3404 449 3411 ,
532 3379 678 3421 vere
693 3360 923 3419 tamen!
949 3381 1062 3437 per
1092 3365 1329 3423 moenia
1345 3383 1511 3433 nunc
1527 3373 1616 3420 est
1700 3363 1942 3441 quidem
1982 3362 2101 3422 dici
2144 3386 2265 3424 non
2304 3363 2543 3426 memini.
2588 3355 2680 3417 W
2670 3348 2732 3431 r·)

532 3464 643 3527 per
656 3446 866 3504 urbem
900 3444 1167 3524 dispersi.
1211 3468 1390 3525 sopor
1404 3448 1611 3526 fessos
1695 3458 1876 3529 poeta
1919 3458 2122 3509 tamen
2177 3471 2363 3513 versu
2419 3450 2536 3516 340
2578 3435 2739 3500 obtati·

533 3532 943 3610 complectitur
987 3545 1173 3595 artus.
1247 3534 1380 3592 Non
1408 3555 1613 3593 mora-
1685 3556 1804 3612 per
1825 3537 2074 3595 Lunam
2095 3580 2113 3611 ,
2160 3539 2304 3596 satis
2333 3538 2633 3598 declarasse
2654 3522 2734 3584 Vi*

532 3627 639 3677 tur
713 3626 890 3696 poeta
962 3617 1027 3675 in
1099 3619 1616 3679 comissationibus
1703 3619 1911 3695 detur,
1989 3640 2051 3679 se
2102 3623 2315 3682 lunam
2367 3642 2495 3682 cum
2540 3613 2733 3678 ratione

534 3703 931 3762 Troianorum
952 3747 968 3777 ,
1013 3723 1160 3781 quas
1201 3705 1456 3784 adtingit
1479 3714 1619 3765 tan·
1703 3705 1970 3785 posuisse
1991 3750 2009 3782 ,
2073 3710 2357 3788 adoptata
2397 3724 2591 3766 eorum
2629 3693 2733 3775 0P3‘

531 3797 666 3848 tum
710 3809 770 3848 v·
820 3789 966 3853 265.
1051 3790 1135 3848 At
1183 3791 1322 3851 vide
1372 3792 1622 3873 ineptias
1705 3792 1915 3865 nione,
1988 3793 2091 3869 qui
2156 3795 2397 3854 Troiam
2452 3781 2732 3874 plenilunio

536 3873 753 3947 Quinti
785 3872 906 3931 Cal.
937 3873 1081 3933 XIII
1107 3896 1201 3955 pr.
1705 3877 1965 3936 excisam
1988 3879 2383 3939 tradiderant.
2411 3900 2467 3937 v,
2500 3868 2675 3935 laudd.
2707 3882 2730 3919 a

618 3958 762 4023 254.
785 3958 929 4025 255.
977 3960 1275 4018 Phalanx
1301 3960 1476 4020 docte
1504 3981 1617 4040 pro
1703 3962 2083 4041 Bai-manno,
2161 3966 2425 4048 inprimis
2465 3979 2599 4021 vero
2630 3953 2728 4011 Vel·
2825 3966 2826 3973 ’

533 4043 733 4102 classe.
824 4038 982 4123 (Non
1027 4064 1382 4125 magnopere
1424 4048 1619 4127 placet
1703 4047 1902 4108 Schol.
1929 4051 2283 4130 Euripideae
2310 4049 2526 4111 Hecub.
2554 4045 2661 4109 913
2688 4043 2730 4093 0¹
2825 4032 2826 4053 ¹

529 4127 823 4211 pedestris
860 4128 1170 4190 iunctura:
1230 4130 1458 4207 classis,
1502 4153 1617 4191 na·-
1700 4134 1940 4194 Petron.
1988 4138 2101 4212 89,
2142 4137 2243 4203 54.
2296 4139 2394 4204 55.
2477 4125 2730 4192 ΡτθθῦῙθΝ

530 4216 708 4276 vibus
760 4213 1101 4292 instructis,
1165 4215 1218 4275 it
1270 4236 1305 4273 a
1357 4219 1618 4279 Tenedo.
1703 4220 1778 4279 de
1805 4218 1933 4281 h.1.
1959 4223 2078 4300 egit
2116 4223 2318 4285 Burm.
2404 4218 2554 4279 Nihil
2584 4228 2728 4289 expe-
2825 4236 2826 4261 ι

531 4303 611 4361 Et
634 4298 925 4360 eiusmodi
948 4320 1094 4360 usus
1131 4302 1409 4362 vocabuli
1443 4304 1617 4380 pha-
1702 4305 1898 4366 dierat
1934 4326 2075 4366 cum
2113 4309 2240 4369 eliis
2269 4305 2530 4369 Parrhas.
2555 4300 2731 4373 Quaes-
2825 4338 2826 4347 ,

531 4386 862 4447 lanxnullo
875 4395 964 4446 est
973 4387 1403 4469 comprobatus
1414 4408 1619 4450 exem-
1699 4412 1810 4472 per
1858 4393 2028 4473 epist.
2085 4393 2129 4454 1.
2218 4398 2371 4455 Sunt
2421 4408 2549 4452 sane
2590 4382 2730 4441 etiam
