2882 5028
467 381 621 455 876
969 377 1049 451 P.
1103 374 1629 452 VIRGILII
1672 376 2200 454 MARONIS

468 560 633 638 Sed
666 584 833 636 non
868 573 1050 636 ante
1079 559 1309 636 datur
1334 561 1643 642 telluris.
1676 575 1956 662 operta
1985 562 2271 658 subire,
2574 571 2719 644 140

463 665 938 743 Auricomos
981 689 1220 766 quam
1255 667 1389 766 qui
1429 664 1919 766 decerpserit
1948 667 2232 741 arbore
2260 662 2497 743 fetus,

462 772 638 845 Hoc
669 768 816 843 sibi
844 767 1123 869 pulcra
1149 793 1384 845 suum
1418 766 1613 845 ferri
1646 771 2118 869 Proserpina
2143 793 2444 845 munus

460 871 825 950 Instituit.
930 872 1204 948 Primo
1234 871 1505 948 avolso
1535 897 1703 948 non
1737 871 2010 949 deficit
2033 873 2227 949 alter
2425 883 2428 886 ’

460 981 808 1069 Aureus;
866 988 947 1052 et
981 975 1218 1050 simili
1245 972 1689 1053 frondescit
1711 978 1925 1073 virga
1948 974 2298 1052 metallo,

460 1081 673 1177 Ergo
705 1076 856 1154 alte
884 1079 1177 1178 vestiga
1213 1078 1502 1177 oculiS‚
1561 1093 1639 1156 et
1672 1081 1823 1156 rite
1848 1093 2259 1183 repertum
2582 1087 2719 1160 145

467 1184 726 1284 Carpe
789 1205 1051 1260 manu.
1098 1241 1103 1246 -
1156 1186 1524 1285 Namque
1585 1185 1754 1285 ipse
1802 1182 2082 1260 volens
2129 1180 2552 1285 facilisque
2605 1209 2718 1261 se-

1633 1300 1946 1389 quetur‚

465 1389 549 1465 Si
578 1403 658 1466 te
685 1386 842 1465 fata
875 1401 1195 1466 vocant:
1249 1389 1512 1487 aliter,
1568 1414 1739 1466 non
1775 1389 2071 1466 viribus
2104 1386 2280 1464 ullis

461 1494 843 1591 Vincere,
897 1518 1047 1569 nec
1082 1492 1285 1568 duro
1315 1494 1617 1594 poteris
1647 1492 2096 1577 convellere
2127 1490 2371 1568 ferro.

460 1599 881 1673 Praeterea
918 1598 1120 1672 iacet
1143 1598 1596 1672 exanimum
1622 1598 1761 1672 tibi
1796 1621 2082 1697 corpus
2121 1596 2374 1691 amici,

459 1702 677 1794 (Heu
708 1702 995 1797 nescis)
1022 1711 1435 1801 totamque
1469 1702 1794 1776 incestat
1824 1697 2111 1774 funere
2144 1697 2518 1786 classem;
2581 1703 2717 1777 150

458 1807 674 1879 Dum
707 1801 1063 1879 consulta
1088 1804 1330 1906 petiS,
1388 1817 1833 1906 nostroque
1858 1804 1941 1879 in
1977 1802 2250 1877 limine
2279 1799 2622 1903 pendeS.

568 1947 733 2021 141.
790 1964 969 2032 oms

600 2114 705 2170 140
741 2133 913 2185 opaca
937 2114 1160 2168 Dorvill.
1192 2135 1225 2168 a
1258 2134 1329 2171 m.
1371 2133 1453 2185 pr.
1594 2116 1694 2186 141
1746 2134 1905 2187 quam
1952 2118 2049 2186 qui
2085 2112 2274 2166 Medic.
2314 2112 2458 2164 alter
2499 2110 2718 2162 Mente!-

458 2203 491 2236 a
518 2201 586 2237 m.
609 2203 691 2253 pr.
720 2195 772 2236 et
795 2185 965 2238 Colot.
983 2224 998 2249 ,
1045 2185 1187 2254 quod
1216 2185 1520 2254 exquisitius
1552 2197 1755 2257 putem,
1801 2203 1901 2255 pro
1947 2203 2109 2256 quam
2159 2186 2212 2235 si
2254 2186 2394 2252 quis.
2473 2179 2720 2247 (Restini

455 2255 584 2324 qui,
619 2270 726 2304 non
760 2265 820 2305 ut
856 2264 1031 2307 tamen
1077 2254 1291 2323 antique
1327 2256 1525 2308 dictum
1563 2266 1745 2324 putem
1783 2272 1881 2338 pru
1930 2256 2068 2325 quis.
2137 2253 2242 2306 vix
2283 2252 2416 2302 licet
2457 2249 2719 2312 dubitare,

455 2322 581 2391 quin
606 2322 908 2391 impeditior
936 2332 1194 2375 structura
1219 2341 1374 2376 causa
1399 2326 1560 2377 fuerit
1594 2325 1800 2377 relativi
1831 2326 1938 2406 yesi
1977 2324 2031 2374 in
2071 2320 2396 2374 indefinitum
2444 2321 2576 2390 quis
2607 2337 2721 2370 mu-

456 2391 615 2443 tandi.
686 2392 943 2460 Expedita
960 2393 1101 2444 foret
1139 2394 1491 2460 constructio,
1539 2395 1587 2445 si
1625 2395 1699 2446 ita
1745 2393 2039 2460 scripsisset
2074 2390 2357 2460 Virgilius:
2404 2407 2617 2459 quam
2663 2401 2720 2439 ει

454 2461 953 2534 decerpseris3
1006 2462 1101 2513 sed
1136 2461 1189 2513 in
1230 2464 1523 2516 universum
1561 2480 1721 2533 quum
1757 2462 1908 2533 loqui
1946 2460 2158 2523 mallet‘,
2210 2477 2338 2527 sane
2380 2459 2721 2510 scribendum

454 2542 598 2584 erat:
634 2550 796 2613 quam
826 2534 944 2600 qui
980 2532 1337 2614 decerpserit,
1371 2534 1407 2583 i.
1439 2552 1485 2585 e.
1512 2550 1621 2585 nou
1648 2534 1832 2597 datur,
1877 2532 1980 2583 uisi
2009 2531 2090 2597 ei,
2139 2530 2230 2599 qui
2266 2539 2391 2582 aute
2427 2529 2720 2595 decerpse-

452 2599 541 2652 rit.
611 2600 803 2653 Similis
829 2611 913 2652 est
936 2601 1143 2653 relativi
1167 2619 1286 2653 usus
1312 2604 1408 2654 Ge.
1441 2605 1483 2668 Ι,
1519 2604 1663 2657 1o4.:
1711 2601 1886 2669 „Quid
1929 2601 2128 2665 dicam,
2173 2601 2314 2651 iacto
2362 2598 2482 2666 qui
2521 2598 2719 2649 semine

454 2670 738 2722 comminus
777 2689 902 2723 arva
942 2671 1317 2739 Insequitur?“
1381 2681 1437 2724 et
1484 2672 1587 2723 hoc
1634 2672 1751 2742 ipso
1787 2672 1928 2723 libro
1971 2670 2107 2721 infra
2147 2687 2223 2720 vs.
2267 2668 2423 2724 453<
2478 2669 2718 2735 „qualem

451 2740 625 2811 primo
651 2758 686 2808 q
705 2740 770 2791 ui
799 2759 1014 2808 surgere
1044 2758 1219 2792 mense
1249 2768 1315 2779 —
1343 2741 1491 2793 videt
1508 2742 1761 2793 Lunam.“
1831 2741 1966 2806 Quis
1989 2738 2119 2790 ferri
2139 2755 2247 2789 nou
2347 2746 2487 2803 test,
2521 2738 2718 2806 quippe

453 2809 750 2879 significans
778 2829 807 2862 a
824 2811 984 2861 lium
1011 2809 1241 2879 quemvis
1260 2849 1275 2874 ,
1311 2828 1467 2879 quum
1495 2820 1672 2863 tamen
1694 2810 1742 2862 is
1766 2817 1971 2861 tautum
1994 2808 2192 2859 inferos
2225 2825 2255 2858 a
2298 2807 2314 2819 ⁸
2345 2825 2372 2857 e
2417 2823 2587 2876 posse
2632 2805 2712 2856 di-

454 2880 648 2931 cendus
696 2890 866 2943 esset,
929 2880 1017 2948 qui
1072 2879 1424 2949 decerpsisset
1478 2879 1649 2948 ipse.
1732 2882 1795 2930 In
1835 2881 2038 2930 Graeco
2079 2877 2289 2946 quidem
2325 2893 2582 2927 sermone
2621 2890 2711 2943 pro

454 2941 638 3013 ὅστις,
673 2950 816 3017 quod
844 2950 931 3001 hie
958 2949 1269 3017 requiritur,
1302 2964 1410 3000 non
1440 2967 1579 3018 nego
1609 2949 1764 3000 etiam
1788 2942 1827 3016 ἦ
1852 2966 1938 3009 τις
1962 2947 2134 2998 locum
2164 2946 2396 3007 habere3
2447 2945 2547 2996 sed
2571 2944 2712 2995 deci-

453 3018 583 3069 dero
611 3019 879 3085 exempla,
912 3019 1099 3087 qubus
1128 3020 1393 3069 Romanos
1418 3017 1492 3071 ita
1530 3021 1736 3070 locutos
1777 3035 1892 3069 esse
1929 3016 2242 3068 declaretur.
2283 3014 2433 3081 Wr.)
2504 3015 2712 3065 dism-

446 3090 625 3159 pserie
648 3087 800 3138 multi
824 3106 909 3155 ap.
944 3088 1078 3138 Pier.
1116 3100 1168 3137 et
1213 3089 1417 3152 Buram,
1469 3088 1621 3140 male.
1691 3088 1934 3156 decerpit
1976 3085 2045 3137 ab
2086 3083 2283 3136 arbore
2312 3084 2499 3135 notavi
2536 3102 2605 3134 ex
2643 3085 2713 3133 10.

451 3157 708 3208 Sarisber.
736 3156 829 3207 lib.
855 3157 993 3221 vm,
1022 3176 1077 3226 p.
1107 3158 1212 3217 690
1238 3156 1322 3208 ed.
1359 3162 1526 3211 Amst.
1667 3157 1768 3211 143
1803 3153 1985 3225 defuit
2023 3155 2239 3205 Oudart.
2382 3154 2492 3208 144
2525 3153 2716 3204 similis

449 3225 640 3277 Medic.
701 3236 870 3276 ortum
896 3225 959 3275 eir
983 3242 1297 3295 praegresso
1328 3245 1565 3290 aureus-3
1608 3226 1711 3277 hoc
1740 3234 1913 3277 autem
1949 3225 2120 3293 ipsum
2163 3240 2373 3273 aureus
2414 3224 2551 3273 satis
2587 3219 2714 3272 mihi

449 3294 659 3347 videtur
714 3313 958 3361 unguere.
1020 3294 1163 3362 Wr.)
1222 3293 1276 3365 s.
1323 3313 1470 3347 vena
1508 3316 1575 3348 m.
1616 3297 1823 3362 Menag.
1861 3310 1975 3360 pr.,
2039 3310 2217 3345 errore
2269 3290 2418 3342 haud
2475 3291 2715 3343 induem.

449 3364 554 3418 145
587 3367 865 3434 investiga
887 3364 1106 3416 Dorvill.
1133 3383 1166 3416 a
1199 3382 1269 3417 m.
1304 3382 1410 3417 sec.
1486 3366 1688 3429 oculis,
1741 3381 2056 3432 ramumque
2095 3382 2144 3414 r.
2184 3360 2351 3412 Goth.
2392 3370 2527 3413 tert.
2573 3379 2608 3412 u
2652 3377 2716 3410 n.

450 3451 556 3485 sec.
699 3433 800 3488 146
849 3446 1115 3503 sequatur
1165 3433 1335 3501 Bigot.
1478 3435 1580 3489 147
1629 3452 1730 3485 nec
1764 3453 1814 3485 ν.
1875 3434 2025 3483 Rom.
2167 3428 2268 3484 148
2317 3434 2538 3500 poteris
2574 3430 2715 3480 dan

450 3521 530 3571 pr.
565 3503 750 3554 Hamb.
890 3505 992 3557 150
1026 3515 1280 3572 totusque
1307 3505 1345 3556 i.
1359 3502 1417 3575 f
1444 3504 1623 3557 classe
1647 3520 1729 3572 pr.
1771 3501 2025 3555 Rotteud„
2163 3500 2260 3554 151
2307 3501 2517 3570 pendis
2554 3500 2708 3552 &Vitt-

441 3573 695 3644 pendens
719 3573 874 3625 Rom.
903 3581 958 3623 et
985 3571 1203 3624 Oudart.

448 3732 687 3808 Iupiter
734 3731 1002 3808 infimus·
1033 3775 1052 3806 ,
1111 3725 1532 3811 καταχθὸνιος,
1604 3730 1855 3806 ‘'ornate3
1909 3726 1974 3787 in
2027 3729 2183 3790 rami
2250 3725 2454 3787 avulsi
2508 3726 2709 3786 locun

449 3815 523 3875 de
550 3816 807 3875 Plutone
847 3815 947 3895 (cf.
979 3815 1248 3875 Fabrett.
1276 3815 1353 3874 ad
1385 3816 1532 3874 Tab.
1618 3817 1767 3875 alius
1791 3817 2131 3874 succrescit.
2209 3813 2359 3872 Mox
2389 3817 2506 3871 rite
2534 3833 2710 3890 carpe

448 3902 605 3962 [liae.
650 3923 709 3982 p.
753 3900 927 3982 372).
984 3902 1293 3961 Avernum
1342 3904 1534 3959 Iuno·
1616 3902 1794 3979 iunge
1825 3945 1842 3976 ,
1886 3909 1949 3958 et
1986 3904 2042 3958 εἰ
2079 3913 2135 3958 te
2163 3898 2322 3978 sata
2357 3912 2626 3973 vocant,
2666 3896 2712 3955 si

446 4010 584 4047 nem
630 3987 885 4048 Ovidius
936 3986 1095 4045 dixit
1128 3985 1245 4046 hac
1294 3987 1423 4066 ipsa
1466 3986 1530 4045 in
1619 3987 1800 4046 fatale
1831 3984 1938 4045 tibi
1965 3995 2087 4063 est,
2131 3984 2357 4044 inferos
2393 3984 2593 4043 adire.

446 4074 792 4134 narratione
818 4071 960 4132 Met.
979 4072 1138 4147 XIV,
1162 4073 1301 4138 114.
1390 4072 1532 4136 140.

444 4161 671 4220 telluris
713 4170 950 4237 operta,
1010 4157 1204 4236 simpl.
1252 4157 1385 4216 loca
1429 4156 1531 4216 in-
1710 4155 2090 4222 149—155.
2118 4153 2275 4214 Ante
2299 4155 2513 4214 oculos
2543 4153 2712 4214 lli-d.

443 4245 602 4323 sera,
646 4254 936 4325 quatenus
965 4243 1075 4302 sub
1104 4252 1286 4302 terra.
1373 4241 1530 4301 Male
1615 4265 1670 4322 χ,
1696 4245 1822 4307 886
1858 4246 2069 4303 Κεῖται
2099 4233 2254 4321 παρ’
2283 4235 2499 4320 νήεσσι
2533 4240 2714 4312 νέες-ς

444 4329 641 4411 lntpp.
698 4351 836 4391 cum
885 4329 1123 4389 Mureto
1171 4328 1311 4390 var.
1365 4329 1528 4387 Lect.
1614 4324 1979 4402 ἄκλαυστος,
2023 4322 2305 4399 ἄθαπτος
2337 4323 2710 4404 Πάτροκλος.

442 4414 602 4492 XIV,
645 4420 689 4482 2
732 4424 1108 4496 argutantur.
1200 4412 1339 4478 148.
1385 4410 1528 4476 144.
1615 4411 1888 4473 Observa
1908 4411 2236 4474 verborum
2252 4411 2694 4492 proprietatem
