2882 5028
426 361 582 434 582
1018 348 2084 426 EXCURSUSX

429 541 717 604 Tabulam
749 540 987 601 iliacam
1010 549 1068 600 et
1097 540 1361 600 Fabrett.
1394 561 1455 620 p.
1483 535 1658 645 878),
1702 538 1827 599 sive
1848 537 2033 598 classe
2063 537 2301 598 advecti
2331 533 2430 636 (cf1
2458 533 2663 616 steph.

430 629 681 710 Byzant.
708 636 770 686 et
792 627 1047 707 Etymol.
1072 626 1150 686 M.
1182 627 1245 685 in
1288 621 1709 704 Βουθρωτὸς),
1754 625 1866 684 alia
1906 625 2120 722 passim
2159 624 2223 683 in
2270 623 2462 703 poetis
2497 632 2669 681 eraut

430 721 779 774 memorata·
821 713 1144 788 Pausan.1‚
1181 718 1277 777 11.
1314 712 1385 785 11,
1429 715 1531 775 23.
1621 711 1703 768 De
1746 711 1973 771 Heleno
2011 709 2168 769 enim
2202 710 2463 769 tabulam
2503 708 2671 767 varie

434 797 837 860 condiderunt
866 808 1093 879 poetae.
1137 799 1210 858 cf.
1248 797 1404 856 inter
1436 795 1853 876 aliassophocl.
1889 795 2141 855 Philoct.
2168 799 2293 861 613
2327 794 2671 873 sqq.1875

432 904 558 962 sqq.
606 884 815 944 Conon
850 882 950 950 34.
994 882 1172 944 Ovid.
1217 882 1356 942 Met.
1407 881 1559 957 vm,
1600 885 1703 959 99,
1749 892 1812 941 et
1854 882 1997 946 385.
2044 884 2189 946 336.
2246 880 2417 942 Adde
2456 879 2672 953 Quint.

432 969 556 1029 cal.
586 969 665 1046 X,
703 970 828 1036 346
861 988 986 1048 sqq.
1031 970 1247 1049 Dictyn
1292 968 1391 1043 lv,
1438 968 1652 1044 18..V,
1700 972 1759 1034 9.
1841 966 2035 1027 Multa
2074 986 2152 1026 ex
2193 964 2288 1024 his
2328 964 2675 1026 transscribi

432 1063 706 1135 possent,
760 1054 872 1114 nisi
909 1055 1218 1116 brevitatis
1261 1053 1533 1114 studium
1572 1072 1668 1113 me
1716 1062 2044 1114 revocaret.
2127 1051 2410 1111 Omnium
2449 1050 2676 1111 fundus

433 1140 553 1202 suit
572 1139 815 1199 Leschei
841 1141 975 1200 Ilias
1019 1161 1202 1221 parva
1220 1185 1236 1215 ‚
1280 1148 1577 1219 quantum
1618 1156 1695 1198 ex
1740 1139 1934 1200 Procli
1970 1140 2175 1216 fragm.
2219 1137 2504 1216 intelligo.
2590 1133 2678 1195 Ibi

435 1227 547 1285 sub
572 1234 841 1285 extrema
871 1226 1012 1286 belli
1054 1235 1326 1305 tempora
1365 1225 1626 1290 Helenus
1665 1224 1739 1283 ab
1779 1223 2020 1286 Achivi·
2058 1232 2264 1302 captus
2310 1223 2678 1285 vaticinatur

435 1311 676 1371 Troiam
706 1312 836 1391 capi
868 1333 990 1371 non
1016 1332 1187 1392 posse
1219 1311 1332 1370 nisi
1376 1311 1670 1370 arcessitis
1707 1311 1982 1371 Herculis
2026 1309 2281 1387 sagittis,
2338 1329 2490 1388 quas
2534 1307 2681 1368 Phi-

435 1397 681 1457 loctetes
705 1398 1158 1457 servabat.1u
1186 1397 1458 1457 Carmine
1484 1406 1684 1457 autem
1718 1396 1938 1477 Cyprio
1962 1415 2066 1499 ap.
2095 1394 2374 1455 Proclum
2420 1394 2681 1454 Helenus

436 1491 710 1563 suscepta
765 1504 797 1542 a
852 1483 1064 1543 Paride
1125 1483 1497 1563 navigatione
1542 1505 1678 1563 περι
1723 1487 1847 1545 τῶν
1888 1475 2226 1561 μελλόντων
2267 1482 2680 1562 προθεσπίζει.

435 1567 505 1628 In
529 1587 600 1628 eo
627 1588 831 1628 omnes
854 1569 1252 1646 conveniunt,
1296 1579 1368 1629 ut
1401 1568 1661 1627 Helenus
1686 1567 2009 1675 prudentia
2040 1576 2102 1627 et
2141 1565 2517 1627 vaticinandi
2560 1573 2683 1624 arte

437 1654 668 1713 clarum
715 1673 934 1714 nomen
974 1654 1223 1715 habeat:
1280 1648 1667 1718 οἰωνοπόλων
1712 1648 1810 1734 ὄχ’
1871 1649 2113 1734 αριστος
2146 1650 2315 1713 iliad.
2354 1655 2400 1727 ζ,
2453 1655 2561 1716 76.
2604 1651 2680 1711 cf·

437 1737 556 1800 hoc
578 1739 733 1800 libro
761 1743 886 1805 359
915 1759 1003 1819 aq.
1019 1723 1157 1806 433
1186 1760 1232 1800 s.
1321 1739 1468 1799 Vide
1503 1737 1942 1820 laudd.ap.10.
1977 1736 2293 1798 Schrader.
2336 1736 2681 1797 Emendatt.

436 1825 623 1905 praef.
650 1845 708 1907 p.
738 1825 824 1884 xl
854 1846 959 1904 sq„
1003 1826 1109 1886 ubi
1145 1826 1210 1885 in
1253 1824 1535 1906 Orphicis
1575 1825 1650 1884 de
1688 1823 1892 1905 Lapid.
1932 1823 2039 1901 XI,
2083 1825 2166 1889 50
2212 1842 2349 1884 eum
2391 1823 2463 1882 in
2504 1822 2683 1881 Pala-

437 1910 622 1970 medis
652 1911 879 1987 locum,
921 1911 1041 1971 iam
1069 1919 1208 1972 ante
1237 1908 1680 2010 Tyrwhittum‚
1725 1910 2006 1989 sagaciter
2032 1908 2316 1969 restituit.
2400 1908 2684 1986 Virgilius

437 1994 533 2055 his
567 1995 877 2056 commode
906 1993 1035 2078 (etsi
1072 1998 1360 2056 adversus
1390 1996 1677 2076 temporis
1703 1997 2028 2071 rationem,
2068 2015 2209 2056 nam
2235 2014 2393 2056 anno
2439 1995 2684 2054 demum

438 2101 600 2140 nono
625 2101 658 2138 a
684 2082 864 2141 Troia
896 2101 1103 2143 eversa
1128 2083 1451 2143 Hermione
1479 2082 1654 2142 nubit
1694 2082 1927 2162 Pyrrho
1975 2080 2190 2160 Odysa.
2227 2081 2262 2143 ὅ
2302 2100 2433 2160 pr.,
2475 2080 2590 2140 sed
2628 2099 2683 2138 v.

437 2166 543 2231 inf·
572 2165 650 2225 ad
683 2170 804 2231 613
828 2167 982 2248 sqq.)
1026 2188 1170 2228 usus
1212 2176 1303 2228 est
1347 2168 1426 2228 ad
1466 2166 1793 2249 episodium
1837 2166 2282 2242 suavissimum,
2335 2166 2435 2224 cui
2488 2165 2673 2266 inpri-

437 2252 579 2328 mia,
622 2251 819 2311 nescio
863 2252 1009 2331 quid
1050 2252 1130 2312 ad
1173 2254 1453 2314 affectum
1499 2254 1747 2330 faciens,
1810 2272 1879 2312 eo
1922 2252 2200 2311 conciliat
2241 2249 2405 2329 quod
2453 2251 2519 2310 in
2562 2252 2683 2331 ipso

439 2355 683 2396 escensu
726 2337 956 2396 Aeneae
995 2339 1459 2398 Andromachen
1490 2341 1742 2398 Hectori
1778 2339 2027 2416 inferias
2054 2336 2391 2415 jacientem
2427 2335 2683 2397 inducit.

438 2423 821 2488 302-805.
862 2423 1023 2482 Ante
1050 2423 1249 2483 urbem
1275 2427 1340 2484 in
1369 2426 1504 2483 luco
1523 2423 1683 2502 fal-si
1706 2426 2024 2483 Simoentis
2050 2422 2141 2481 ad
2162 2422 2389 2482 midam
2417 2422 2686 2481 Libabat

329 2504 337 2512 ’
440 2509 622 2566 cineri
654 2507 1076 2568 Andromache
1135 2530 1456 2591 manesque
1506 2509 1762 2569 vocabat
1804 2509 2169 2568 Hectoreum
2215 2507 2303 2566 ad
2343 2510 2647 2567 tumulum
2662 2531 2680 2565 :

440 2593 623 2653 vin‘di
644 2614 819 2673 quem
845 2599 1064 2673 cespite
1089 2598 1331 2655 inanem
1350 2640 1365 2669 ,
1415 2598 1499 2654 Ec
1535 2599 1816 2675 geminas
1855 2614 2139 2655 caussam
2167 2595 2436 2653 lact-imis
2474 2614 2685 2654 sacru·

440 2690 607 2739 verat
633 2700 795 2738 arae.
886 2679 1252 2741 Monendum
1281 2680 1482 2741 adhuc
1510 2691 1601 2740 est
1628 2681 1703 2740 de
1729 2680 2009 2740 Hectoris
2049 2679 2282 2739 tumulo
2323 2678 2398 2737 ab
2441 2679 2682 2740 Andro-

439 2763 649 2823 mache
689 2764 1077 2827 adumbrato:
1121 2769 1483 2826 Hectoreum
1528 2767 1629 2826 ad¹
1660 2768 1977 2825 tumulum.
2070 2763 2509 2844 Cenotaphium
2558 2764 2682 2825 fuit.

441 2850 631 2911 Verus
655 2849 931 2911 Hectoris
957 2853 1226 2912 tumulus
1254 2853 1469 2912 Troiae
1498 2854 1725 2912 iuerat:
1766 2852 1967 2932 ῥίμφα
1995 2848 2063 2914 δὲ
2094 2844 2244 2930 σῆμ’
2276 2850 2481 2930 ἔχεαν,
2522 2848 2683 2911 Iliad.

331 2944 338 2951 “
443 2958 511 3011 ω,
551 2939 695 3001 799.
780 2937 970 2997 Extra
1012 2938 1224 2998 urbem
1262 2938 1480 3015 fuisse,
1541 2956 1618 2996 ex
1658 2937 1991 2997 imitatione
2021 2934 2480 2997 Andromachae
2526 2934 2684 3017 apud

440 2981 752 3100 Virgilium
801 3023 1178 3102 intelligitur,
1230 3023 1412 3102 idque
1465 3023 1837 3083 declaratum
1876 3022 2156 3082 disertius
2193 3041 2229 3079 a
2268 3021 2445 3100 Dicty
2484 3022 2589 3095 lv,
2634 3026 2683 3083 1.

442 3108 678 3166 Interea
702 3111 1019 3184 sepelivere
1046 3131 1181 3168 eum
1212 3109 1388 3168 haud
1426 3110 1605 3195 longe
1652 3130 1694 3167 a
1724 3109 1962 3167 tumulo
2010 3108 2096 3166 Ila·
2134 3108 2292 3185 mgis
2340 3109 2684 3185 quondam-⁶

442 3210 619 3270 quem
685 3201 824 3251 ante
891 3194 1102 3254 urbem
1166 3195 1246 3252 ad
1307 3195 1471 3254 viam
1522 3213 1729 3256 versus
1777 3192 1947 3253 littus
2005 3191 2186 3252 fuisse
2236 3192 2380 3250 satis
2435 3200 2682 3264 constat,

443 3274 720 3353 (Theocn
750 3276 909 3352 XVI,
936 3280 1038 3344 76
1082 3278 1149 3342 ἐν
1186 3280 1377 3365 πεδίῳ
1421 3273 1784 3360 Σιμόεντος,
1831 3274 1943 3343 ὅθι
1986 3273 2223 3360 Φρυγὸς
2270 3271 2454 3357 η’ρίον
2483 3275 2681 3355 Ἴλου)

443 3362 554 3421 etsi
609 3361 776 3421 locus
837 3381 1015 3423 verus
1071 3342 1351 3425 nondum
1398 3374 1488 3424 eat
1544 3374 1855 3470 repertus.
1913 3365 2131 3423 Tzetza
2184 3361 2488 3424 Homeric.
2546 3363 2681 3427 486-

442 3441 647 3521 Ἐκτός
675 3448 907 3550 τείχους
951 3448 1056 3512 καὶ
1102 3446 1317 3525 πόλιος
1360 3449 1512 3534 μέγα
1555 3455 1727 3530 σῶμα
1769 3471 2028 3547 κῃαντες
2066 3442 2163 3522 Ἐς
2203 3441 2469 3511 κάπετον
2514 3446 2682 3511 κατέ·

443 3538 629 3594 θεντο
657 3526 953 3613 πελώριον
963 3529 1230 3616 ’Ἕκτορα
1260 3537 1416 3598 δῖον.
1505 3535 1576 3595 In
1612 3535 1841 3595 Tabula
1876 3535 2054 3595 Iliaca
2107 3543 2567 3594 monumentum
2603 3540 2683 3591 est

441 3616 721 3677 Hectoris
745 3618 1037 3695 effictum,
1082 3620 1186 3680 sed
1210 3619 1508 3700 lapidibus
1537 3630 1950 3696 exstructum,
1996 3639 2186 3699 neque
2230 3629 2683 3700 extemporanee

445 3701 648 3763 simile.
732 3702 1009 3765 Mireris
989 3727 1055 3765 m
1081 3725 1150 3766 eo
1189 3707 1423 3787 signum
1459 3706 1647 3767 leonis
1686 3665 2062 3787 impositinn,
2106 3715 2412 3784 tamquam
2449 3704 2684 3765 virtutis

445 3788 814 3868 symbolum,
856 3792 1022 3869 quod
1057 3793 1238 3852 etiam
1277 3793 1345 3851 in
1386 3811 1619 3871 gemma
1660 3791 1846 3851 Musei
1886 3791 2048 3851 Flor.
2095 3788 2251 3872 (Vol.
2285 3791 2364 3865 11,
2410 3791 2538 3853 tab.
2580 3785 2681 3869 32)

446 3893 759 3935 occurrere
786 3877 1055 3954 memini,
1102 3898 1301 3958 pugna
1327 3875 1571 3937 Achillis
1613 3897 1752 3938 cum
1794 3875 2162 3936 Penthesilea
2209 3876 2289 3936 ad
2331 3895 2682 3936 monumen-

443 3968 608 4036 tum,
677 3962 835 4022 forte
864 3963 969 4040 Ili,
1022 3965 1201 4026 sacta.
1288 3963 1546 4024 Videtur
1602 3963 1727 4043 ipse
1774 3964 1991 4022 Tzetza
2036 3962 2292 4023 innuere
2336 3961 2486 4026 489.
2518 3954 2682 4024 Koezd

447 4042 516 4109 δὲ
543 4048 750 4109 λαΐνεοι
772 4048 911 4111 ποτὶ
935 4044 1168 4131 τύμβον
1217 4043 1533 4131 οἶγάλματα
1578 4054 1807 4130 θῆκαν.
1892 4051 2155 4108 Saxeum
2195 4068 2346 4129 opus
2388 4049 2518 4128 ipse
2557 4047 2680 4107 Ho-

446 4150 646 4191 merus
686 4131 895 4212 prodit
942 4157 1010 4211 ω,
1059 4138 1203 4200 798.
1244 4136 1354 4195 ubi
1394 4134 1653 4196 cinerem
1703 4144 1765 4195 et
1812 4155 1940 4195 ossa
1983 4134 2261 4196 Hectoris
2302 4134 2573 4196 condunt
2624 4131 2679 4189 in

446 4237 630 4295 urna;
682 4217 843 4278 hanc
900 4220 963 4279 in
1022 4219 1277 4280 humum
1342 4221 1702 4282 demittunt.
1768 4219 1831 4294 ὃς
1891 4221 2105 4300 κοίλην
2159 4215 2427 4284 κάπετον
2477 4218 2678 4288 θέσαν,

448 4327 637 4385 αυταρ
685 4298 923 4410 ὕπερθε
977 4310 1281 4370 Πυκνοῖσι
1345 4301 1552 4371 λάεσσι
1601 4300 2035 4405 κατεστόρεσαν
2079 4301 2426 4391 μεγάλοισι,
2476 4303 2679 4383 Ῥίμφσ

450 4386 517 4451 δὲ
557 4383 709 4471 σῆμ’
764 4389 937 4472 ἔχεαν
967 4426 1050 4437 —-
1078 4385 1359 4473 χεύαντες
1405 4390 1474 4456 δὲ
1515 4388 1582 4456 τὸ
1618 4397 1785 4474 σῆμα
1825 4386 2009 4455 πάλιν
2052 4392 2213 4471 saloy,
2294 4392 2567 4452 Ceterum
2622 4385 2681 4444 in
