2882 5028
470 358 554 431 P.
608 356 882 462 vnio
935 355 1179 431 MAR.
1233 355 1752 456 AENEmos
1804 356 1987 432 Lm.
2045 360 2111 435 v
2260 363 2413 437 723

170 547 455 607 coloniam
514 545 915 605 transscribit:
992 546 1120 627 ipse
1182 568 1320 610 cum
1380 545 1677 605 exercitus
1745 546 1965 605 robore
2021 546 2251 607 Italiam
2303 568 2415 629 pe-
2492 564 2499 571 ·

174 634 340 692 tit—
359 635 505 697 778.
590 632 840 691 Interim
893 632 1238 712 Neptunus,
1295 632 1542 693 Veneris
1597 632 1871 711 precibus
1927 641 2237 709 exoratus,
2300 656 2414 693 na-

167 718 390 797 viganti
430 718 659 777 Aeneae
700 736 861 777 mare
902 726 1107 778 tutum
1149 718 1669 799 praestat—884.
1753 717 2089 794 Palinurus,
2132 717 2197 779 in
2241 729 2414 780 tanta

171 804 486 863 securitate
542 823 751 862 somno
807 806 1198 864 succumbens
1214 848 1231 879 ,
1299 823 1422 863 una
1481 822 1619 862 cum
1672 804 2076 883 gubernaculo
2133 805 2197 865 in
2247 824 2415 866 mare

171 889 501 950 excutitur:
544 889 785 968 eiusque
825 889 1021 950 vicem
1063 890 1301 971 supplet
1342 889 1587 947 Aeneas.

254 1211 372 1271 Pro
419 1212 685 1293 episodio
740 1212 1078 1276 habendam
1123 1235 1246 1275 esee

171 1297 454 1357 maiorem
519 1299 657 1359 libri
701 1309 935 1379 partem
957 1346 974 1377 ,
1044 1302 1246 1381 negari

170 1384 394 1461 nequit,
426 1403 536 1443 nec
563 1395 767 1444 tamen
793 1385 868 1444 ab
895 1398 1246 1465 argumento

170 1469 336 1550 epioe
368 1469 520 1529 illud
563 1472 900 1531 seiunctum
941 1481 1035 1547 et,
1096 1493 1249 1552 quae

170 1576 205 1613 a
239 1555 444 1614 multis
480 1560 858 1634 frequentata
904 1567 993 1616 est
1033 1578 1245 1639 repre-

167 1640 398 1715 hensio,
427 1640 685 1701 alienum
702 1641 1063 1703 habendum.
1109 1645 1248 1704 Pri-

169 1748 272 1786 mo
317 1727 469 1786 libro
513 1728 628 1787 iter
674 1747 750 1787 ex
792 1730 988 1788 Sicilia
1029 1729 1092 1789 in
1125 1732 1248 1790 lta-

168 1812 311 1872 liam
335 1813 593 1872 faciebat
623 1814 851 1873 Aeneas
868 1836 887 1893 5
927 1816 1183 1876 reiectus
1214 1836 1248 1874 a

170 1918 355 1958 cursu
387 1919 496 1959 suo
527 1902 591 1959 in
621 1900 878 1960 Africam
915 1921 1079 1961 nunc
1105 1921 1249 1961 ean-

171 1986 309 2044 dem
372 1986 808 2065 navigationem
874 1988 1123 2067 repetit,
1190 1996 1252 2046 et

166 2071 409 2130 iamiam
441 2072 519 2130 ad
549 2073 757 2131 ltaliae
793 2073 1002 2133 littora
1029 2074 1247 2153 appul—

166 2177 381 2217 surum
403 2174 540 2218 eum
579 2178 704 2218 esse
743 2159 1039 2238 sperabas.
1098 2161 1249 2219 Ecce

168 2243 284 2303 tibi
304 2263 461 2301 nova
486 2244 581 2302 rei
603 2265 772 2304 mora
796 2246 1088 2305 iniicitur!
1129 2246 1250 2305 ite-

163 2350 309 2389 rum
362 2330 559 2388 ventis
619 2330 937 2390 contrariis
980 2352 1014 2389 a
1071 2351 1253 2391 cursu

169 2414 458 2494 depulsus
519 2415 583 2473 in
652 2416 909 2475 Siciliam
966 2417 1253 2477 desertura

164 2499 367 2561 Multa
430 2502 674 2562 omnino
722 2502 785 2562 in
843 2503 1042 2562 Sicilia
1081 2504 1257 2563 'erant

167 2586 574 2647 Troianorum
615 2598 677 2647 et
722 2589 954 2648 Aeneae
991 2591 1254 2668 vestigia,

165 2683 245 2733 ut
273 2672 340 2731 in
370 2675 643 2735 Excursu
667 2676 980 2735 monitum.
1049 2675 1258 2734 Classis

165 2780 208 2818 a
254 2759 531 2819 Troianis
590 2761 939 2821 mulieribus
993 2761 1255 2835 incensa,

162 2843 378 2908 fabula
432 2854 562 2904 erat
615 2848 845 2926 vulgari
910 2847 1256 2907 narratione

162 2932 343 2992 trita.
440 2931 577 2990 Non
614 2933 801 3013 igitur
856 2933 1046 2992 otiose
1095 2933 1257 2991 desi-

165 3018 324 3078 dere
375 3016 441 3075 in
479 3018 678 3076 Sicilia
716 3027 958 3098 poterat
1009 3020 1255 3095 Aeneas,

163 3122 288 3164 nec
306 3102 548 3162 incensa
586 3104 782 3164 classis
811 3106 1129 3165 memorari
1156 3105 1256 3164 ni-

161 3190 219 3250 si
278 3189 579 3268 probabili
626 3190 823 3268 aliqua
874 3191 950 3251 de
1000 3191 1254 3251 ratione.

163 3276 386 3352 Itaque
434 3282 612 3357 poeta
667 3276 972 3355 praeclare
1015 3297 1086 3336 eo
1126 3297 1256 3337 rem

163 3361 469 3437 adducit,
526 3372 599 3421 ut
636 3362 861 3422 Aeneae
896 3365 1056 3443 patri
1100 3363 1256 3423 infe-

160 3448 296 3508 rias
341 3447 550 3523 faciat,
607 3448 795 3508 ludos·
831 3449 1111 3509 funebres
1157 3449 1255 3509 in-

162 3533 426 3608 stituat,
499 3533 680 3593 classe
737 3535 977 3593 incensa
1023 3544 1258 3616 partem

164 3619 471 3679 comitum
516 3619 774 3699 deponat
815 3621 877 3680 in
915 3620 1141 3697 insula,
1197 3629 1259 3679 et

160 3705 332 3765 urbe
377 3725 537 3764 nova
567 3706 810 3766 condita
847 3727 984 3765 cum
1020 3707 1262 3785 reliquis

162 3790 469 3851 discedat.
557 3791 820 3871 Agnosce
869 3802 1082 3872 poetae
1136 3793 1261 3860 sive

157 3877 487 3957 ingenium
547 3879 672 3938 sive
723 3877 1015 3939 iudicium
1074 3886 1136 3937 et
1195 3879 1260 3937 in

159 3963 331 4024 hoe':
414 3963 566 4023 Dum
624 3964 909 4023 ludorum
970 3964 1260 4023 festivitas

158 4050 347 4108 viros
372 4049 616 4124 detinet,
663 4051 906 4109 navium
933 4050 1258 4109 incenden—

1329 1214 1552 1296 pietate
1594 1222 1721 1272 tam
1772 1212 2059 1293 insignem
2103 1233 2227 1275 esse
2265 1215 2415 1277 velit

1327 1310 1528 1381 poeta,
1553 1300 1699 1377 quid
1717 1299 1899 1378 magis
1928 1311 2413 1377 consentaneum,

1331 1406 1513 1465 quam
1544 1395 1615 1444 ut
1642 1385 1690 1443 is
1717 1386 1900 1464 patris
1918 1385 2193 1446 Manibus
2218 1408 2415 1447 sacras

1332 1471 1716 1532 caerimonias
1745 1472 2089 1549 persolvat?
2132 1473 2200 1531 ln
2231 1474 2415 1533 ludo-

1331 1578 1467 1617 rum
1513 1557 1907 1635 descriptione
1923 1600 1944 1632 ,
2001 1559 2166 1635 quod
2209 1578 2415 1618 rerum

1330 1663 1515 1723 genus
1568 1643 1811 1702 omnino
1859 1644 2118 1703 multum
2165 1655 2415 1705 ornatus

1334 1729 1617 1803 admittit,
1660 1728 1829 1787 facile
1857 1737 1945 1787 est
1971 1729 2050 1787 ad
2077 1730 2416 1809 intelligen-

1335 1814 1515 1889 dum,
1567 1814 1852 1873 maiorem
1887 1816 2216 1891 veteribus,
2275 1817 2416 1894 qui·-

1334 1902 1450 1960 bus
1496 1908 1674 1980 poeta
1715 1920 1890 1959 suum
1930 1920 2070 1980 epos
2102 1903 2415 1982 pangebat,

1334 1987 1730 2061 suavitatem,
1796 2005 1974 2063 quam
2024 2007 2187 2046 nunc
2243 1987 2416 2048 nobis

1329 2073 1473 2131 inde
1504 2071 1823 2151 provenire
1847 2080 2067 2151 potest,
2098 2074 2277 2132 fuisse
2301 2075 2417 2134 ob·-

1331 2159 1567 2219 iectam.
1675 2157 1952 2235 inprimis
2019 2178 2166 2218 vero
2235 2160 2427 2221 ludus.

1334 2245 1549 2304 Troiae
1602 2244 1906 2302 Romanos
1945 2244 2194 2304 lectores
2251 2245 2416 2304 dele-

1337 2339 1499 2389 ctare
1527 2329 1755 2388 debuit.
1823 2329 1954 2387 Alia
1981 2329 2163 2389 huius
2190 2330 2417 2391 descri-

1337 2415 1567 2497 ptionis
1625 2415 1926 2490 suavitas,
1997 2436 2150 2493 quae
2216 2427 2417 2477 tamen

1340 2503 1523 2562 etiam
1574 2500 1748 2561 nobis
1801 2511 2013 2580 parata
2060 2513 2121 2562 et
2174 2506 2419 2583 cognitu

1339 2589 1525 2649 facilis
1562 2598 1685 2662 est,
1741 2591 1816 2645 e'x
1849 2587 2168 2647 Homerica
2214 2590 2418 2650 imita-

1338 2676 1507 2734 tione
1533 2673 1967 2752 proficiscitur,
2023 2675 2126 2751 qui
2155 2675 2324 2735 lliad.
2362 2691 2418 2753 ψ

1340 2760 1601 2820 Patrocli
1656 2761 1839 2818 funus
1901 2767 1960 2817 et
2013 2760 2190 2819 ludos
2240 2762 2418 2821 simili

1343 2846 1513 2927 copia
1562 2844 1893 2923 descripsit.
1992 2844 2253 2905 Tantum
2302 2868 2420 2907 au-

1336 2941 1460 2992 tem
1493 2930 1679 3006 abest,
1723 2938 1795 2990 ut
1821 2930 2137 3006 Romanis,
2180 2933 2418 3009 quibus,

1338 3039 1465 3078 non
1488 3016 1693 3092 nobis,
1735 3014 2034 3075 scribebat
2071 3028 2270 3097 poeta,
2313 3029 2421 3080 aut

1337 3104 1660 3182 infringere
1730 3101 2176 3163 delectationem
2209 3145 2227 3179 ,
2312 3115 2421 3166 aut

1337 3189 1619 3250 carminis
1661 3187 2010 3267 dignitatem
2047 3190 2280 3249 elevare
2319 3191 2421 3250 vi-

1342 3277 1591 3335 deretur
1620 3274 1752 3332 talis
1779 3274 2052 3344 imitatio,
2097 3284 2168 3334 ut
2197 3279 2420 3355 potine,

1338 3362 1576 3442 ingenio
1603 3381 1674 3417 ac
1699 3379 1877 3418 sensu
1908 3359 2149 3419 illorum
2182 3372 2421 3442 tempo-

1338 3469 1478 3508 rum
1519 3457 1580 3505 et
1619 3444 1932 3505 hominum
1954 3491 1970 3519 ,
2023 3445 2092 3504 id
2125 3449 2288 3525 quod
2318 3459 2423 3508 to-

1338 3544 1439 3594 tus
1467 3532 1744 3612 Virgilius
1772 3539 1834 3589 et
1858 3531 2145 3591 Horatius
2182 3533 2423 3611 docent,

1340 3619 1492 3679 nihil
1534 3617 2004 3697 magnificentius
2046 3638 2115 3677 ac
2154 3619 2425 3698 splendi-

1341 3707 1477 3767 dius
1502 3705 1688 3766 fuerit
1716 3703 1908 3762 visum
1931 3702 1994 3761 in
2019 3715 2213 3782 poeta,
2243 3726 2425 3783 quam

1346 3793 1393 3851 si
1431 3794 1793 3856 Graecorum
1836 3798 2151 3867 poetarum
2193 3791 2323 3850 loca
2364 3802 2426 3850 et

1342 3880 1590 3939 inventa
1645 3875 1956 3934 commode
2010 3886 2071 3934 et
2130 3877 2425 3955 ingeniose

1343 3965 1408 4023 iu
1438 3986 1545 4023 sua
1578 3962 1841 4022 carmina
1869 3961 2242 4025 transferret.

1430 4050 1549 4109 Sed
1579 4059 1648 4107 ut
1680 4045 2057 4105 delectationi
2101 4048 2162 4106 in
2202 4047 2319 4105 hoc
2344 4046 2425 4104 li-

162 4136 404 4195 darum
434 4144 670 4216 tempus
705 4156 774 4194 ac
802 4137 1070 4211 facultas,
1117 4156 1266 4216 quae
1350 4137 1463 4196 bro
1504 4155 1614 4215 per
1651 4133 2044 4192 certaminum
2073 4133 2426 4210 descriptio-

156 4222 329 4281 alias
355 4222 463 4281 vix
506 4242 823 4281 occurrere
845 4232 1114 4302 poterat,
1171 4224 1267 4281 fe·
1353 4242 1490 4281 nem
1520 4230 1838 4298 tantopere
1867 4219 2158 4293 studeret,
2189 4226 2427 4297 poetam

153 4309 392 4384 minis,
440 4328 590 4387 quae
627 4309 785 4367 solac
829 4309 1072 4368 relictae
1105 4318 1268 4384 sunt,

1353 4326 1596 4367 movere
1640 4307 1818 4365 etiam
1861 4304 2058 4382 potuit
2097 4303 2429 4381 argumenti

154 4394 328 4456 data
383 4405 494 4456 est.
581 4395 843 4455 Aeneam
885 4407 1084 4456 autem
1130 4414 1272 4468 cum
1353 4395 1664 4468 sterilitas,
1704 4391 1771 4450 in
1802 4408 1871 4447 ea
1898 4399 2098 4448 tamen
2126 4389 2429 4449 narratio-

1828 4490 2018 4561 46*
