2882 5028
468 412 1089 489 AENEIDOS
1137 413 1353 488 LIB.
1408 415 1499 508 V,
1552 417 1989 493 345—363

2201 421 2356 496 773

127 599 350 696 Digna
386 596 603 674 dabis
620 608 656 677 ἓ
706 600 1049 700 primam
1070 600 1335 676 merui
1359 601 1494 702 qui
1514 600 1750 678 laude
1775 624 2181 698 coronam,
2200 607 2352 684 355

126 702 210 778 Ni
234 726 397 797 me,
444 728 645 804 quae
679 702 1015 800 Salium,
1067 701 1390 780 fortuna
1418 705 1733 782 inimica
1761 703 2081 785 tulisset.

124 808 212 881 Et
242 806 470 880 simul
508 806 633 881 his
669 806 892 882 dictis
925 806 1212 884 faciem
1246 807 1696 884 ostentabat.
1726 821 1806 885 et
1830 806 1999 884 udo

128 912 235 983 Tu
331 911 396 985 ia
425 911 790 986 membra
819 908 1040 990 fimo,
1142 913 1344 989 Risit
1378 925 1607 1012 pater
1637 912 1989 1014 optimus
2019 912 2179 1011 olli,

124 1014 210 1088 Et
235 936 571 1113 elipeum
598 1013 873 1091 efferri
900 1015 1155 1111 iussit,
1204 1014 1723 1114 Didymaonis
1757 1028 1984 1113 arteS‚

125 1118 444 1217 Neptuni
475 1143 695 1195 sacro
723 1119 1008 1195 Danais
1036 1116 1139 1193 de
1167 1132 1398 1219 poste
1423 1118 1786 1198 refixum.

129 1221 274 1295 Hoc
300 1222 671 1297 iuvenem
711 1223 1119 1319 egregium
1150 1225 1577 1323 praestanti
1610 1247 1950 1300 munere
1979 1220 2246 1298 donat.

207 1327 425 1421 Post,
478 1326 619 1400 ubi
653 1323 996 1401 confecti
1022 1350 1335 1424 curem,
1392 1341 1472 1404 et
1503 1326 1714 1403 dona
1749 1327 2092 1428 peregit:

122 1429 360 1525 Nunc,
391 1430 456 1504 si
494 1430 618 1505 cui
644 1430 927 1526 virtus»,
962 1431 1435 1532 animusque
1480 1431 1559 1506 in
1591 1443 1919 1531 pectore
1947 1453 2347 1531 praesens,

239 1619 337 1674 855
372 1621 576 1672 meruit
610 1620 716 1672 duo
753 1618 891 1688 apud
932 1622 1121 1682 Burni„

121 1685 290 1753 positu.
425 1691 536 1744 356
572 1702 627 1740 et
661 1692 718 1741 S.
754 1689 1034 1741 nonnullae
1072 1691 1136 1740 ed

121 1840 176 1873 m.
207 1845 279 1895 pr.

1841 1554 1870 1575 Κ

1195 1630 1417 1689 erpetuo
1458 1623 1571 1675 fere
1603 1622 1755 1689 lapsu
1788 1620 1844 1671 in
1879 1618 2037 1671 simili
2071 1620 2350 1671 verborum

122 1757 239 1821 apud
272 1760 439 1810 But-m.
480 1768 537 1810 et
571 1758 733 1811 Goth.
771 1777 876 1810 sec.
947 1700 1290 1812 monstra-bit
1320 1691 1532 1814 effigiet.
1586 1778 1689 1812 soc.

349 1830 628 1890 Quodnam
664 1828 859 1879 aurium
892 1829 1140 1880 iudicium
1175 1831 1230 1881 in
1266 1830 1369 1882 hoc
1401 1839 1652 1898 sequutus
1687 1829 1782 1890 uit,
1818 1827 1903 1879 vel
1939 1838 2063 1896 post
2099 1827 2348 1891 Quinctil.

120 1890 264 1947 locum
300 1899 452 1963 vm,
491 1899 558 1963 3,
591 1900 660 1952 25
695 1914 792 1948 nos
825 1897 975 1949 latet.
1026 1898 1153 1965 (vid.
1204 1902 1269 1963 Q.
1320 1900 1387 1952 V.
1423 1901 1580 1965 XXI,
1624 1901 1678 1954 9.
1733 1900 1877 1965 Wr.)

1615 1693 1719 1747 357
1757 1689 2079 1743 ostendebat
2111 1688 2349 1739 nonnulli

1828 1760 1933 1816 358
1969 1759 2057 1810 illi
2089 1758 2278 1810 Medic.
2315 1777 2348 1810 u

2017 1899 2123 1954 859
2162 1896 2353 1966 offerri

120 1961 295 2032 aliquot
327 1967 463 2021 Pier.
506 1978 561 2019 et
609 1967 715 2018 duo
754 1970 921 2018 Burm.
1004 1967 1198 2036 afferri
1241 1968 1325 2021 ed.
1378 1971 1573 2023 Genev.
1634 1968 1787 2039 serti
1835 1966 2002 2032 Leirl„
2050 1984 2345 2036 perperam.

119 2034 427 2103 Didamonie,
462 2038 841 2095 Didamaom'e,
877 2037 1240 2101 Didiomom'e‚
1295 2047 1349 2089 et
1383 2039 1525 2107 apud
1564 2039 1700 2091 Pier.
1736 2037 2159 2099 Didumaeonis,
2207 2036 2347 2105 apud

115 2100 421 2159 Benedictum
459 2106 571 2160 Pal.
610 2111 688 2174 (et
721 2105 797 2156 ita
832 2108 980 2157 Rom.
1027 2109 1169 2170 Wr.)
1207 2107 1319 2158 Did
1358 2110 1626 2172 maeonis,
1678 2107 2040 2227 corrugatam
2106 2122 2224 2156 nam
2264 2115 2347 2156 ent

116 2172 469 2241 Διόνμᾶονος.
545 2189 669 2228 arte
713 2186 820 2227 tres
857 2177 1025 2227 Burm.
1098 2189 1271 2227 artem

1355 2194 1600 2241 omanus,
1639 2188 1692 2229 et
1725 2193 1826 2246 npu
1901 2179 2071 2227 Burm.
2104 2175 2347 2240 Dorvill.,

116 2242 192 2292 sed
215 2247 515 2315 exquioitiuo
540 2245 731 2316 plurali
757 2261 971 2295 numero
1000 2258 1177 2296 arcese
1216 2247 1268 2297 h.
1304 2264 1350 2298 e.
1383 2264 1534 2316 opus.
1608 2253 1780 2316 (aree-³
1810 2244 1974 2315 prior,
2009 2248 2153 2298 artie
2179 2244 2347 2297 altera

112 2308 252 2365 lectio
285 2316 549 2377 Medicei3
613 2316 708 2368 cfr.
755 2316 820 2366 V.
856 2315 918 2364 L.
970 2315 1039 2365 ud
1074 2315 1182 2366 Ecl.
1229 2317 1327 2379 IX,
1378 2319 1430 2370 9.
1483 2345 1550 2354 -
1616 2317 1738 2371 360.
1766 2327 1927 2387 peace
1958 2319 2103 2368 Serv.
2138 2314 2346 2379 Dreed„

114 2396 201 2446 quo
232 2397 428 2454 spectat
462 2386 721 2448 fortusse,
757 2384 898 2454 quod
934 2395 1014 2434 est
1045 2382 1100 2434 in
1135 2403 1217 2467 pr.
1252 2384 1489 2449 Mentel„
1524 2404 1703 2438 sacra.
1740 2413 1806 2423 —
1841 2385 1966 2438 361.
1997 2386 2144 2436 Haec
2169 2403 2346 2456 prue-

113 2457 267 2505 stanti
294 2474 523 2507 munere
556 2471 664 2506 non
698 2454 877 2523 inepte
912 2465 1180 2505 commutis
1216 2454 1518 2519 incluseri33
1553 2453 1659 2506 vid.
1690 2456 1755 2506 V.
1787 2455 1848 2504 L.
1887 2453 1955 2505 ad
1989 2473 2062 2506 vs.
2095 2453 2182 2509 24.
2220 2472 2270 2504 n.
2291 2454 2343 2507 4.

121 2524 243 2590 m.)

377 2528 486 2582 363
527 2527 654 2577 Huc
688 2526 739 2575 si
769 2525 887 2576 cod.
924 2524 1019 2575 Ge.
1054 2524 1262 2577 Fabric.
1331 2527 1636 2595 animisque
1669 2529 1850 2592 Sprot.
1918 2525 2047 2575 Post
2074 2541 2347 2596 prae-sene

110 2588 564 2663 interpungendum
601 2613 666 2646 ex
701 2594 978 2646 Burmanni
1014 2611 1222 2663 quoque
1253 2595 1532 2647 sententia.
1602 2595 1658 2647 Si
1689 2603 1865 2646 tumen
1899 2594 2108 2661 iungas:
2137 2611 2345 2676 praes-

113 2677 197 2713 ens
224 2665 414 2730 Adsit,
470 2675 531 2718 ut
565 2666 617 2716 si
662 2663 733 2715 sit
768 2663 1001 2732 optantis
1023 2700 1039 2729 ‚
1095 2663 1322 2716 utinum:
1371 2682 1470 2716 nec
1511 2664 1567 2715 id
1616 2662 1917 2731 importune
1965 2663 2079 2714 fieri
2117 2663 2345 2727 videtur,

113 2727 260 2784 ieiune
291 2744 489 2788 tamen.
576 2734 653 2802 (et
684 2732 761 2786 ita
795 2732 923 2785 olim
957 2734 1343 2803 intel-punctum
1375 2734 1572 2801 fuine,
1621 2733 1854 2805 probunt
1886 2732 2096 2786 Servius
2136 2743 2188 2784 et
2219 2733 2342 2783 Μο-

114 2797 195 2852 dic.
233 2806 313 2856 W
306 2804 372 2874 r.)

115 2972 389 3041 dictionis:
416 3000 691 3055 munera,
711 2982 1010 3058 praemia,
1022 2979 1173 3057 pal-

114 3079 195 3121 ma
211 3110 229 3140 ‚
298 3088 527 3126 corona
548 3110 566 3140 ‚
628 3066 874 3124 honores
890 3110 908 3140 ‚
981 3066 1167 3141 dona,

106 3154 402 3221 promissa.
500 3151 646 3216 855.
679 3151 822 3216 856.
858 3152 960 3209 Νἰ
982 3171 1171 3208 me—

92 3231 325 3306 fiartuna
391 3239 662 3311 tulisset,
740 3256 834 3296 me
891 3257 924 3293 a
975 3236 1171 3316 primo

104 3323 346 3394 praemio
385 3322 764 3399 abstulisset,
810 3321 1171 3396 abduxisset,

106 3408 436 3484 exquisitius
501 3428 681 3486 quam
738 3409 1019 3488 vulgare:
1108 3407 1174 3466 ni

103 3489 322 3554 fortuna
336 3494 491 3555 mihi
510 3493 820 3574 eripuisset
840 3492 1172 3574 praemium

103 3593 201 3651 pro
225 3581 403 3640 laude
428 3581 495 3641 h.
527 3600 577 3640 e.
611 3581 840 3640 virtute
868 3581 930 3639 in
966 3600 1167 3640 cursu.

103 3659 280 3738 (ferre
335 3667 588 3728 omniuo
643 3667 921 3726 fortunae
967 3666 1170 3726 lusum

102 3743 332 3810 denotat
344 3776 363 3830 3
434 3755 524 3812 sic
579 3742 681 3829 εὖ,
738 3756 940 3827 κακῶς
996 3749 1170 3832 φέρε-

100 3837 236 3896 σθαι
275 3839 439 3919 apud
486 3838 778 3914 Graecos,
831 3837 914 3896 itu
944 3845 1168 3913 tumen,

98 3925 162 3975 ut
188 3918 326 3982 haec
356 3923 591 3984 locutio
624 3945 657 3981 a
690 3923 1031 4002 navigando
1056 3941 1170 4002 pe·-

97 4002 196 4062 titn
229 4009 528 4071 videatur.
578 4007 745 4092 Wr.)
846 4011 992 4075 357.
1036 4008 1170 4067 Hoc

98 4108 166 4148 an
195 4093 426 4170 placere
468 4095 689 4177 possit,
750 4115 807 4157 v.
832 4095 912 4154 ud
934 4115 994 4154 v.
1021 4099 1166 4159 327.

97 4176 164 4233 cs.
192 4177 353 4241 Iliad.
392 4198 469 4262 ψ,
517 4182 662 4249 651.
690 4185 833 4247 781.
869 4212 957 4226 -
1021 4179 1167 4246 859.

93 4261 300 4341 clipeum
323 4269 399 4327 ab
423 4267 675 4344 artifice,
699 4266 800 4345 qui
829 4267 988 4342 fecit,
1002 4285 1170 4327 com-

95 4350 402 4413 mentiatur
444 4351 553 4435 (cf.
593 4353 675 4413 111
705 4353 825 4413 Ecl.
862 4350 993 4434 37),
1048 4359 1110 4411 et
1136 4372 1171 4411 a

95 4428 246 4514 ¹⁰09,
303 4460 430 4518 quo
476 4440 676 4500 suerat
715 4457 1065 4520 suupeneue,
1108 4436 1173 4497 in

1254 2978 1520 3059 Neptuni
1561 2979 1780 3058 templo
1809 2998 1922 3059 pro
1962 2976 2243 3051 donario,
2278 2983 2342 3034 et

1257 3065 1422 3144 quod
1451 3084 1482 3124 e
1509 3064 1805 3124 manubiis
1834 3073 1982 3124 erat.
2069 3061 2339 3121 Servius:

1255 3153 1529 3227 Danai-5,
1567 3172 1599 3209 u
1633 3153 1883 3210 Danais
1898 3173 1921 3223 ;
1953 3159 2016 3208 et
2043 3148 2340 3225 intelligi-

1255 3257 1389 3295 mue
1431 3236 1546 3300 hoc
1597 3237 1686 3295 ad
1734 3237 2006 3295 Aeneam
2058 3235 2340 3292 tran-sisse

1244 3324 1679 3400 perHelenum
1705 3319 1861 3403 (sup.
1876 3321 1978 3397 111,
2007 3321 2133 3386 465
2164 3314 2338 3400 ειμι).

1252 3408 1351 3467 Nil
1376 3410 1591 3468 refert:
1622 3408 1728 3466 sed
1760 3416 1820 3466 et
1849 3406 2074 3466 Aeneas
2089 3423 2164 3464 ex
2181 3411 2340 3461 tem-

1250 3494 1352 3574 plo
1369 3495 1568 3573 aliquo
1586 3494 1952 3553 Graecorum
1973 3493 2131 3552 inter
2161 3509 2342 3571 prae-

1255 3580 1393 3638 dam
1421 3580 1659 3639 auferre
1685 3580 1916 3660 potuit,
1961 3588 2034 3639 ut
2062 3577 2230 3637 color
2258 3576 2340 3636 sit

1253 3666 1459 3724 similis
1489 3686 1558 3724 ac
1580 3666 1681 3725 lib.
1706 3666 1806 3741 111,
1852 3665 2236 3731 286—288.

1339 3750 1726 3817 362—484.
1774 3751 1965 3811 Etiam
2007 3749 2170 3831 upud
2204 3748 2337 3809 Ho-

1251 3855 1487 3896 merum
1549 3839 1858 3919 πυγμαχία
1913 3837 1988 3897 fit
2039 3836 2206 3896 nied.
2261 3850 2335 3912 ψ,

1252 3923 1373 3989 661
1393 3925 1636 3988 -699.
1724 3923 1995 3983 Certuvit
2024 3942 2161 3983 cum
2186 3939 2337 4001 poe-

1251 4017 1453 4068 tarum
1481 4009 1943 4089 patreVirgilius
1960 4011 2082 4069 fere
2111 4008 2174 4066 in
2209 4008 2335 4066 sin-

1250 4095 1435 4175 gulis,
1478 4104 1552 4155 ut
1585 4094 1990 4175 comparando
2022 4093 2192 4152 facile
2230 4093 2333 4151 in-

1251 4180 1521 4261 telligent
1535 4225 1553 4257 ,
1634 4180 1851 4260 quibus
1901 4181 2052 4240 haec
2110 4197 2334 4258 cogno·

1256 4285 1419 4327 scere
1450 4266 1708 4326 lubitum
1749 4276 1866 4344 est,
1923 4264 2106 4325 modo
2134 4264 2332 4323 varie-

1256 4360 1379 4412 tate
1409 4352 1592 4411 modo
1619 4362 1858 4413 ornatu.
1914 4350 2175 4412 Omnino
2196 4349 2332 4429 pla-

1258 4438 1449 4498 cuisse
1486 4437 1597 4497 sibi
1632 4438 1879 4498 videtur
1906 4445 2082 4518 poeta
2121 4435 2184 4495 in
2216 4433 2334 4493 hoc

2194 1129 2354 1200 360
2459 1100 2468 1135 “·
