2882 5028
568 294 704 369 DE
756 294 1253 371 CARMINE
1306 294 1619 371 EPICO
1676 296 2052 373 VIRGIL.
2365 309 2460 378 31

194 483 439 583 aliqua
488 483 914 582 proposita
979 506 1165 557 cum
1214 483 1510 582 poetis,
1581 494 1751 557 tum
1800 482 1964 558 aliis
2019 485 2466 582 ingeniosa-

200 613 368 661 rum
412 588 700 661 artium
746 585 1236 663 auctoribus,
1340 588 1549 662 Fieri
1594 586 1893 661 scilicet
1938 588 2160 663 nullo
2206 588 2465 665 modo

206 704 482 791 potest,
543 714 716 791 quo
757 691 1036 764 minus
1071 687 1435 788 voluptas
1479 715 1630 789 per
1669 692 1963 787 ingenii
2009 690 2466 768 facultatem

204 808 447 895 parata
474 794 913 869 utilitatem
948 792 1057 868 ad
1101 792 1438 868 aliorum
1474 794 1786 891 ingenia
1817 793 2146 889 habeat3
2206 797 2464 870 enim-

203 925 377 974 vero
418 897 797 997 voluptas
843 897 1027 971 satis
1071 920 1354 993 magna
1391 895 1870 998 (perfectam
1906 897 2182 974 dicunt
2212 901 2460 974 nostri

200 1002 597 1098 homines)
631 1026 809 1076 esse
842 1025 1008 1076 non
1043 1013 1333 1100 potest,
1386 1002 1534 1077 nisi
1573 1026 1756 1077 cum
1785 1001 2127 1096 honesti,
2182 1003 2462 1103 pulcri,

199 1132 277 1181 ac
305 1108 476 1181 veri
508 1130 759 1181 sensu
790 1103 922 1178 illa
970 1105 1390 1179 coniuncta
1426 1107 1543 1182 sit.
1628 1104 2097 1182 Delectandi
2132 1106 2462 1209 quidem

198 1210 415 1285 modi
477 1235 568 1284 ac
620 1232 1052 1283 mensurae
1108 1221 1294 1282 sunt
1351 1207 1745 1287 infinitae:
1843 1209 2461 1285 delectationem

195 1338 594 1389 summam
635 1311 837 1386 nihil
877 1309 1148 1406 affert,
1202 1313 1349 1386 nisi
1391 1313 1611 1413 quod
1647 1312 1804 1389 suis
1842 1315 2198 1389 numeris
2229 1313 2462 1389 abso-

194 1417 453 1493 lutum
499 1430 645 1497 est.
750 1415 1094 1492 Decedit
1135 1415 1338 1491 adeo
1367 1416 1752 1517 voluptati
1798 1442 1889 1492 ex
1916 1418 2289 1494 Aeneidis
2319 1442 2459 1492 seu

192 1521 450 1597 Iliadis
496 1522 853 1597 lectione
894 1518 1325 1619 capiendae
1374 1544 1622 1612 omne
1665 1520 1785 1616 id,
1843 1521 2068 1622 quod
2102 1523 2184 1597 in
2223 1521 2460 1596 alter-

191 1639 363 1700 utra
388 1626 704 1718 sensui,
761 1648 1009 1724 quem
1045 1623 1379 1699 diximus
1401 1685 1422 1722 ,
1476 1648 1645 1698 non
1679 1627 1858 1699 satis
1883 1623 2086 1700 facit.
2162 1628 2459 1703 Contra

192 1732 405 1828 signa
431 1727 831 1829 Apollinis
863 1727 987 1803 vel
1018 1728 1375 1821 VeneriS,
1429 1729 1812 1828 quoniam
1850 1728 2074 1805 illum
2107 1753 2458 1825 sensum,

192 1836 432 1909 etiam
498 1858 743 1933 supra
805 1843 1134 1907 naturae
1195 1830 1660 1925 modulum,
1743 1857 1833 1907 ea
1889 1833 2246 1933 explent,
2315 1856 2458 1907 vo-

191 1937 493 2040 luptate
524 1961 843 2012 summa
872 1934 1265 2030 afficiunt,
1321 1960 1526 2036 quae
1578 1960 1730 2012 nec
1765 1932 2032 2012 minus
2083 1937 2184 2013 ad
2216 1937 2456 2012 animi

189 2066 459 2118 mores
494 2054 577 2115 et
620 2038 962 2115 affectus
994 2039 1610 2139 componendos
1651 2041 1813 2115 vim
1851 2039 2150 2116 habere.
2189 2040 2456 2116 debet.

190 2147 415 2223 Adeo
487 2169 683 2220 vera
732 2142 1098 2243 voluptas
1167 2167 1347 2218 cum
1410 2169 1598 2219 vera
1648 2143 1982 2220 utilitate
2036 2146 2454 2221 coniuncta

191 2264 339 2344 est;
408 2251 532 2325 uti
575 2259 859 2324 contra
906 2247 1264 2348 speciosa
1320 2246 1580 2348 aliqua
1619 2250 2126 2348 praestantia,
2197 2262 2330 2323 aut
2373 2250 2452 2321 in

191 2355 457 2456 aliquo
502 2361 827 2427 tantum
872 2373 1172 2449 genere
1222 2352 1679 2446 constituta,
1758 2352 1887 2428 vel
1944 2353 2023 2425 in
2079 2352 2453 2427 adiuncto

192 2457 449 2561 aliquo
491 2456 842 2549 inclusa,
896 2454 1340 2555 speciosam
1369 2468 1679 2531 tantum
1712 2470 1844 2532 aut
1884 2479 1975 2532 ex
1999 2470 2224 2557 parte
2263 2455 2455 2530 hau-

190 2577 382 2638 stam
428 2561 946 2660 voluptatem
995 2555 1268 2650 affert,
1338 2560 1709 2660 adeoque
1761 2562 1998 2635 etiam
2033 2560 2455 2637 utilitatem

188 2667 469 2744 iisdem
498 2664 807 2740 finibus
843 2664 1534 2764 circumscriptam.

382 2774 598 2847 XVI.
649 2765 1140 2844 Dissimilem
1164 2779 1434 2842 tamen
1469 2766 1807 2842 omnino
1835 2768 2450 2842 Homericorum

190 2874 535 2951 heroum
603 2873 830 2947 aiunt
871 2894 1042 2946 esse
1072 2874 1467 2962 Aeneam;
1521 2868 1991 2945 inferiorem
2024 2870 2332 2946 Achille
2378 2884 2456 2946 et

194 2977 503 3075 Ulysse;
578 2983 754 3053 sola
781 2981 1072 3075 pietate
1108 2980 1489 3073 insignem.
1597 2972 1810 3067 Quid
1853 2974 2138 3072 igitur?
2190 2975 2254 3049 si
2298 2979 2454 3051 Ae·-

191 3107 373 3158 neas
396 3082 612 3159 alter
654 3092 865 3155 esset
890 3076 1286 3155 Achilles?
1339 3077 1542 3152 alter
1580 3077 1941 3175 Ulysses?
2010 3103 2280 3154 annon
2325 3103 2456 3154 ex-

185 3191 573 3289 scriptum
596 3183 867 3284 potius
896 3196 976 3258 et
1007 3181 1263 3258 servili
1298 3180 1735 3257 imitatione
1768 3206 2223 3283 expressum
2266 3207 2451 3258 eum

187 3291 474 3368 dicturi
528 3291 751 3364 sint?
827 3292 1011 3363 Non
1076 3307 1225 3383 ego
1277 3284 1339 3358 is
1393 3309 1610 3381 sum,
1698 3288 1835 3386 qui
1898 3311 2130 3362 caeco
2186 3285 2451 3387 aliquo

182 3410 477 3496 poetae
518 3391 691 3467 mei
732 3415 1009 3466 amore
1055 3388 1255 3464 nihil
1306 3388 1402 3463 ab
1453 3414 1551 3465 eo
1591 3403 2006 3489 peccatum
2059 3415 2226 3466 esse
2261 3414 2452 3464 con-

185 3500 527 3576 tendere
557 3493 828 3573 velim.
933 3492 1199 3570 Iliadis
1224 3507 1786 3589 argumentum
1812 3491 2256 3570 feliciorem
2284 3519 2455 3570 ma-

186 3607 469 3680 teriam
515 3614 600 3677 et
647 3600 921 3699 epicae
957 3597 1345 3696 gravitatis
1378 3596 1596 3673 haud
1631 3596 1898 3697 paullo
1932 3598 2111 3698 plus
2153 3597 2452 3674 habere

190 3710 247 3782 si
274 3710 454 3809 quis
494 3704 819 3798 dixerit,
872 3726 1011 3776 me
1042 3699 1285 3776 habet
1316 3703 1922 3795 assentientem;
1981 3717 2062 3778 et
2093 3700 2457 3778 delector

193 3812 354 3911 ipse
396 3808 669 3887 multo
708 3807 966 3904 magis
1012 3806 1345 3880 Homeri
1413 3803 1761 3881 lectione
1813 3829 2055 3906 quam
2111 3807 2452 3906 Virgilii;

196 3929 462 4014 regnat
504 3916 588 3990 in
645 3909 1105 3987 Homericis
1142 3907 1527 3984 heroibus
1582 3908 1955 3984 naturalis
2008 3909 2321 3986 habitus
2375 3923 2455 3985 et

199 4016 554 4116 affectuS,
623 4015 878 4093 animi
921 4014 1305 4112 impetuS‚
1373 4011 1705 4088 iniuriae
1749 4027 2112 4114 acceptae
2154 4038 2453 4111 senSUS,

203 4123 501 4222 qualem
547 4137 629 4198 et
672 4123 855 4223 ipse
904 4114 1211 4213 habeo,
1282 4115 1769 4192 desiderium
1816 4117 2119 4193 reditus
2168 4117 2269 4193 ad
2306 4122 2453 4193 La-

197 4250 339 4327 res,
393 4229 631 4334 quale
678 4227 869 4327 ipse
912 4220 1289 4311 sentiam;
1346 4221 1429 4294 in
1480 4219 1838 4320 Aeneide
1886 4234 2072 4297 sunt
2130 4220 2454 4297 consilia

188 4331 276 4413 de
324 4337 552 4413 novis
624 4325 985 4410 sedibus
1049 4323 1133 4397 in
1182 4336 1389 4399 terra
1448 4324 1715 4422 ignota
1770 4324 2174 4426 parandis3
2254 4323 2453 4400 nihil
