2882 5028
730 348 1266 425 ExcURsth
1319 351 1358 425 1
1410 353 1545 425 AD
1600 351 1781 450 Lm,
1834 352 1944 427 v1
2257 358 2454 430 1003

210 541 338 601 hoc
379 525 690 624 utefeffln
751 553 826 601 ut
881 550 1155 600 mortuos
1215 542 1553 602 consuleret
1598 551 1660 601 et
1720 542 1801 601 ab
1849 541 1923 599 iis
1975 559 2259 621 responsa
2301 542 2461 602 serre

211 626 558 701 videretur3
601 637 845 704 contra,
886 627 952 686 in
993 625 1127 699 hac,
1171 628 1399 687 animae
1426 636 1665 687 nostrae
1702 637 1923 687 natura
1955 646 2108 704 quae
2149 628 2246 702 sit,
2286 627 2462 707 igno-

209 713 468 788 ratione,
512 712 751 773 difficile
792 732 916 773 esse
956 712 1194 787 debuit,
1253 713 1371 772 ista
1415 714 1796 793 persuasione
1836 723 1900 772 et
1939 713 2154 773 fraude
2197 714 2463 774 animum

210 799 489 862 liberare.
574 799 858 871 Obtinuit
898 818 965 858 ea
1004 799 1125 858 iam
1165 797 1308 858 olim
1346 799 1408 858 in
1455 799 1732 876 Oriente,
1791 809 1866 859 ut
1923 818 1956 857 e
1998 800 2184 860 sacris
2226 800 2464 859 vatibus

213 893 491 961 constat,
534 893 666 945 tum
706 884 772 944 in
815 884 1098 962 Graecia,
1137 884 1341 960 Italia,
1385 884 1515 943 aliis
1556 886 1719 945 locis.
1804 885 1962 944 Hinc
2001 896 2316 965 poetarum
2360 885 2463 945 in-

212 970 388 1051 genia
431 971 741 1031 materiam
786 980 849 1031 et
890 979 1171 1032 ornatum
1224 971 1557 1031 carminum
1599 970 1744 1031 inde
1783 972 2109 1050 petierunt.
2188 973 2312 1032 Nec
2332 971 2466 1032 Ho-

215 1057 369 1116 meri
411 1056 594 1117 modo
636 1055 900 1136 mythica
941 1057 1203 1117 sollertia
1248 1057 1315 1116 in
1359 1055 1456 1116 bis
1496 1077 1559 1116 se
1600 1065 1973 1134 exercuerat5
2014 1057 2150 1135 sed,
2200 1059 2467 1132 Νεκυίας

216 1142 512 1216 condere,
552 1162 650 1202 res
688 1141 936 1203 videtur
977 1143 1155 1203 fuisse
1196 1143 1501 1202 veteribus
1520 1144 1722 1222 ‚poetis
1754 1142 2026 1223 pluribus
2061 1146 2465 1223 frequentata,

217 1230 316 1288 uti
377 1227 557 1306 plura
615 1230 796 1287 etiam
846 1248 955 1309 per
1015 1229 1325 1288 Graeciam
1377 1231 1545 1289 suere
1602 1231 2016 1289 Necromantia
2033 1274 2051 1306 ,
2128 1230 2468 1308 antiquiore

218 1322 385 1372 certe
430 1332 610 1390 aevo;
654 1334 794 1373 nam
830 1316 1008 1374 talem
1051 1314 1532 1393 superstitionem
1590 1316 1799 1375 melior
1839 1317 1997 1375 vitae
2054 1316 2295 1375 cultura
2337 1324 2468 1375 sta-

215 1401 333 1459 tim
370 1399 580 1459 tollere
620 1399 847 1461 debuit.
932 1401 1003 1460 In
1045 1400 1324 1480 Minyade
1369 1410 1431 1460 et
1472 1402 1536 1460 in
1580 1397 1846 1475 Νόστοις
1883 1420 1981 1462 res
2027 1402 2245 1461 inferas
2287 1401 2467 1461 Orci-

217 1503 340 1561 que
385 1492 645 1545 terrores
687 1486 866 1545 fuisse
906 1495 1197 1547 tractatos
1214 1531 1230 1560 ,
1275 1495 1537 1547 testatur
1576 1487 1896 1547 Pausanias
1937 1488 2015 1561 X,
2058 1490 2163 1562 28,
2208 1497 2269 1547 et
2311 1488 2468 1545 inter

219 1567 524 1631 Hesiodea
581 1570 794 1631 Thesei
832 1573 950 1632 fuit
993 1591 1132 1633 cum
1188 1571 1458 1632 Pirithoo
1516 1572 1595 1633 ad
1650 1573 1875 1633 inferos
1918 1572 2267 1647 descensus,
2324 1572 2468 1632 ibid.

219 1657 332 1731 IX,
377 1659 481 1731 31,
532 1657 684 1716 alius
738 1656 1015 1717 Herculis
1070 1659 1138 1716 in
1190 1657 1512 1718 Heracliis:
1588 1678 1709 1736 quo
1752 1660 2008 1732 sactum,
2061 1667 2135 1717 ut
2190 1657 2290 1717 hic
2342 1659 2471 1738 ipse

219 1742 500 1802 Herculis
543 1742 860 1803 descensus
900 1744 1081 1806 variis
1113 1743 1307 1804 modis
1350 1753 1729 1804 narraretur.
1787 1746 1943 1804 conf.
1980 1743 2255 1824 Apollod.
2298 1743 2369 1819 11,
2409 1743 2469 1819 5,

226 1832 312 1891 12
354 1836 416 1886 et
454 1831 642 1890 Notas
668 1850 799 1909 pag.
830 1831 956 1897 428
984 1851 1108 1910 sqq.
1195 1830 1456 1891 Platonis
1504 1830 1580 1889 de
1620 1830 1822 1890 inseris
1862 1829 2078 1909 mystu‘,
2122 1850 2273 1910 quos
2315 1847 2347 1887 e
2374 1838 2473 1887 te-

218 1912 361 1971 letis
400 1926 687 1996 repetunt
727 1917 1023 1992 nonnulli,
1065 1935 1188 1977 non
1232 1917 1474 1977 aliunde
1516 1917 1675 1976 forte
1717 1926 1893 1976 erant
1931 1917 2127 1995 petiti,
2173 1934 2352 1993 quam
2394 1933 2474 1973 ex

219 2003 421 2078 poetis
468 2002 921 2080 antiquioribus.
1006 2003 1129 2061 Nec
1167 1995 1558 2082 improbabile
1599 2011 1719 2078 est,
1779 2023 1813 2061 a
1854 2001 2114 2081 Tragicis
2156 2001 2473 2059 Romanis-
2524 2071 2545 2078 ι

222 2106 346 2166 que
392 2088 456 2147 in
498 2088 751 2165 fabulis,
795 2106 945 2167 quae
989 2088 1064 2147 de
1107 2089 1365 2148 Hercule
1410 2088 1756 2167 Theseoque
1799 2097 2076 2167 agerent,
2134 2087 2350 2167 passim
2398 2085 2475 2144 de

220 2174 408 2235 rebus
448 2174 651 2234 inseris
692 2174 956 2235 intextas
997 2174 1176 2234 fuisse
1219 2175 1623 2248 narrationes,
1680 2195 1816 2234 cum
1861 2174 2205 2233 descensum
2253 2173 2330 2231 ad
2372 2172 2475 2230 in·

223 2260 386 2319 seros
429 2270 820 2338 exponerent.
905 2261 998 2320 Ita
1040 2281 1076 2319 a
1118 2269 1390 2321 veterum
1432 2260 1762 2335 imitatore,
1807 2262 2062 2335 Seneca,
2110 2261 2332 2320 sactum
2377 2258 2476 2318 vi-

226 2345 338 2404 des
377 2345 442 2403 in
484 2345 743 2406 Hercule
784 2347 1042 2407 furente.
1128 2348 1307 2410 Plura
1350 2347 1476 2406 eius
1526 2346 1755 2424 generis
1805 2346 2133 2407 occurrisse
2189 2344 2477 2404 videntur

225 2431 292 2490 in
338 2429 564 2491 Theseo
608 2432 943 2511 Euripidis,
1000 2433 1050 2491 si
1094 2451 1400 2512 compares
1453 2431 1652 2491 Schol.
1696 2430 1994 2511 Aristoph.
2037 2431 2117 2490 ad
2159 2431 2308 2490 Ran.
2351 2428 2478 2493 476

226 2526 294 2577 et
341 2518 437 2593 al.,
483 2539 601 2597 qua
645 2519 772 2598 ipsa
815 2521 877 2577 in
919 2519 1123 2577 fabula
1170 2517 1390 2578 Bacchi
1446 2517 1525 2576 ad
1582 2519 1805 2577 inferos
1866 2518 2182 2578 descensus
2226 2514 2478 2574 exhibe-

226 2612 355 2664 tur.
440 2604 666 2664 Rerum
707 2605 1037 2663 inferarum
1077 2605 1360 2683 frequens
1400 2622 1641 2682 quoque
1682 2604 1906 2663 m'entio
1941 2604 2006 2662 in
2033 2601 2481 2661 evocationibus

228 2688 619 2765 umbrarum,
690 2689 779 2749 uti
839 2690 1125 2765 Tiresiae,
1180 2699 1241 2748 et
1291 2691 1357 2750 in
1417 2690 1684 2748 Manium
1743 2687 2247 2768 apparitionibus,
2304 2695 2377 2745 ut
2415 2685 2479 2744 in
2584 2698 2599 2729 ⁸

230 2774 541 2853 Euripidis
596 2775 873 2852 Hecuba3
936 2775 1095 2834 unde
1151 2775 1335 2834 latine
1390 2794 1747 2835 conversum
1791 2774 1865 2831 ab
1915 2774 2107 2832 Ennio
2164 2773 2238 2832 de
2280 2770 2482 2830 Ache-

225 2870 414 2921 ronte
454 2861 655 2921 locum
713 2860 979 2923 servavit
1029 2862 1232 2920 Cicero
1290 2863 1463 2922 Tusc.
1516 2861 1636 2934 Qu.
1682 2861 1733 2935 1,
1795 2864 1894 2924 16.
1936 2860 2000 2918 in
2055 2858 2233 2918 Ennii
2270 2858 2479 2936 fragm.

230 2946 516 3006 Column.
575 2967 634 3026 p.
698 2949 826 3013 242
865 2948 1104 3006 Adsum
1144 2960 1324 3027 atque
1372 2948 1627 3006 advenio
1670 2946 2007 3005 Acherunte
2055 2948 2160 3002 vix
2203 2947 2308 3005 via
2351 2945 2484 3002 alta

231 3045 424 3112 atque
465 3034 664 3091 ardua
683 3075 701 3107 ,
767 3036 898 3091 Per
934 3035 1256 3110 speluncas
1299 3036 1501 3093 saxeis
1553 3044 1807 3091 structas
1863 3034 2122 3109 aspersis
2162 3031 2484 3108 pendenti-

231 3120 352 3178 bus
397 3121 753 3177 Maxumeis
766 3143 789 3189 ς
832 3117 937 3176 ubi
974 3120 1181 3197 rigida
1222 3131 1454 3178 constat
1495 3138 1701 3177 crassa
1745 3118 1950 3196 caligo
1997 3115 2254 3195 inferum
2267 3137 2296 3188 ‚·
2349 3116 2485 3173 Un-

231 3205 314 3265 de
358 3206 602 3263 animae
649 3206 983 3263 excitantur
1043 3204 1292 3264 obscura
1348 3203 1562 3264 umbra
1580 3248 1599 3279 ,
1658 3215 1862 3280 aperto
1920 3206 2067 3261 ostio
2108 3203 2244 3261 Alci
2284 3201 2488 3260 Ache-

230 3292 452 3363 nattis,
481 3289 662 3369 falso
703 3292 1002 3366 sanguine
1043 3303 1403 3349 mortuorum
1445 3293 1761 3367 imagines.
1849 3288 2059 3362 Quid‘?
2109 3288 2275 3366 quod
2309 3287 2488 3345 etiam

230 3378 479 3458 pictura
523 3374 716 3452 attigit
755 3374 886 3435 illa:
929 3385 1021 3436 est
1063 3375 1384 3455 descriptio
1425 3375 1667 3435 tabulae
1689 3395 1721 3433 a
1749 3375 2080 3453 Polygnoto
2120 3375 2312 3433 sactae
2346 3373 2489 3432 Del-

233 3460 380 3544 phis
424 3461 489 3520 in
531 3460 764 3520 leschae
818 3461 1075 3540 pariete,
1130 3461 1195 3520 in
1249 3482 1369 3541 qua
1410 3463 1630 3541 Necyia
1677 3459 1975 3520 exhibita:
2033 3460 2205 3521 Paus.
2244 3461 2324 3535 X,
2386 3462 2490 3532 28,

232 3547 351 3610 ubi
390 3565 570 3607 verns
611 3546 839 3626 Ulyssis
895 3546 972 3605 ad
1030 3547 1254 3608 inferos
1304 3547 1618 3607 descensus
1673 3547 1764 3606 fit.
1851 3547 1983 3605 Alia
2032 3546 2228 3607 Niciae
2286 3544 2492 3605 tabula

233 3631 410 3713 apud
450 3632 711 3693 Plinium
752 3632 1008 3708 XXXV,
1056 3637 1131 3697 11
1177 3655 1222 3693 s.
1266 3637 1369 3698 28.
1454 3633 1676 3693 Fertur
1729 3633 1976 3692 tandem
2018 3632 2084 3691 in
2134 3632 2330 3691 teletis
2378 3629 2492 3688 ali-

235 3719 491 3799 quando
533 3738 742 3778 rerum
767 3720 1092 3778 inferarum
1137 3719 1517 3779 adumbratio
1562 3718 1890 3779 dramatica
1934 3721 2090 3778 sacta
2130 3738 2270 3782 esse.
2329 3717 2495 3776 Inter

237 3807 396 3868 haec
438 3805 858 3865 observatione
900 3805 1142 3884 dignum
1186 3804 1369 3881 illud,
1417 3825 1449 3863 a
1482 3824 1661 3883 quam
1699 3806 1902 3884 parvis
1943 3804 2130 3865 initiis
2159 3808 2491 3864 commenta

236 3892 397 3951 haec
441 3899 502 3949 et
542 3890 824 3968 figmenta
865 3891 941 3950 de
985 3890 1326 3949 conditione
1376 3890 1706 3949 animarum
1750 3901 1888 3970 post
1932 3900 2184 3951 mortem
2224 3889 2494 3969 prosecta

242 3980 400 4037 sint:
449 3976 847 4036 condonanda
891 3976 1100 4054 utique
1140 3976 1240 4035 illa
1286 3975 1602 4055 cupiditati
1632 3977 1849 4035 mentis
1891 3975 2205 4050 humanae,
2251 3983 2310 4032 et
2343 3972 2494 4032 mira

243 4063 447 4139 aliqua
487 4062 861 4121 iucunditate
905 4081 967 4122 se
1014 4061 1524 4138 commendantia,
1567 4081 1678 4121 nec
1719 4063 1982 4140 indigna,
2024 4061 2239 4139 quibus
2281 4060 2498 4120 immo-

241 4158 422 4211 retur
463 4148 766 4227 ingenium
810 4147 1078 4207 erectius.
1164 4147 1348 4227 Apud
1387 4147 1717 4208 Homerum
1761 4158 1848 4207 est
1900 4151 2188 4206 Tanarus
2217 4146 2497 4204 Titanum

241 4234 417 4295 sedes
461 4242 523 4292 et
563 4253 801 4311 carcer3
847 4252 1036 4312 neque
1088 4233 1260 4295 aliter
1305 4234 1468 4314 apud
1512 4234 1838 4293 Hesiodum
1882 4251 1978 4292 res
2022 4251 2082 4291 se
2125 4231 2341 4308 habet,
2387 4231 2501 4289 nisi

242 4319 416 4401 quod
474 4320 777 4379 Uranidae
833 4319 895 4379 in
957 4319 1166 4379 iisdem
1224 4321 1628 4394 collocantur3
1698 4320 1852 4378 conf.
1893 4319 1997 4380 ins.
2043 4319 2294 4378 Excurs.
2351 4316 2501 4377 Vm.

241 4407 419 4467 Alius
475 4405 638 4487 apud
683 4406 1014 4466 Homerum
1056 4406 1225 4467 locus
1279 4415 1369 4466 est
1412 4406 1724 4486 Eh‘siam,
1794 4403 2078 4463 heroibus
2137 4403 2504 4479 destinatus;
2543 4418 2546 4424 “
