2882 5028
787 406 975 478 AD
1079 404 1945 520 LIBRUMVI
2284 414 2480 486 1017

231 593 398 654 unde
424 592 604 652 etiam
629 594 873 654 Servius
903 595 980 654 ad
1008 615 1067 652 v·
1101 592 1226 660 426
1252 615 1390 654 suos
1414 614 1633 655 novem
1654 595 1908 655 circulos
1950 594 2193 655 duxisse
2216 595 2482 674 videtur,

230 681 349 739 etsi
384 679 575 739 alieno
615 699 651 736 a
685 680 915 760 Virgilii
954 689 1153 739 mente
1193 690 1549 741 commento.
1650 683 1822 741 Certe
1860 699 2076 740 novem
2119 683 2323 741 Dantis
2370 704 2484 742 an-

230 768 465 827 fractus
516 764 594 823 ad
635 766 892 825 Platonis
953 766 1296 845 virgiliique
1356 767 1603 826 ductum
1638 767 1892 827 iunctim
1936 767 2276 827 adumbrati
2323 778 2483 829 sunt.

229 852 386 912 Nam
407 849 621 910 ‘Silium
652 851 726 909 ab
754 871 824 911 eo
849 852 1072 911 lectum
1094 871 1217 909 esso
1249 852 1478 920 dubito.

407 937 518 995 Via
548 936 789 1012 quidem
816 937 1011 1016 prima
1037 957 1145 1016 per
1169 939 1508 1017 speluncam
1526 983 1544 1014 ,
1609 958 1754 997 mox
1784 938 2102 997 immensas
2146 958 2256 1018 per
2287 939 2482 1014 silvas,

234 1022 557 1101 caliginoso
592 1023 786 1097 caelo,
834 1022 1096 1081 ducebat
1127 1023 1206 1081 ad
1231 1042 1481 1081 amnem.
1600 1080 1607 1088 ,

408 1108 480 1167 In
496 1109 695 1186 primo
737 1109 880 1166 Orci
917 1109 1091 1178 aditu
1146 1104 1535 1191 (προάστειον
1574 1107 1827 1182 dixeris,
1878 1117 2092 1186 poetae
2133 1108 2487 1168 vestibulum

234 1193 378 1273 est),
438 1193 707 1270 citraque
756 1192 1186 1269 Acherontem,
1248 1197 1479 1253 Laetus
1501 1238 1517 1265 ,
1588 1194 1778 1252 Curae
1800 1238 1816 1267 ,
1879 1194 2122 1269 Morbi,
2184 1196 2483 1271 Senecae-s,

237 1282 452 1339 Metus
470 1323 487 1353 ,
535 1281 758 1337 Fames
777 1322 795 1353 ,
843 1281 1128 1360 Egestae,
1181 1281 1424 1353 Letum,
1474 1278 1711 1353 Labor,
1762 1280 1970 1356 Sopor,
2014 1281 2184 1338 mala.
2218 1280 2488 1355 Gaudia,

237 1366 522 1438 Bellum,
569 1366 929 1422 Eumenides
946 1410 963 1440 ,
1012 1366 1371 1423 Discordiae
1400 1364 1597 1423 sedem
1622 1364 1841 1423 habere
1865 1363 2154 1425 dicuntur
2187 1385 2244 1425 v.
2279 1369 2490 1431 273—

240 1453 368 1515 281
404 1450 669 1527 elegante
695 1449 945 1528 myth03
988 1450 1119 1529 quis
1147 1451 1302 1508 enim
1335 1470 1460 1510 non
1488 1451 1778 1527 intelligat
1802 1469 1922 1508 esse
1945 1450 2093 1509 haec
2129 1451 2303 1525 mala,
2348 1450 2489 1529 qui-

237 1536 358 1594 bus
429 1534 596 1594 Mors
655 1537 1011 1612 arcessitur,
1081 1555 1350 1614 quaeque
1416 1535 1578 1595 illam
1637 1537 1734 1596 vel
1802 1537 2167 1596 antecedunt
2219 1536 2316 1596 vel
2384 1557 2489 1594 co-

237 1620 568 1679 mitantur!

418 1706 487 1765 In
526 1706 722 1765 medio
764 1708 1012 1765 Somnia
1052 1707 1117 1766 in
1165 1708 1330 1767 ulmo
1375 1707 1741 1783 nidulantia,
1819 1707 1898 1767 ad
1936 1708 2184 1768 Homeri
2221 1706 2489 1766 ductum.

243 1811 309 1851 v.
343 1791 482 1850 Not.
513 1790 588 1849 ad
612 1792 992 1857 282—284.
1083 1793 1251 1867 Quae
1295 1814 1432 1852 cum
1470 1803 1648 1853 nocte
1696 1794 2013 1853 coniuncta
2054 1802 2224 1866 sunt,
2286 1792 2493 1851 eadem

243 1896 388 1936 cum
416 1877 561 1936 locis
602 1877 839 1953 inferis,
891 1877 986 1937 uti
1014 1899 1151 1937 cum
1178 1879 1307 1957 ipsa
1329 1888 1555 1954 morte,
1601 1879 1924 1939 coniuncta
1957 1888 2114 1939 sunt.
2200 1880 2351 1937 Cum
2381 1897 2493 1936 au-

245 1972 373 2020 tem
412 1962 615 2021 Hades
659 1957 892 2041 Ἀΐδης,
948 1964 1191 2042 proprie
1211 2008 1227 2037 ,
1283 1968 1391 2044 qui
1440 1970 1603 2024 cerni
1654 1969 1894 2045 nequit,
1953 1965 2153 2024 locum
2186 1964 2365 2022 saciat
2401 1962 2494 2037 iis,

245 2066 404 2126 quae
443 2048 662 2106 mentis
706 2068 860 2106 vana
898 2048 1160 2127 fingendi
1200 2049 1264 2108 vi
1306 2050 1634 2129 excogitari
1673 2060 1958 2130 possunt,
2013 2059 2288 2111 monstra
2333 2049 2497 2107 anti-

246 2133 670 2212 quissimorum
698 2143 908 2193 vatum
936 2133 1037 2193 hic
1077 2135 1468 2195 collocantur.
1552 2137 1762 2215 Itaque
1801 2135 1944 2195 hinc
1983 2135 2125 2195 inde
2170 2133 2320 2194 haec
2363 2135 2498 2194 loca

244 2229 460 2279 tenent
499 2221 813 2293 Centauri,
868 2222 1106 2298 Scyllae
1125 2265 1144 2296 ,
1192 2222 1515 2298 Briareus,
1555 2225 1807 2302 Hydra,
1859 2223 2201 2296 Chimaera,
2257 2222 2499 2296 Gorgo-

246 2326 391 2391 nes,
472 2307 829 2383 Hatpyiae,
911 2307 1147 2385 Geryon
1161 2351 1180 2380 ,
1254 2327 1316 2366 v.
1358 2311 1760 2383 282—289‚
1820 2308 1926 2367 ubi
1968 2329 2027 2367 v.
2058 2308 2197 2366 Not.
2235 2306 2312 2366 ad
2351 2304 2498 2369 285.

250 2390 513 2449 Omnino
543 2388 662 2448 hoc
688 2390 954 2469 proclive
984 2392 1102 2451 fuit
1121 2436 1139 2465 ‚
1187 2400 1502 2470 poetarum
1547 2413 1653 2453 seu
1679 2396 2012 2475 sapientum
2038 2393 2266 2453 animos
2293 2392 2359 2451 in
2383 2389 2501 2449 hoc

248 2475 608 2558 phantasma
633 2475 942 2535 incurrere
963 2520 981 2552 ,
1025 2487 1097 2536 ut
1126 2476 1191 2536 in
1217 2478 1388 2538 aditu
1412 2476 1490 2537 ad
1516 2478 1880 2540 Umbrarum
1922 2480 2055 2540 loca
2077 2478 2501 2561 phantasmata

248 2564 368 2623 ista
394 2571 455 2621 et
481 2570 749 2621 monstra
775 2562 1152 2622 collocarent.

426 2648 789 2707 Perventum
831 2658 921 2706 est
942 2649 1021 2707 ad
1056 2669 1334 2709 amnem:
1374 2667 1552 2727 quem
1579 2646 1707 2713 384
1734 2650 2000 2728 Stygem,
2048 2649 2176 2713 295
2190 2647 2503 2706 Acheron-

254 2747 375 2793 tem
413 2743 612 2793 vocat.
696 2735 783 2792 De
808 2732 928 2792 hoc
950 2755 1094 2794 mox
1126 2734 1422 2814 sigillatim
1453 2734 1859 2814 dispiciemus„
1917 2735 2166 2794 Excurs.
2195 2733 2303 2791 IX.
2386 2733 2503 2790 Pe-

252 2817 442 2879 tituin
472 2829 562 2878 est
588 2819 946 2900 phantasma
971 2820 1090 2880 hoc
1115 2842 1150 2878 a
1182 2821 1376 2900 regnis
1415 2841 1486 2878 ac
1514 2819 1871 2899 provinciis,
1915 2840 2171 2897 quarum
2210 2819 2359 2877 fines
2396 2836 2504 2896 per

253 2925 473 2985 magna
498 2905 747 2965 flumina
783 2915 1094 2984 reguntur.
1180 2907 1274 2966 Ex
1301 2905 1639 2986 priscorum
1662 2914 1975 2984 poetarum
2001 2904 2281 2984 opinione
2309 2905 2503 2961 Ocea—

255 3013 376 3052 nus
406 2992 706 3051 terrarum
731 2991 936 3050 orbem
980 3012 1147 3051 more
1172 2992 1363 3052 amnis
1387 2991 1651 3051 ambiens
1675 2992 1741 3049 in
1763 2989 2113 3049 occidentali
2145 2999 2340 3069 parte,
2390 2990 2507 3047 So-

256 3078 333 3137 lis
369 3077 720 3152 occidentis,
764 3078 997 3154 Noctis,
1042 3079 1282 3153 Somni,
1332 3077 1530 3153 aedes,
1574 3086 1707 3136 tum
1747 3076 2042 3155 Elysium,
2101 3075 2348 3133 tandem
2392 3073 2505 3133 ad-

256 3165 417 3224 itum
446 3161 525 3220 ad
553 3163 685 3221 loca
708 3164 895 3222 infera
922 3165 1269 3225 continebat
1305 3161 1410 3242 (cf.
1444 3164 1663 3243 Opusc.
1690 3164 1757 3222 T.
1800 3163 1847 3238 I,
1890 3183 1950 3242 p.
1972 3165 2097 3227 397
2130 3157 2313 3242 sqq.):
2356 3159 2507 3218 Flu-

259 3249 421 3309 mine
465 3257 664 3306 autem
710 3249 866 3307 circa
909 3250 1135 3309 Orcum
1179 3251 1395 3326 ducto,
1460 3250 1661 3308 aditus
1707 3269 1834 3308 non
1874 3256 2002 3306 erat
2042 3247 2155 3306 nisi
2197 3248 2336 3306 navi
2374 3256 2508 3305 tra-

258 3336 499 3411 iiceres;
544 3334 621 3392 ad
649 3332 808 3393 hanc
833 3336 1151 3414 regendam
1186 3337 1472 3395 inventus
1494 3336 1775 3415 portitor.
1860 3333 2401 3393 Praetermittimus
2435 3330 2511 3390 de

262 3419 568 3480 Charonte
623 3440 866 3479 monere
914 3422 1187 3480 nondum
1250 3422 1323 3479 ab
1387 3421 1653 3481 Homero
1707 3429 2066 3496 memorato,
2137 3419 2209 3477 cf.
2262 3439 2390 3498 sup.
2431 3416 2510 3476 ad

261 3526 327 3566 v.
370 3507 516 3581 417,
562 3514 625 3564 et
665 3505 739 3564 de
780 3505 1222 3587 insepultorum
1260 3508 1492 3567 umbris
1533 3508 1607 3565 ab
1649 3505 1838 3591 a'mnis
1879 3506 2138 3565 traiectu
2180 3503 2510 3585 prohibitis.

265 3593 425 3652 conf.
448 3592 527 3650 ad
553 3612 613 3652 v.
648 3592 795 3657 325.
1850 3582 1877 3599 “
1920 3592 1927 3602 '
2074 3628 2077 3631 -

443 3679 634 3736 Trans
660 3696 927 3752 amnem,
974 3676 1227 3737 adverso
1267 3677 1475 3737 littore
1534 3676 1762 3736 Cerberi
1793 3688 2033 3735 antrum
2072 3674 2321 3739 est-415
2365 3693 2511 3750 sqq„

266 3763 434 3843 quod
489 3771 957 3842 praetergressus
1013 3763 1240 3822 Aeneas
1283 3764 1362 3823 ad
1390 3765 1601 3842 prima
1651 3765 1787 3822 loca
1835 3761 2095 3822 devenit.
2167 3758 2515 3819 inhabitant

266 3850 418 3910 haec
444 3849 574 3907 loca
602 3850 865 3925 infantes
898 3869 958 3908 v.
983 3849 1109 3915 426
1125 3887 1202 3898 -·
1220 3849 1345 3914 429
1373 3859 1433 3908 et
1457 3849 1561 3926 qui
1587 3852 1846 3906 insontes
1873 3859 1981 3908 aut
2008 3859 2249 3906 mortem
2274 3843 2515 3900 illatam

268 3956 547 4013 accepere
589 3943 697 3993 aut
738 3935 856 3993 sibi
896 3938 1019 4012 ipsi
1063 3937 1307 3994 intulere
1335 3933 1692 4001 430—439.
1777 3932 1945 4008 Quid
1986 3934 2051 3993 in
2100 3929 2195 3990 his
2227 3935 2515 4006 sequutus

268 4023 347 4081 sit
372 4029 548 4101 poeta
569 4063 585 4096 ,
628 4040 691 4082 v.
723 4019 860 4079 Not.
888 4021 965 4078 ad
991 4039 1050 4080 v.
1079 4020 1223 4085 480.

443 4107 576 4165 Non
600 4107 813 4185 procul
843 4105 988 4164 hinc
1015 4106 1233 4184 Campi
1258 4108 1596 4183 Lug-entes,
1641 4124 1747 4164 seu
1778 4102 2105 4183 lugentium
2129 4098 2324 4159 sedes:
2370 4117 2517 4176 quas

270 4200 484 4253 tenent
522 4191 640 4266 illi,
695 4196 803 4271 qui
838 4192 1112 4250 &actuosa
1155 4204 1341 4249 morte
1372 4194 1638 4249 interiere
1659 4211 1677 4246 .·
1740 4188 2095 4253 439—476.
2181 4186 2275 4245 Ex
2303 4182 2397 4243 his
2418 4183 2518 4242 in-

269 4277 479 4358 primis
505 4286 917 4336 memorantur
946 4277 1225 4336 heminae
1261 4277 1609 4353 etfiminae
1643 4277 1847 4335 clarae
1882 4275 2090 4332 vetetis
2113 4275 2274 4346 aevi,
2320 4270 2518 4329 inter-

269 4383 388 4442 que
423 4382 521 4421 eas
562 4362 742 4420 etiam
780 4365 987 4420 misere
1021 4373 1316 4420 amantes.
1422 4361 1614 4440 Vulgo
1671 4359 1913 4440 quidem
1958 4358 2033 4417 ab
2073 4357 2270 4437 Intpp.
2312 4358 2518 4414 misere

271 4450 613 4508 amamium
651 4447 820 4508 sedes
860 4466 983 4507 esse
1033 4447 1369 4507 traduntur
1423 4448 1716 4526 Lugentes
1761 4443 1983 4524 Campi.
2068 4443 2390 4504 Enimvero
2434 4440 2520 4500 sic
