2882 5028
553 414 1158 494 AENmnos
1213 415 1426 491 Lm.
1487 417 1579 513 v,
1632 418 2077 496 558--570
2303 425 2452 496 797

190 602 654 700 Progenies»,
688 614 1009 679 auctura
1034 600 1315 694 Italos;
1374 626 1620 701 quem
1654 601 2038 678 Thracius
2073 601 2266 679 albis
2301 611 2459 687 565

187 712 466 783 Portat
499 728 754 807 equus
788 704 1105 781 bicolor
1131 703 1497 800 maculiS‚
1552 706 1870 804 vestigia
1907 707 2147 807 primi
2257 766 2260 769 .

188 809 388 888 Alba
423 809 659 910 pedis
687 807 1209 909 frontemque
1248 820 1655 883 ostentans
1688 808 1981 884 arduus
2014 809 2298 890 albam.

186 913 418 991 Alter
454 920 681 1010 AtyS‚
734 935 985 1010 genus
1018 911 1236 988 unde
1271 911 1425 987 Atii
1463 911 1758 988 duxere
1792 911 2072 1011 Latini,

184 1021 488 1092 Parvus
519 1024 739 1117 Atys,
792 1038 1214 1117 pueroque
1241 1038 1447 1115 puer
1478 1013 1812 1091 dilectus
1839 1015 2040 1094 Iulo,

184 1122 651 1218 Exn-emm,
697 1117 1122 1221 formaque
1158 1131 1341 1193 ante
1376 1118 1640 1193 omnis
1669 1119 1972 1219 pulcer,
2027 1115 2241 1196 Iulus
2295 1122 2454 1198 570

317 1294 425 1348 565
462 1306 668 1346 acturo
695 1294 898 1364 aliquot
917 1295 1088 1345 Burm.
1226 1293 1333 1348 566
1378 1289 1583 1346 bicolos
1623 1292 1786 1346 Goth.
1833 1292 1960 1347 tert.
2067 1295 2222 1346 rimis
2257 1292 2450 1345 Medic.

183 1379 213 1415 a
237 1380 304 1413 m.
333 1381 417 1433 pr.
566 1365 673 1420 567
709 1365 919 1416 arduos
959 1362 1156 1432 antiqui
1186 1373 1242 1413 et
1268 1363 1356 1415 hic
1394 1364 1539 1430 apud
1583 1364 1721 1416 Pier.
1792 1364 1991 1434 (pedes
2022 1312 2248 1427 stedia,
2295 1362 2391 1414 sed
2431 1364 2455 1415 ι’

186 1430 777 1555 22³3Z⁰02¹tf⁶3m⁰¹1222
804 1432 1053 1554 ε’ἴζίἶ...
1078 1433 1202 1553 3ῗέ
1238 1435 1504 1552 ’ἳ.ἷῖ35;
1534 1425 2052 1555 '5:”1‘z‘am‘b31‘1332‘
2075 1433 2450 1553 „Ass‘zffffi’c’

184 1571 310 1637 Reg.
343 1540 517 1640 Acyl,
555 1540 739 1640 (Aet—'71'
763 1571 955 1623 Medic.
989 1590 1020 1622 a
1048 1590 1116 1623 m.
1147 1539 1230 1640 pri
1268 1572 1413 1637 Wr.)
1449 1540 1611 1625 in'al.
1648 1541 1822 1633 Actii',
1855 1574 2008 1636 Atei,
2041 1573 2168 1636 Aci,
2200 1537 2359 1632 ..Acis
2399 1580 2452 1621 et

186 1638 236 1689 in
265 1641 433 1695 Goth.
461 1660 569 1693 sec.
607 1643 739 1692 Atii.
806 1642 909 1691 Pro
935 1643 1061 1693 Acti
1084 1641 1135 1692 h.
1167 1658 1213 1692 e.
1239 1642 1412 1705 Accii,
1449 1656 1648 1709 pugnat
1673 1642 1873 1692 Pierius
1891 1679 1906 1705 ,
1956 1640 2190 1693 codicum
2224 1651 2279 1691 et
2306 1657 2449 1690 mar-

186 1726 379 1761 morum
405 1710 759 1762 auctoritate:
797 1709 1146 1779 antiquiorem
1176 1709 1541 1761 auctoritatem
1571 1727 1669 1779 pro
1697 1713 1834 1763 Atia
1856 1723 2050 1782 gente,
2086 1727 2186 1761 una
2217 1726 2449 1761 consona

187 1778 409 1846 scripta,
446 1779 628 1831 attulit
657 1778 834 1830 Heius.
863 1781 930 1830 ad
962 1781 1014 1830 h.
1042 1779 1077 1830 l.
1156 1781 1294 1831 Nota
1326 1779 1417 1830 illa
1443 1797 1604 1848 gens,
1653 1797 1715 1831 ex
1755 1798 1855 1849 qua
1903 1779 2139 1831 Caesaris
2175 1778 2448 1830 Octaviani

188 1857 350 1899 mater
380 1849 611 1900 oriunda
633 1849 750 1899 ruit.
787 1849 852 1900 cf.
879 1849 947 1900 ad
972 1849 1124 1899 Dion.
1150 1849 1302 1898 XLV
1331 1867 1410 1916 pr.
1483 1850 1779 1900 Praeferam
1820 1860 1992 1900 tamen
2029 1849 2082 1901 h.
2115 1849 2151 1899 l.
2184 1865 2246 1898 ex
2273 1861 2449 1900 vetere

187 1932 326 1968 more
362 1924 478 1973 Aet.
553 1919 680 1981 (Sed
720 1917 835 1985 quis
867 1927 949 1970 est
981 1927 1126 1969 vetus
1151 1917 1244 1971 ille
1276 1917 1428 1970 mos?
1465 1918 1704 1987 equidem
1729 1918 1854 1970 novi
1887 1918 2116 1977 nullun13
2161 1916 2264 1969 nisi
2306 1917 2448 1986 quod

187 1985 368 2039 crebro
396 1986 454 2039 in
496 1988 650 2039 libris
687 2005 840 2052 msa,
887 1987 975 2038 nbi
1022 1988 1155 2039 duae
1195 1989 1217 2039 ι’
1254 1997 1595 2051 concurrunt,
1644 1987 1843 2050 altera,
1891 2005 2028 2039 nunc
2072 2005 2185 2039 cum
2219 1986 2447 2052 ratione,

187 2070 314 2107 nunc
357 2068 577 2127 praeter
606 2056 891 2121 rationem,
938 2058 1214 2108 omittitur.
1291 2056 1406 2108 Vid.
1446 2057 1654 2108 omnino
1693 2057 1759 2107 de
1806 2058 1972 2108 forma
2016 2056 2170 2108 huius
2203 2054 2446 2118 nominis,

187 2135 395 2191 praeter
437 2130 635 2178 Osann.
683 2126 920 2178 Analeet.
962 2127 1078 2177 crit.
1115 2146 1167 2196 p.
1210 2125 1315 2189 60„
1364 2126 1660 2179 weicheri.
1710 2127 2048 2178 commentat.
2091 2128 2132 2178 1.
2185 2130 2269 2176 De
2309 2128 2444 2176 Luc.

197 2196 359 2246 Vario
385 2198 566 2250 Poeta
591 2213 710 2265 pag.
739 2198 789 2249 7.
815 2197 944 2246 Not.
971 2198 1022 2250 7.
1042 2234 1056 2259 ,
1094 2213 1249 2264 quem
1278 2205 1516 2263 apertum
1545 2205 1625 2246 est
1651 2199 1775 2247 Atii
1795 2213 1893 2266 pro
1926 2213 2046 2247 vera
2072 2194 2303 2247 lectione
2338 2194 2442 2246 ba-

191 2260 338 2325 bere;
374 2276 428 2316 et
464 2264 693 2332 simplex
733 2277 758 2315 ι
804 2274 981 2315 tuetur
1015 2264 1159 2334 ipsa,
1243 2281 1357 2314 uam
1401 2265 1657 2332 proponit
1697 2276 1890 2333 poeta,
1941 2264 2239 2331 originatio.
2302 2262 2443 2332 Wr.)

188 2331 367 2385 dixere
385 2335 724 2386 emendatum
749 2333 803 2385 in
834 2334 1057 2398 Medic.,
1095 2345 1153 2385 ut
1176 2281 1322 2385 alibi.
1395 2334 1624 2400 (duxere
1656 2335 1844 2386 Medic.
1873 2352 1990 2386 cum
2032 2335 2197 2386 tribus
2233 2335 2440 2402 punctis

191 2417 338 2470 snpra
388 2423 455 2466 υς
520 2404 568 2456 si
614 2402 782 2455 deleri
831 2402 1085 2455 voluisset
1127 2401 1371 2454 librarius
1415 2403 1551 2454 hauc
1593 2402 1826 2470 literam,
1876 2421 1980 2455 uno
2016 2414 2212 2455 tantum
2249 2415 2442 2473 puncto

191 2485 296 2522 eam
318 2482 580 2526 notasset.
625 2474 768 2541 IVr.)
907 2475 1012 2529 569
1087 2490 1221 2526 uero
1247 2471 1478 2523 multum
1520 2472 1574 2525 d.
1606 2472 1780 2541 Bigot.
1850 2473 2098 2526 delectus
2138 2485 2192 2526 et
2233 2473 2318 2527 hic
2362 2490 2441 2543 pr.

188 2538 431 2596 Rottend.
457 2562 520 2597 ae
544 2543 737 2594 Medic.
785 2542 913 2610 (vid.
942 2546 1008 2597 V.
1083 2580 1096 2593 .
1126 2543 1194 2595 ad
1218 2548 1347 2595 Aen.
1375 2544 1414 2604 1,
1446 2545 1567 2597 211.
1609 2545 1690 2596 W
1688 2543 1752 2609 r.)
1891 2545 1999 2598 570
2082 2562 2282 2596 ormam
2321 2545 2442 2595 Me-

192 2607 286 2661 dio.
314 2629 345 2663 a
366 2630 434 2665 m.
461 2632 544 2684 pr.
574 2630 763 2695 graeea
789 2612 991 2677 forma,
1021 2630 1155 2695 quae
1188 2612 1365 2695 placet
1394 2612 1614 2663 Heinsio
1657 2622 1713 2663 et
1751 2614 1920 2664 Burm.
2052 2632 2281 2696 ormam,
2335 2629 2440 2663 non

182 2674 926 2820 {21'323'q513·..¹?1‚2‡2‘2.?.{3·
950 2699 1064 2803 ¹3:ae
1100 2681 2442 2820 '‘3255..¹1¹.‡.‘..‘⁸..'.'{.¹.;¹&⁰22⁸‘3nt'5ssd3mpffssf'gdsssszt

192 2832 221 2865 a
258 2818 392 2871 cultu
430 2832 487 2872 et
530 2821 705 2872 nitore
752 2819 1071 2888 Virgilianae
1113 2820 1360 2872 dictionis
1412 2820 1755 2871 abhorrentes
1803 2819 2101 2872 inseramus.
2170 2822 2440 2889 Nusquam

192 2886 322 2951 apud
368 2890 655 2959 Virgilium
696 2889 963 2942 adieetivis
997 2890 1261 2960 pulcher,
1308 2891 1598 2959 egregius,
1658 2901 1985 2960 praestans,
2033 2897 2247 2958 quartus
2291 2905 2440 2940 casus

192 2954 494 3025 adiungitur.
534 2960 642 3011 vid.
688 2961 754 3011 V.
802 2960 862 3010 L.
904 2959 975 3010 ad
1014 2961 1055 3023 1,
1097 2961 1185 3013 72.
1218 2960 1309 3021 Vt,
1343 2962 1464 3012 86⁶2.
1526 2959 1668 3027 Wr.)
1727 2957 1920 3028 forma
1960 2970 2092 3010 ante
2129 2976 2313 3011 omnes
2355 2970 2441 3009 est

194 3022 386 3095 Meuag.
410 3047 491 3097 pr.
566 3041 698 3080 ante
726 3047 775 3081 ο.
785 3028 1083 3101 formaque
1110 3030 1227 3085 Exc,
1258 3031 1530 3081 Burmann.

192 3161 364 3226 Porte
393 3169 472 3228 ad
496 3180 732 3229 turmas
770 3172 1071 3229 maiorum
1107 3192 1269 3251 pue-

193 3269 378 3311 rorum
406 3255 702 3336 respexit:
745 3276 807 3315 v.
865 3259 1111 3315 Suetou.
1154 3256 1266 3315 Iul.

196 3336 288 3410 39,
312 3339 524 3401 Octav.
554 3345 655 3405 38.
718 3342 950 3401 Parvus
973 3340 1076 3400 hic
1094 3342 1268 3400 Pria-

195 3435 317 3479 mus
338 3425 565 3486 Politae
605 3426 792 3501 filius,
851 3419 1070 3486 Priami
1117 3428 1270 3506 regis

1354 3187 1460 3243 ne,
1496 3171 1687 3246 primi
1711 3172 1970 3247 vestigia
1991 3170 2202 3247 pedis,
2259 3167 2438 3244 dixit,

1352 3265 1417 3315 et
1450 3255 1516 3314 in
1553 3256 1771 3315 fronte.
1859 3258 2016 3316 Sunt
2060 3255 2161 3333 qui
2199 3263 2437 3334 putent,

1352 3340 1686 3416 Homerum
1720 3340 1886 3401 iliad.
1931 3357 2004 3418 ψ,
2050 3343 2175 3404 453
2226 3350 2439 3419 poetae

1353 3436 1494 3485 ante
1519 3426 1724 3486 oculos
1754 3427 1952 3486 fuisse.
2055 3427 2202 3492 568.
2244 3426 2438 3486 Atiam
2491 3503 2498 3506 -

196 3522 384 3584 nepos.
471 3513 556 3570 De
607 3512 798 3572 Polite
849 3514 923 3572 cs.
983 3511 1145 3572 lliad.
1205 3514 1267 3593 β,

198 3591 305 3654 701
340 3604 398 3654 et
424 3618 556 3677 sup.
589 3597 684 3656 lib.
721 3598 794 3674 11,
838 3599 963 3665 526
985 3619 1072 3676 sq.
1143 3619 1260 3657 au·

197 3686 351 3737 eluta
391 3684 633 3742 Italos..
698 3683 973 3744 Servius:
1030 3684 1265 3743 Polites

198 3787 274 3805 ³·-
311 3766 382 3822 de
424 3790 543 3847 quo
591 3770 739 3827 Cato
798 3772 864 3826 in
914 3768 1265 3847 Origa‘nibue

199 3841 331 3906 dicit
345 3895 362 3923 ,
407 3854 573 3932 quod
592 3854 683 3912 ad
716 3855 973 3914 Italiam
1014 3859 1259 3929 venerit,

201 3939 251 3984 et
285 3953 631 4017 segregatus
680 3939 760 3998 ab
800 3941 1012 3999 Aenea
1052 3943 1265 4000 eondi-

200 4010 336 4076 ἀντὶ
374 4027 666 4102 oppidum
696 4024 1050 4085 Politorium
1081 4048 1124 4085 a
1156 4047 1263 4085 suo

201 4107 438 4166 nomine.
527 4110 737 4171 Paullo
788 4120 926 4189 post
977 4112 1042 4171 in
1095 4115 1263 4192 equis

204 4197 256 4241 V·
309 4187 428 4257 565
495 4216 581 4274 sq.
652 4206 1012 4275 argutantur
1063 4196 1263 4277 lntpp.

203 4267 361 4330 “¹⁶⁰⁸
410 4282 686 4340 maculas
743 4301 889 4342 mox
943 4283 1009 4341 in
1061 4283 1260 4361 aliqua

1349 3521 1584 3591 gentem
1601 3513 1957 3572 memoravit
1964 3521 2214 3593 propter
2223 3512 2437 3588 Atiam,

1347 3597 1603 3676 Augusti
1638 3606 1909 3662 matrem.
1955 3618 2015 3659 v.
2055 3601 2222 3657 Serv.
2262 3608 2326 3657 et
2358 3596 2437 3656 ad

1349 3704 1485 3743 eum
1518 3684 1726 3742 Burm.
1752 3684 1817 3744 it.
1847 3684 2051 3746 Heius.
2081 3683 2160 3743 ad
2190 3682 2251 3743 h.
2280 3684 2319 3744 l.
2363 3683 2438 3742 cf.

1347 3769 1448 3831 vel
1477 3772 1640 3829 Suet.
1655 3769 1869 3834 Octav.
1894 3770 1954 3833 4.
1999 3772 2219 3829 Latini
2243 3769 2437 3849 simpl.

1348 3876 1462 3935 pro
1492 3855 1792 3930 Romanis,
1831 3864 1903 3915 ut
1930 3876 2102 3937 saepe
2125 3856 2200 3916 al.
2243 3855 2438 3914 Hein-

1348 3942 1471 4002 sius
1499 3960 1569 3999 eo
1594 3942 1811 4015 refert,
1857 3941 2022 4018 quod
2068 3942 2193 4001 Atii
2240 3941 2436 4000 Aricia

1347 4036 1524 4086 erant
1566 4027 1826 4087 oriundi.
1927 4028 2131 4106 Neque
2182 4027 2283 4085 illa
2341 4035 2436 4085 te-

1346 4132 1511 4173 mere
1539 4111 1802 4172 adiecta:
1834 4111 2141 4192 pueroque
2151 4133 2312 4190 puer
2331 4112 2435 4168 di-

1346 4200 1533 4258 lectus
1557 4200 1737 4259 Iulo.-
1773 4200 1986 4258 utiam
2016 4208 2146 4258 tum
2175 4216 2434 4256 concor-

1347 4282 1482 4343 diae
1505 4285 1666 4343 inter
1691 4283 1893 4344 Atiam
1935 4292 1994 4342 et
2041 4284 2247 4342 {uliam
2285 4278 2434 4360 gen*-

202 4359 498 4444 Prasscipua
534 4377 707 4447 parte
750 4366 1039 4426 declarari
1088 4378 1258 4448 puta,
1342 4380 1468 4429 tem
1505 4378 1809 4449 tamquam
1842 4369 2033 4448 prima
2078 4367 2299 4426 semina
2343 4368 2435 4427 ia-

200 4451 258 4494 ω
284 4443 522 4519 pedibus
539 4498 555 4530 ,
600 4473 750 4534 quos
770 4465 775 4468 *
790 4453 1025 4535 poetica
1064 4455 1260 4515 ratio·
1344 4464 1441 4516 cta
1502 4457 1653 4520 sintz
1718 4455 1797 4518 cf.
1855 4453 2083 4514 Eckhel
2147 4453 2435 4527 Doctrina
