2882 5028
514 380 620 454 52
876 371 1216 464 DISQU.
1267 371 1345 447 II
1392 364 1532 447 DE
1587 370 1962 447 RERUM
2011 370 2121 448 IN
2173 370 2400 448 AEN.

516 560 755 663 quod,
798 557 1012 635 forte
1073 571 1348 635 noster
1392 554 1777 658 respexit,
1846 553 2046 632 dum
2088 561 2363 639 Venus
2414 561 2787 633 Aeneam

497 664 881 749 ,hortatur
937 661 1072 740 lib.
1128 666 1285 756 .11‚·
1335 670 1508 742 619
1599 666 1768 738 Heu
1828 664 2070 761 suge,
2142 678 2322 738 nate
2392 668 2541 736 dea
2632 672 2784 735 ete.

515 768 879 861 Omnino
922 771 1332 847 Venerem
1381 769 1698 842 Aeneae
1752 766 2062 864 saepius
2121 765 2439 841 obviam
2477 759 2786 839 factam

513 872 964 947 notavimus
1004 868 1102 945 ad
1146 875 1342 946 Aen.
1375 870 1439 965 1,
1490 873 1665 947 407.
1765 867 2075 944 Eadem
2107 869 2276 945 viae
2321 867 2479 943 dux
2522 864 2784 942 fuisse

515 973 683 1049 filio
748 975 988 1050 Troia
1049 971 1464 1048 excedenti
1531 983 1894 1047 narratur
1952 977 2150 1050 Aen.
2207 974 2285 1068 1,
2341 980 2526 1053 382.
2639 976 2785 1046 Bis

513 1084 725 1157 denis
788 1082 1220 1178 Phrygium
1285 1081 1684 1151 conscendi
1762 1080 2073 1151 navibus
2153 1103 2437 1175 aequor
2505 1079 2787 1151 Matre

512 1190 665 1258 dea
713 1195 1174 1258 monstrante
1221 1186 1457 1272 viam,
1523 1187 1717 1255 data
1751 1182 1945 1279 sata
2004 1195 2353 1279 sequutus
2413 1190 2493 1252 et
2550 1178 2781 1277 apud

513 1285 782 1380 Quint.
840 1289 1151 1382 Smyrn.
1202 1286 1422 1379 XIII,
1469 1291 1647 1380 326,
1702 1295 1782 1359 et
1826 1280 2177 1378 stellam,
2242 1305 2446 1383 quae
2486 1279 2780 1382 profe-

513 1388 793 1464 ctionis
836 1388 1253 1486 augurium
1308 1384 1609 1481 fuerat,
1647 1389 1870 1464 Aen.
1915 1388 2013 1480 ΙΙ,
2072 1394 2225 1467 694
2276 1410 2418 1487 sq.‚
2489 1385 2560 1459 ei
2617 1383 2780 1461 de-

509 1491 761 1567 bitam
795 1489 1044 1569 ‚fuisse
1087 1488 1506 1591 probabile
1535 1488 1647 1568 fit.
1717 1489 2330 1586 Fuissetamen,
2383 1491 2778 1588 quiMer—

511 1595 733 1670 curio
778 1594 1080 1697 aliquas
1124 1619 1214 1669 ea
1257 1593 1340 1667 in
1388 1617 1482 1669 re
1523 1604 1786 1692 partes
1830 1591 2311 1692 tribuerent,
2364 1615 2533 1666 non
2578 1618 2778 1668 mo-

512 1695 620 1774 do
685 1723 779 1777 ex
820 1696 1172 1775 Marcelli
1230 1697 1312 1772 in
1352 1693 1746 1795 Regillam
1800 1695 2148 1772 Herodis
2195 1718 2526 1772 uxorem
2593 1721 2775 1771 car-

507 1802 732 1879 mine
783 1801 1283 1899 intelligitur:
1364 1824 1557 1875 nam
1612 1799 1720 1875 ibi
1775 1801 2217 1876 Mercurius
2265 1800 2549 1874 missus
2606 1804 2776 1875 Ae-

497 1929 751 1980 neam
809 1904 1014 1980 urbe
1079 1917 1301 2005 capta
1364 1901 1743 1979 eduxerat
1769 1911 1883 2000 *);
1978 1927 2260 1981 verum
2336 1903 2610 1996 etiam,
2689 1915 2778 1977 et

510 2007 776 2083 multo
842 2007 1125 2105 magiS‚
1209 2031 1254 2083 e
1326 2006 1595 2082 tabula
1656 2004 1922 2101 Iliaca,
2003 2007 2085 2080 in
2144 2031 2301 2107 qua
2357 2022 2480 2098 (n.
2565 2015 2774 2105 109)

506 2111 948 2198 Mercurius
989 2106 1401 2212 praecedit
1436 2117 1793 2188 Aeneam
1843 2107 2134 2185 urbem
2180 2110 2769 2207 egredientem.

505 2212 747 2299 Aliud
796 2214 1132 2293 Veneris
1177 2212 1843 2314 monitumapud
1890 2214 2318 2290 Cononem
2356 2226 2772 2288 narratum

506 2315 805 2411 fuerat;
870 2323 1215 2413 AeneaS‚
1285 2331 1714 2417 postquam
1776 2317 2016 2392 Troia
2077 2330 2544 2413 excesserat,
2624 2315 2769 2391 ali-

509 2419 898 2523 quamdiu
959 2419 1188 2498 Idam
1248 2419 1724 2516 incoluerat‚
1801 2418 2024 2497 unde
2085 2429 2268 2522 πρὸς
2319 2425 2526 2522 ἥλιον
2590 2422 2772 2499 οἰνί-

506 2557 781 2622 σχουτα
856 2529 1086 2626 ᾤχετο
1153 2524 1349 2603 navo?
1407 2527 1850 2628 Ἀφροδίτης
1912 2528 2298 2629 ἐπίσκηψιν
2329 2533 2456 2620 **).
2574 2528 2774 2600 Mox

498 2629 916 2728 mugiente
972 2630 1186 2705 bove
1225 2626 1468 2706 Idaea
1511 2640 1899 2704 terrarum
1957 2627 2159 2704 circa
2227 2633 2544 2710 Aenum
2599 2632 2775 2704 Ma.-

676 2938 736 3024 *)
793 2961 855 3002 v.
917 2940 1002 3007 24
1066 2961 1156 3019 aq.
1209 2940 1423 3002 lunula
1476 2938 1540 3001 in
1596 2949 1941 3003 senatorum
1998 2939 2209 3001 calceis
2267 2939 2408 3001 inde
2451 2938 2774 3020 repetitur,

504 3024 672 3106 quod
732 3025 1066 3088 Mercurius
1123 3027 1371 3086 similem
1432 3025 1641 3086 lunam
1697 3027 1765 3092 ἐν
1817 3032 1902 3091 τῶ
1943 3029 2167 3091 nedum
2220 3024 2549 3103 habuerat,
2618 3047 2771 3086 cum

507 3112 940 3172 Aeneam'urbe
972 3112 1256 3172 educeret
1300 3107 1516 3175 Νύκτα
1557 3108 1661 3175 διοὶ
1709 3091 2049 3193 δνοῷερήν·
2091 3093 2140 3177 d'
2174 3111 2243 3175 δέ
2286 3113 2353 3176 οἱ
2390 3112 2528 3196 περὶ
2573 3103 2771 3175 ποσσὶ

505 3196 574 3277 (f.
618 3196 785 3278 παραὶ
840 3195 1027 3262 ποσσὶ
1084 3197 1197 3272 ad,
1262 3207 1435 3273 ante,
1490 3197 1696 3282 pedes)
1765 3195 2006 3281 σαωτήρ
2054 3193 2459 3277 Παμφανόων
2501 3196 2771 3261 ἐνέκειτο

506 3286 832 3361 σεληναίης
876 3279 1100 3358 κύκλος
1144 3282 1373 3364 αἴγλης.
1460 3284 1803 3345 Obscurum
1846 3295 1967 3359 est,
2027 3286 2202 3364 quale
2245 3303 2323 3344 ex
2365 3292 2562 3344 mente
2603 3303 2768 3361 poe-

503 3377 600 3426 tae
657 3368 928 3428 lucidum
984 3367 1105 3429 hoc
1161 3378 1469 3429 ostentum
1524 3370 1732 3430 suerit:
1790 3373 1951 3431 sorte
1977 3429 1978 3432 ,
2005 3371 2211 3434 lumen
2267 3370 2332 3430 in
2389 3370 2555 3449 pedis
2596 3369 2772 3429 calce

501 3452 682 3515 lunae
723 3454 912 3513 simile
934 3498 952 3529 ,
1015 3472 1136 3533 quo
1178 3453 1514 3515 Mercurius
1568 3455 1790 3517 ductor
1837 3457 2082 3536 insignia
2139 3465 2307 3517 esset.
2393 3456 2487 3515 Ita
2519 3475 2772 3534 quoque

501 3539 713 3599 statuit
752 3539 824 3600 V.
870 3540 933 3599 C.
976 3539 1246 3601 visconti
1291 3537 1630 3622 (Iecrizioni
1674 3542 1903 3602 Greche
1960 3540 2232 3625 Triopee)
2277 3562 2408 3622 pag.
2455 3540 2554 3606 84.
2621 3540 2768 3600 Ha·-

499 3623 636 3685 buit
676 3634 890 3686 auctor
934 3624 1098 3687 haud
1146 3625 1328 3686 dubie
1369 3635 1636 3687 veterem
1677 3637 1949 3709 poetam,
2006 3648 2184 3707 quem
2238 3628 2543 3707 expressit.
2630 3627 2770 3686 Lu-

501 3729 644 3770 nam
698 3730 768 3771 ea
821 3720 998 3772 nocte
1055 3712 1321 3774 illuxisse
1367 3713 1748 3774 tradiderant
1788 3714 2029 3796 Cyclici.
2100 3714 2226 3776 vid.
2270 3715 2519 3773 Excura.
2562 3712 2632 3773 11.
2679 3715 2767 3773 ad

500 3795 603 3856 lib.
646 3796 747 3857 111.

671 3895 773 3981 **)
823 3899 1051 3959 Conon.
1095 3921 1145 3959 c.
1190 3898 1293 3965 46.
1335 3899 1565 3961 Aeneas
1609 3899 1933 3984 διαφυγόν
1973 3899 2121 3975 τούς
2159 3894 2470 3982 Ἀχαιούς,
2528 3898 2599 3965 τό
2644 3899 2769 3981 μὲν

499 3986 746 4065 πρῶτον
808 3981 951 4070 ᾤκει
998 3980 1113 4063 τήν
1152 3982 1360 4065 Ἴδην.
1459 3989 1676 4048 Postea
1741 4010 1879 4050 cum
1924 3988 2203 4067 Oxyniua
2259 3997 2321 4047 et
2370 3988 2766 4064 Scamander,

499 4069 780 4132 Hectoris
821 4070 927 4130 filii
947 4114 966 4146 ,
1028 4090 1107 4148 ex
1154 4072 1339 4151 Lydia
1382 4074 1634 4135 reduces
1675 4084 1990 4154 paternam
2035 4074 2326 4135 ditionem
2370 4085 2767 4156 occuparent,

500 4148 832 4239 ἆναλαβαῗν
896 4152 1006 4220 τόν
1075 4156 1302 4237 πατέρα
1371 4158 1473 4222 καὶ
1545 4156 1733 4235 ὅσους
1804 4154 2059 4224 δύναιτο
2131 4164 2255 4223 τοῖν
2309 4154 2765 4245 συμφυγᾶδων,

499 4236 659 4321 πηός
706 4235 887 4322 ἥλιον
940 4235 1302 4324 ἀνίσχοντα,
1358 4241 1542 4331 ᾤχετο
1594 4241 1750 4308 κατά
1803 4241 2166 4327 Ἀφροδίτης
2220 4245 2577 4326 ἐπίσκηψιν.
2668 4247 2767 4307 Ita

499 4349 701 4388 venus
744 4329 1022 4387 orientem
1061 4330 1293 4410 profect
1302 4350 1370 4391 ua
1410 4341 1566 4392 esset
1606 4333 1836 4392 Aeneas
1876 4330 2126 4393 Veneris
2167 4332 2427 4408 monito;
2471 4352 2613 4392 cum
2660 4342 2767 4393 ta-

500 4433 640 4475 men
694 4433 843 4474 mox
883 4425 1171 4478 narretur
1208 4415 1439 4477 Aeneae
1497 4417 1958 4499 Helleepontum
2008 4418 2328 4480 traiecisse.
2411 4418 2535 4479 Sed
2589 4417 2768 4481 Pho-
