2882 5028
429 438 574 511 198
901 430 987 507 P.
1050 426 1586 506 VIRGILII
1650 426 2204 504 MARONIS

423 622 635 695 Dant
684 613 963 693 famuli
1000 613 1374 691 manibus
1421 611 1820 735 lymphaS,
1874 616 2425 714 Cereremque
2472 613 2698 689 cani-

424 819 914 922 Expediunt,
966 821 1379 922 tonsisque
1411 731 2337 897 seruiitmssantelia‘villis.

568 1031 670 1085 701
707 1035 862 1082 Dant
886 1027 1138 1082 amnibus
1148 1025 1359 1100 famuli
1386 1027 1579 1082 Medio.
1615 1028 1724 1099 (hio
1752 1028 1959 1099 utique:
1996 1033 2150 1082 Dant
2186 1048 2255 1082 m.
2269 1024 2544 1109 famulae)
2568 1026 2702 1078 Gu-

429 1098 614 1152 dianus
658 1117 772 1152 cum
813 1099 884 1152 al.
926 1099 1170 1168 optimis;
1219 1098 1344 1149 item
1388 1101 1681 1166 Romanus,
1718 1100 1959 1168 Longob.
1995 1099 2188 1167 aliique
2226 1095 2485 1159 Pieriani5
2548 1096 2703 1148 adde

468 1186 562 1221 uos
599 1168 983 1237 Cuningbamus
1037 1168 1237 1220 laudat.
1320 1168 1605 1237 vulgatum
1659 1168 1895 1221 ordinem
1933 1168 2213 1220 retinuisse
2252 1165 2436 1218 Heius.
2477 1164 2705 1217 videtur

430 1187 682 1292 {riaciani
723 1235 1039 1291 auctoritate
1087 1248 1278 1290 motus.
1330 1239 1406 1304 (d.
1429 1237 1575 1309 sam.
1614 1258 1759 1290 man.
1810 1240 1849 1293 l.
1884 1238 2041 1290 etiem
2084 1238 2253 1291 Palat.
2283 1236 2428 1306 Lips.
2469 1246 2581 1304 utq.
2639 1247 2704 1288 et

431 1310 649 1361 membr.
675 1306 947 1369 Brunckii3
981 1307 1036 1358 d.
1063 1326 1205 1359 man.
1222 1305 1365 1378 fam.
1392 1308 1428 1359 l.
1456 1308 1620 1362 Paris.
1658 1309 1709 1364 3.
1743 1319 1798 1359 et
1826 1311 1878 1363 8.
1914 1327 2028 1360 cum
2065 1307 2294 1375 Sangall.
2361 1305 2704 1357 Memorabi-

431 1377 499 1429 lis
526 1388 608 1430 est
633 1377 795 1430 lectio
811 1375 1068 1448 famulae
1098 1394 1129 1428 a
1159 1376 1416 1444 Fogginio
1448 1376 1712 1443 exhibita,
1754 1377 1821 1429 ab
1858 1377 2077 1429 Heinsio
2121 1394 2226 1428 non
2267 1386 2706 1429 commemoratu.

434 1450 504 1500 Et
528 1448 668 1519 apud
709 1449 988 1499 Homerum
1024 1455 1137 1498 tum
1172 1443 1439 1515 κήρυκες,
1486 1447 1585 1498 od.
1629 1449 1671 1511 1,
1719 1447 1856 1511 147..
1907 1458 2016 1499 tum
2070 1445 2283 1514 δμωαί,
2334 1445 2431 1497 od.
2469 1447 2512 1509 1,
2564 1446 2702 1500 136.

433 1518 739 1582 vn,.172.‚
798 1532 979 1585 uquam
1021 1515 1110 1567 ad·
1132 1534 1310 1567 manus
1367 1516 1619 1568 lavandas
1663 1516 1972 1567 ministrant.
2042 1517 2195 1586 Apud
2243 1518 2504 1567 Romanos
2554 1533 2704 1583 quae

436 1588 758 1639 consuetudo
798 1583 1119 1649 obtinuerit,
1153 1602 1260 1636 non
1297 1602 1395 1655 pro
1437 1595 1584 1637 certo
1633 1586 2023 1648 affirmaverim3
2069 1603 2252 1637 servos
2284 1595 2455 1637 tamen
2499 1598 2705 1653 aquam

435 1657 503 1709 ud
530 1655 666 1707 bunc
699 1672 845 1706 usum
878 1652 1175 1705 ministrare
1201 1655 1358 1706 video
1387 1655 1529 1724 apud
1553 1657 1763 1708 Petron.
1790 1674 1850 1707 eu
1890 1693 1903 1708 .
1932 1658 2021 1711 31.
2090 1661 2262 1723 Atque
2294 1673 2355 1706 ea
2375 1654 2552 1719 lectio,
2589 1656 2707 1707 nisi

436 1743 467 1777 e
488 1744 563 1777 vs.
587 1726 709 1780 703.
742 1734 861 1776 orta
887 1722 1056 1775 videri
1081 1725 1281 1794 possit,
1315 1724 1620 1792 recipienda
1647 1726 1818 1788 foret3
1874 1725 2099 1777 acillime
2131 1725 2266 1776 enim
2306 1725 2358 1775 in
2397 1724 2497 1775 hac
2535 1741 2705 1777 eom-

436 1795 702 1863 positione
722 1792 980 1866 famulae
1011 1793 1263 1864 lymphas
1287 1811 1444 1845 sonus
1474 1795 1742 1863 proximae
1771 1794 2004 1864 syllabae
2031 1795 2278 1862 decipere
2319 1793 2489 1876 potuit
2514 1795 2705 1847 libra-

435 1864 573 1927 τίσις
621 1865 729 1917 vid.
773 1865 840 1916 V.
876 1863 937 1913 L.
981 1863 1050 1914 ad
1093 1881 1169 1913 vs.
1215 1862 1332 1917 104.
1414 1864 1521 1916 Sed
1566 1863 1668 1916 etsi
1710 1865 1920 1916 codices
1975 1864 2405 1933 praestantissimi
2446 1875 2705 1916 auctores

436 1943 587 1997 sunt,
622 1945 708 1995 ut,
743 1931 874 1983 nihil
904 1930 1126 1982 reveriti
1157 1928 1224 1986 τὸ
1258 1928 1629 2015 κακόφωνον,
1666 1934 1719 1984 in
1759 1951 1862 2003 quo
1904 1935 2127 1985 fortasse
2173 1951 2325 1984 causa
2363 1933 2703 1986 traiectionis

435 2002 599 2068 latet,
622 2001 832 2085 famu-li
857 2000 1138 2083 ‘lympha-3,
1175 2002 1279 2055 hoc
1307 2003 1523 2067 ordine,
1551 2002 1878 2065 scribemus,
1912 2004 2057 2072 qued
2082 2003 2210 2054 fecit
2237 2001 2462 2083 Iahnius,
2494 2014 2704 2067 tamen,

438 2090 543 2123 non
574 2089 678 2140 qno
712 2072 977 2122 Fusciano
1019 2080 1219 2122 tantum
1261 2071 1521 2137 tribuam,
1567 2074 1663 2125 sed
1699 2072 1821 2143 quia
1864 2073 1943 2136 is,
1989 2091 2139 2142 quem
2174 2073 2443 2134 Heinsius,
2495 2075 2705 2137 Bur-m..

438 2141 675 2211 Heynius
701 2150 1064 2204 servaverunt,
1097 2141 1350 2193 naturalis
1375 2143 1654 2194 verborum
1694 2144 1828 2194 ordo
1858 2143 2092 2205 videtur,
2142 2142 2290 2194 nolui
2323 2160 2437 2192 enm
2471 2155 2704 2198 mutare.

437 2211 607 2333 &fr-,L
659 2216 813 2262 Dcmt
844 2205 899 2280 s.
942 2209 1197 2281 (ymplms
1241 2209 1498 2263 manibus
1539 2212 1727 2263 Hamb.
1769 2230 1852 2281 pr.

490 2300 570 2333 am
611 2318 625 2332 .
652 2297 741 2332 sec

1906 2214 1983 2281 (et
2020 2212 2139 2263 Alb.
2186 2215 2271 2265 W
2264 2212 2330 2275 ν.)
2417 2213 2707 2283 lympham

897 2279 1004 2333 702
1028 2282 1213 2330 tunsi-³
1243 2281 1435 2332 Medio.
1506 2283 1770 2333 mantelia
1815 2282 1992 2333 Heins.
2032 2290 2157 2351 post
2185 2281 2411 2332 Pieriam
2450 2300 2567 2333 cum
2596 2302 2707 2334 ve-

438 2350 642 2402 tustiss.
680 2352 830 2401 Rom.
876 2346 1069 2400 Medic.
1099 2348 1337 2419 aliisquea
1408 2352 1685 2403 mamillia
1718 2352 1814 2402 Ed.
1857 2354 1991 2402 Ven.
2062 2351 2236 2419 Vulgo
2266 2352 2535 2403 mantilia.
2599 2354 2709 2420 (sic

440 2420 598 2472 etiam
626 2421 679 2474 3.
700 2417 754 2472 4.
782 2418 835 2472 9.
882 2416 1023 2483 Wr.)
1071 2435 1120 2469 ν.
1166 2420 1359 2486 Georg.
1391 2421 1484 2479 lv,
1518 2421 1640 2474 377.
1692 2422 1768 2489 (In
1807 2420 1991 2473 Medic.
2041 2421 2211 2489 primo
2243 2420 2493 2490 scriptum
2522 2423 2709 2476 fuerat

440 2489 720 2551 ηιωιιὶἱίσς
756 2486 852 2539 sed
874 2489 971 2540 Ge.
993 2489 1086 2551 IV,
1119 2488 1242 2544 377.
1269 2489 1551 2541 mantelia.
1592 2491 1736 2558 Wr.)

439 2682 676 2725 mensae
702 2662 765 2721 in
791 2672 930 2723 toro
954 2664 1130 2739 Dido,
1161 2684 1310 2732 ,cum
1336 2664 1522 2722 falsus

439 2750 605 2812 Iulus
631 2747 898 2810 advenit.
957 2751 1204 2810 Aulaea
1240 2759 1383 2809 sunt
1410 2767 1521 2807 ve-

440 2846 561 2897 stes
598 2836 923 2915 stragulae:
965 2856 1025 2896 v.
1068 2839 1215 2910 639,
1255 2834 1523 2914 spondae

440 2932 501 2981 et
540 2932 682 2982 toro
733 2923 1020 2998 iniectae3
1073 2930 1137 2980 et
1204 2921 1525 2981 subiicitur

438 3008 692 3086 sponda.
749 3006 884 3067 Alia
910 3015 1053 3067 sunt
1077 3006 1283 3065 aulaea
1306 3008 1519 3085 Georg.

440 3093 542 3170 ΠΙ,
569 3093 673 3157 25.
717 3092 914 3152 Cerdo
938 3112 1075 3151 eum
1116 3091 1244 3150 aliis
1270 3093 1346 3151 de
1373 3093 1522 3172 velis

440 3177 731 3259 appensis,
778 3196 931 3256 quae
975 3177 1220 3258 proprie
1252 3179 1477 3236 aulaea
1492 3199 1521 3250 ,-

440 3273 515 3325 ut
549 3263 758 3323 Horat.
782 3263 835 3322 11
861 3265 984 3322 Sat.
1012 3266 1073 3337 8,
1108 3261 1209 3328 64.
1241 3263 1354 3322 sub
1382 3263 1525 3340 quj-

439 3350 556 3411 bus
592 3357 763 3409 torus
800 3349 927 3407 eius
967 3347 1294 3412 collocatus
1327 3349 1526 3408 fue'rit.

445 3473 524 3485 —
582 3455 646 3494 se
695 3438 1030 3512 composuit
1053 3477 1071 3509 ,
1138 3434 1350 3511 pulcre
1406 3454 1524 3513 pro

441 3519 732 3581 consedit.
781 3513 1016 3599 sponda
1049 3539 1240 3577 aurea
1268 3519 1525 3599 iungen-

441 3607 609 3681 dum,
653 3624 730 3664 ne
755 3606 990 3685 sponda
1020 3604 1183 3665 nude
1210 3605 1286 3665 sit
1311 3607 1522 3686 posita.

443 3690 736 3774 (Eandem
798 3691 1098 3771 synizesin
1156 3691 1336 3750 etism
1393 3691 1522 3767 VH,

446 3781 586 3843 190.
614 3777 929 3836 admissam
961 3786 1267 3853 statuunt3
1311 3787 1373 3836 et
1401 3800 1522 3835 au-

441 3886 537 3923 reo
563 3873 744 3942 atque
769 3869 970 3923 amis
996 3863 1304 3942 aliquoties
1328 3863 1523 3943 bis-yl-

441 3949 573 4009 laba
615 3957 760 4009 sunt
793 3949 957 4029 apud
995 3949 1323 4027 Virgilium,
1367 3969 1527 4008 sem-

441 4055 550 4115 per
576 4044 778 4096 tamen
801 4035 864 4095 in
891 4044 1165 4094 extremo
1190 4055 1368 4094 versu
1395 4036 1521 4095 col—

440 4122 668 4196 locata,
714 4140 867 4199 quae
898 4130 984 4179 est
1013 4122 1256 4200 propria
1288 4122 1526 4201 synize-

444 4226 575 4267 seos
615 4207 815 4283 sedes;
874 4208 970 4266 cui
1019 4216 1215 4264 tamen
1262 4208 1521 4266 etiemin

440 4295 634 4375 prima
678 4292 817 4352 sede
859 4293 1058 4353 locum
1107 4311 1249 4368 esse,
1305 4294 1524 4372 probat

415 4379 587 4441 *Aea
622 4379 731 4455 vl,
773 4382 955 4445 280.:
1003 4379 1364 4458 „Fen-reique
1399 4381 1526 4439 Eu*

440 4463 748 4525 menidam
774 4464 1083 4531 thalami.“
1113 4465 1266 4524 adde
1293 4467 1397 4527 Ge.
1425 4467 1525 4541 lv,

1607 2664 1750 2730 243.
1795 2665 1943 2725 Aen.
1985 2664 2125 2743 VII,
2163 2670 2337 2732 609.:
2396 2670 2701 2742 „Centum

1607 2751 1763 2810 aerei
1820 2751 2115 2811 claudunt
2177 2758 2451 2812 vectes.“
2514 2756 2697 2838 Wr.)

1606 2838 1781 2896 Dicta
1826 2848 2028 2896 autem
2066 2839 2301 2915 sponda
2337 2840 2705 2917 exquisitius

1606 2943 1790 3001 quam
1810 2924 2021 2983 lectus.
2046 2924 2427 3004 mediamque
2446 2928 2704 3003 locam,

1603 3009 1766 3068 inter
1808 3009 2072 3068 Aeneam
2120 3017 2182 3067 et
2221 3010 2437 3069 salsum
2475 3011 2704 3089 Iulum,

1605 3096 1671 3154 in
1697 3095 1991 3170 triclinio,
2037 3094 2226 3154 aiunt.
2312 3096 2562 3177 Copiose
2593 3119 2708 3158 ex-

1604 3181 1817 3260 planat
1832 3180 2041 3240 Cerda.
2091 3180 2288 3240 Verba
2322 3191 2524 3242 tamen
2547 3194 2703 3244 tan-

1606 3276 1736 3325 tum
1764 3266 1885 3326 hoe
1918 3266 2336 3346 suppeditant:
2380 3288 2511 3327 eam
2537 3292 2701 3330 con-

1609 3353 1827 3412 sedisse
1871 3354 1933 3411 in
1979 3353 2168 3428 lecto;
2224 3362 2282 3412 et
2324 3355 2594 3415 mediam
2634 3376 2703 3415 se

1608 3441 1833 3499 locavit
1873 3438 1953 3496 ad
2008 3440 2310 3519 poeticum
2357 3460 2703 3503 sermonem

1606 3525 2008 3585 referendum.
2093 3526 2252 3586 Sunt
2285 3546 2522 3604 quoque
2549 3549 2705 3587 mox

1608 3611 1775 3670 sedes
1791 3611 2192 3670 Troianorum
2213 3612 2501 3672 diversae.
2545 3618 2701 3680 699.

1610 3701 1753 3761 700.
1811 3696 2018 3757 Strato
2063 3707 2246 3773 ostro,
2316 3718 2497 3777 super
2560 3709 2705 3758 toro

1606 3800 1912 3861 purpurea
1939 3791 2125 3859 veste,
2170 3785 2449 3863 stragula,
2479 3794 2703 3849 strato.

1612 3868 1688 3926 cf.
1719 3871 1867 3931 639.

1698 3957 1845 4018 701.
1880 3956 2025 4016 702.
2077 3959 2215 4033 (que
2260 3986 2331 3998 --
2379 3977 2519 4034 que,
2568 3957 2608 4015 i.
2645 3976 2703 4020 e.

1610 4040 1728 4097 alii
1741 4071 1827 4083 -—
1853 4039 1970 4097 alii
1981 4060 2004 4109 ,·
2053 4039 2176 4099 vid.
2202 4039 2279 4113 Q.
2297 4041 2365 4098 V.
2388 4042 2704 4116 xxxnn,

1616 4129 1672 4188 1.
1758 4123 1856 4182 Sic
1879 4134 2158 4203 apparet,
2204 4147 2326 4185 non
2359 4145 2503 4201 esse,
2532 4128 2705 4205 quod

1611 4210 1867 4289 cuipiam
1909 4210 2103 4270 videri
2155 4213 2371 4289 possit,
2446 4232 2703 4293 perver-

1609 4316 1742 4355 sum
1760 4297 2193 4356 sententiarum
2213 4298 2508 4360 ordinem.
2532 4297 2705 4378 ἢῆ.)

1611 4385 1767 4442 Post
1808 4382 2170 4440 discubitum
2212 4383 2328 4442 hoc
2377 4384 2514 4443 loeo
2563 4384 2703 4465 (etsi

1613 4488 1733 4527 non
1761 4487 2011 4548 semper,
2040 4469 2206 4547 quod
2234 4470 2433 4549 Intpp.
2469 4472 2709 4548 volunt,
