2882 5028
485 306 637 380 324
967 301 1048 375 P.
1105 291 1638 375 v1RG1L11
1702 298 2253 392 MARoNJs

482 491 718 563 Laeta
748 477 971 576 facit3
1008 481 1280 584 spoliis
1311 510 1396 560 se
1429 477 1766 586 quisque
1795 484 2252 560 recentibus
2283 493 2534 560 armat.
2559 486 2682 564 395

481 589 864 670 Vadimus
899 588 1199 663 inmixti
1235 591 1521 663 Danais
1551 588 1770 663 haud
1802 590 2135 664 numine
2172 599 2464 680 nostro,

481 691 894 791 Multaque
926 716 1075 792 per
1107 709 1420 766 caecam
1457 692 1853 789 congressi
1886 691 2189 792 proelia
2227 701 2539 765 noctem

483 796 1037 886 Conserimus;
1090 794 1388 870 multos
1410 799 1775 871 Danaum
1814 793 2305 870 demittimus
2339 795 2559 869 0ch

479 896 928 997 Diffugiunt
959 896 1083 973 alii
1116 898 1214 973 ad
1252 899 1505 1004 navis,
1563 912 1642 973 et
1678 898 1905 973 litora
1943 923 2176 973 cursu
2315 917 2322 924 '
2391 967 2406 992 ,

479 1002 674 1078 Fida
703 1014 1025 1105 petunt3
1084 1027 1261 1101 pars
1288 1004 1701 1099 ingentem
1732 999 2169 1077 formidine
2206 1001 2412 1099 turpi
2561 1003 2686 1075 400

483 1106 891 1186 Scan'dunt
922 1129 1190 1180 rursus
1225 1130 1552 1207 equum,
1598 1118 1676 1181 et
1714 1118 1902 1180 nota
1928 1105 2386 1182 conduntur
2414 1102 2490 1176 in
2522 1100 2684 1176 alv0.

614 1347 721 1402 895
756 1360 976 1401 armant
1018 1350 1154 1401 Gud.
1214 1348 1339 1420 (vid.
1395 1352 1462 1414 Q.
1523 1351 1590 1401 V.
1640 1351 1776 1412 vm,
1810 1347 1864 1403 4.
1900 1349 1954 1400 b.
1996 1349 2139 1415 Wr.)
2279 1348 2386 1404 396
2418 1363 2524 1398 non
2559 1362 2607 1395 n.
2640 1360 2685 1392 n.

477 1416 633 1472 Witt.
703 1421 920 1470 nomme
941 1433 1132 1471 nostro
1158 1420 1293 1471 Gud.
1334 1438 1366 1472 a
1390 1438 1462 1472 m.
1490 1438 1572 1502 pr.
1601 1419 1685 1471 vel
1731 1420 1906 1471 omiroe
1951 1416 2090 1470 buno
2130 1415 2350 1481 zulich„
2406 1434 2466 1466 ex
2503 1415 2684 1493 interpr.

476 1488 581 1541 397
608 1504 712 1557 per
739 1500 1016 1557 coeantque
1043 1489 1128 1539 ed.
1157 1492 1293 1541 Ven.
1363 1488 1576 1541 lamma
1605 1505 1703 1559 pro
1721 1487 1943 1560 proelia
1970 1489 2173 1555 Menag.
2207 1505 2292 1556 pr.
2395 1486 2496 1540 398
2518 1484 2683 1534 Dinae—

476 1558 642 1608 cimus
664 1557 858 1609 Medic.
891 1575 936 1608 c.
971 1557 1160 1609 ceteris
1198 1560 1314 1610 fere
1339 1560 1595 1611 omnibus.
1647 1560 1713 1610 cf.
1755 1557 1934 1607 Heius.
1969 1556 2126 1608 etiam
2158 1556 2324 1608 Goth.
2355 1555 2476 1618 duo,
2520 1563 2569 1603 at
2591 1562 2685 1601 ter-

478 1626 579 1677 tius
613 1628 1005 1679 committimus.
1075 1628 1385 1680 demisimus
1405 1628 1557 1679 Leid.
1597 1640 1658 1678 ut
1690 1629 1810 1691 ix,
1846 1627 1965 1680 527.
2034 1619 2267 1678 ΕκἍϊδι
2296 1621 2553 1689 προΐαψε.
2584 1621 2684 1699 (ἀς-

472 1697 737 1748 ηιιέιίωιω
771 1696 969 1758 Palat.;
1006 1706 1060 1747 et
1094 1696 1168 1749 ita
1188 1697 1325 1749 infra
1350 1700 1450 1762 IX,
1486 1698 1633 1752 522:
1669 1713 1859 1764 „quem
1897 1694 2115 1765 quiaque
2156 1696 2325 1747 virum
2365 1692 2686 1743 demiserit

474 1768 730 1829 Orco,“
778 1764 975 1820 Medic.
1018 1783 1134 1817 eum
1168 1767 1286 1819 aliia
1334 1767 1578 1835 optimi83
1624 1767 1750 1817 item
1792 1765 2074 1816 demittere
2117 1767 2309 1828 morti,
2360 1764 2502 1825 neci,
2533 1763 2589 1824 11,
2619 1756 2685 1811 85.

473 1835 549 1897 X,
585 1835 707 1890 662.
779 1834 988 1886 vitiose
1014 1834 1203 1888 iterum
1252 1837 1440 1888 Medio.
1482 1854 1595 1887 eum
1653 1835 1771 1886 aliis
1813 1837 1980 1886 morti
2027 1835 2240 1885 dimine
2279 1835 2361 1895 V,
2411 1833 2522 1886 692-
2584 1826 2684 1906 Vn}-

474 1903 633 1953 etiam
658 1902 836 1955 Heim.
868 1915 919 1955 et
944 1905 1114 1955 Burm.
1160 1906 1229 1957 ad
1268 1908 1332 1968 11,
1384 1907 1469 1960 85.
1507 1916 1562 1956 et
1599 1907 1667 1955 V.
1692 1905 1753 1956 L.
1796 1908 1924 1956 Aen.
1965 1906 2007 1967 1,
2040 1906 2162 1958 211.
2233 1901 2584 1969 Nequidquam
2614 1897 2685 1947 dt-

472 1973 735 2023 rm‘uimus
771 1973 886 2042 quia
922 1974 1172 2025 defendat
1208 1993 1237 2026 e
1261 1976 1417 2026 Corn.
1448 1976 1584 2043 Nep.
1615 1974 1817 2036 xxm,
1851 1975 1931 2028 3.:
1966 1972 2279 2038 ,‚ueminem‚
2314 1970 2416 2021 nisi
2450 1969 2686 2027 victum,

473 2040 811 2093 dimi-im
856 2042 933 2093 ibi
967 2041 1048 2096 4.:
1105 2045 1457 2108 „saucium
1491 2043 1615 2095 inde
1658 2062 1720 2094 ac
1784 2044 2090 2109 fugatum
2126 2041 2496 2093 dimittit.“
2537 2036 2608 2088 vel
2637 2050 2686 2084 ex

473 2109 729 2162 eiusmodi
761 2110 1053 2164 locutione:
1104 2116 1307 2165 victum
1354 2112 1532 2175 abire.
1580 2112 1930 2180 τραυματίαν
1966 2107 2197 2164 α’πιέναι
2225 2112 2358 2162 Luc.
2399 2107 2591 2178 Nigrin.
2617 2105 2688 2161 37.

1772 2183 1874 2236 401
1893 2182 2171 2233 Scandere
2197 2183 2412 2242 Mol-et„
2446 2180 2585 2240 bene,
2608 2189 2689 2225 nm

476 2181 625 2248 Wr.)
730 2181 834 2235 399
860 2178 1156 2253 defugiunt
1174 2187 1352 2251 sprot.
1382 2193 1438 2234 et
1463 2183 1668 2249 Menag.

470 2253 785 2304 conduntur
818 2261 1142 2320 toqueretur.
1205 2271 1255 2306 v.
1300 2255 1474 2304 Bam.
1523 2251 1723 2322 (potina
1781 2250 1888 2304 vid.
1921 2254 1987 2315 Q.
2018 2252 2084 2304 V.
2117 2251 2311 2315 XXX,
2341 2252 2404 2332 6..
2426 2248 2562 2314 Wt.)

469 2442 652 2520 clipei
680 2442 916 2521 insigne
934 2487 951 2519 ,
1016 2463 1126 2524 pro
1171 2444 1359 2526 clipeo
1373 2489 1390 2522 ,
1449 2444 1553 2525 qui

467 2527 694 2606 insigne
718 2526 916 2589 habet.
962 2530 1046 2588 De
1075 2534 1411 2592 mutatione
1434 2552 1552 2591 au·-

469 2622 594 2672 tem
627 2613 959 2693 clipeorum
988 2617 1062 2676 cs.
1091 2616 1266 2680 Paua.
1303 2618 1399 2677 IV.
1446 2620 1549 2682 28.

469 2700 508 2759 f.
561 2699 770 2759 Potuit
808 2702 1082 2762 subnasci
1111 2715 1323 2784 poetae
1352 2705 1550 2762 animo

468 2796 873 2846 commentum
924 2787 1202 2849 Hectoris
1259 2789 1554 2869 exemplo,

467 2871 571 2950 qui
608 2871 862 2933 ademtis
909 2874 1187 2935 Patroclo
1232 2895 1402 2935 caeso
1449 2895 1553 2933 ar-

467 2958 579 3016 mis
608 2957 866 3017 indutus
909 2959 976 3018 in
1013 2974 1277 3040 pugnam
1316 2961 1554 3040 prodit:

467 3066 522 3123 ρ,
573 3045 695 3106 186
738 3062 867 3120 sqq.
967 3047 1112 3109 390.
1159 3048 1395 3121 Dolus,
1467 3067 1554 3105 an

466 3130 655 3186 virtus
681 3129 773 3203 sit,
818 3126 1195 3190 adhibeatur.
1256 3129 1363 3213 (de
1391 3140 1549 3211 part.

468 3211 681 3271 deinde
723 3213 1035 3292 participio
1093 3215 1360 3276 subiecta
1424 3216 1548 3276 vid.

468 3295 544 3370 Q.
591 3297 660 3355 V.
712 3300 921 3375 XXV,
995 3304 1056 3363 7.
1120 3298 1299 3382 Wr.)
1374 3302 1552 3369 ,Mox

469 3395 803 3441 comantem
852 3385 1106 3463 galeam
1142 3388 1440 3467 ’ἵππουριν
1469 3417 1549 3432 -

465 3476 529 3526 et
562 3468 823 3545 clipeum
852 3471 1153 3548 mduitur,
1199 3473 1332 3533 loro
1370 3492 1552 3551 super

466 3552 748 3614 humeros
768 3553 990 3618 iniecto
1016 3568 1078 3618 et
1120 3559 1340 3618 inserta
1367 3578 1554 3617 manu

468 3657 666 3715 aneae,
711 3633 929 3725 ὀχᾶνῳ.
959 3653 1033 3704 ut
1059 3639 1405 3720 ἐνεδύσατο,
1450 3644 1551 3707 ἔν-

468 3725 632 3787 δῦνε.
673 3725 747 3783 cf.
778 3726 885 3787 inf.
912 3733 1056 3793 671.
1088 3736 1233 3797 672.
1280 3727 1551 3810 (-394.

1634 2466 1720 2521 so,
1763 2442 1934 2504 nobis
1962 2464 2084 2503 non
2108 2443 2395 2525 propitio.
2476 2452 2540 2498 at
2560 2440 2688 2496 εἰ-ι

1634 2532 1872 2591 Audiat
1919 2552 2133 2589 aversa
2190 2550 2316 2589 non
2357 2549 2518 2588 mens
2567 2541 2688 2583 aun

1635 2618 1780 2676 deus
1815 2616 2034 2675 Tibull.
2063 2612 2162 2690 111,
2207 2620 2268 2692 3,
2317 2620 2422 2690 28,
2462 2611 2559 2671 ubi
2587 2605 2686 2667 vid.

1634 2711 1760 2761 not.
1790 2715 1851 2761 'et
1877 2701 1940 2760 h.
1963 2702 2003 2760 l.
2031 2701 2241 2761 Cerda.
2291 2721 2436 2760 mox
2462 2697 2580 2762 402
2609 2697 2689 2752 iw-

1639 2791 1778 2848 vitis
1806 2788 1981 2847 divis.
2042 2781 2249 2865 ἀέκητι
2277 2791 2412 2849 θεοῖ
2416 2809 2465 2848 ν.
2530 2781 2581 2840 Ν
2581 2777 2691 2839 imis

1639 2881 1810 2933 acute
1866 2893 2004 2932 cum
2058 2872 2185 2931 aliis
2241 2871 2409 2953 apud
2443 2865 2691 2929 Servium

1637 2959 2030 3038 Pomponius:
2070 2958 2249 3037 „quia
2296 2956 2561 3017 ferebant
2590 2950 2690 3010 Mi-

1636 3041 1903 3120 nervam,
1950 3044 2321 3104 Graecorum
2354 3059 2598 3113 numen,
2634 3036 2687 3093 in

1636 3131 1867 3210 clipeis,
1911 3151 2033 3189 non
2062 3130 2442 3209 Neptunum,
2502 3123 2691 3183 Troia-

1636 3237 1857 3277 norum
1883 3216 2167 3296 insigne.“
2234 3221 2383 3280 397.
2425 3225 2682 3272 noxe-ae-

1634 3323 1741 3378 ea,
1783 3303 1847 3362 in
1875 3322 1996 3380 qua
2019 3301 2170 3361 nihil
2196 3303 2365 3362 cerni
2390 3303 2586 3381 potest,
2621 3297 2690 3349 ut

1636 3388 1755 3446 iam
1779 3407 1978 3468 supra,
2006 3399 2069 3447 et
2100 3406 2291 3467 saepe.
2358 3387 2496 3451 401.
2514 3382 2688 3439 Scan-

1636 3474 1790 3532 dunt
1829 3495 2030 3533 nareae
2071 3495 2306 3553 equum.
2395 3472 2570 3530 Forte
2605 3461 2692 3522 ‹h-

1638 3569 1809 3619 ctum
1839 3560 1994 3619 nolis
2020 3580 2054 3617 a
2077 3569 2285 3639 poeta,
2347 3556 2519 3617 nimis
2549 3550 2691 3610 ‘euim

1636 3653 2055 3725 portentosum
2070 3644 2210 3721 hoc;
2240 3652 2302 3703 et
2329 3642 2693 3731 abhorrent

1636 3732 1793 3791 fama
1842 3731 2087 3791 virtutis
2126 3729 2501 3789 Achivorum
2516 3749 2533 3802 3
2597 3731 2692 3780 etsi

467 3812 634 3888 ipse
675 3812 763 3871 D.
827 3813 949 3873 vid.
984 3816 1060 3890 Q.
1096 3816 1171 3880 V.
1216 3816 1444 3892 XVIII,
1489 3822 1551 3891 2,
1620 3816 1956 3895 fot-madiae
2003 3820 2168 3895 tea-pi
2204 3816 2444 3875 adiecit.
2543 3810 2695 3868 Certe

466 3895 506 3955 i.
549 3895 720 3978 Wr.)

1638 3922 1877 3961 sensum
1904 3921 2102 3962 meum
2132 3901 2381 3961 offendit
2405 3903 2471 3959 in
2511 3892 2696 3957 heroi-

1639 4009 1709 4047 co
1741 3988 2017 4047 carmine.
2106 3988 2273 4047 Vidit
2313 3986 2436 4046 hoc
2480 3984 2695 4060 elegan-

554 4066 698 4131 895.
742 4067 968 4145 Spoliis
1006 4071 1367 4147 recentibus,
1430 4091 1546 4131 ex-
1628 4072 1922 4150 tissimus,
1993 4074 2143 4134 dum
2167 4076 2437 4148 viveret,
2492 4065 2699 4130 Holds.

466 4150 737 4230 quiaitiua
761 4173 961 4231 quam,
978 4156 1169 4232 novis,
1191 4157 1335 4233 aliia,
1366 4177 1548 4236 quam
1631 4159 1945 4220 worthius.

467 4256 621 4317 quae
665 4235 1036 4316 habuerant,
1099 4243 1297 4304 mnis.
1400 4246 1547 4309 396.

467 4323 672 4383 Haud
695 4327 939 4385 numine
960 4340 1175 4408 noso-o,
1200 4328 1263 4390 h.
1289 4347 1340 4390 e.
1368 4348 1548 4391 aver-

2038 4157 2417 4242 (condunlus'
2487 4149 2699 4216 Wakef.

1632 4245 1713 4305 ad
1753 4246 1987 4306 Lucret.
2033 4246 2120 4321 V,
2163 4242 2319 4313 954.
2350 4244 2700 4323 interpreta-

1633 4340 1772 4392 tur:
1835 4350 1939 4409 „ae
1975 4331 2327 4392 cumulatim
2383 4323 2705 4389 iniiciunt.“
