2882 5028
393 346 550 424 958
863 336 945 411 Ρ.
1000 328 1544 410 v1Rc1L11
1611 324 2181 404 MARONIS

396 530 638 626 Isque
681 521 818 597 ubi
872 516 1350 593 tendentem
1391 513 1814 590 adversum
1864 537 2015 613 per
2065 513 2426 608 gramina
2467 508 2679 584 vidit

398 637 758 720 Aenean,
812 622 1082 697 alacris
1122 619 1425 721 palmas
1459 632 1834 717 utrasque
1863 614 2235 705 tetendit3
2512 619 2676 694 685

397 729 884 827 Effusaeque
917 725 1140 822 genis
1172 724 1579 814 lacrimae3
1637 734 1717 796 et
1759 743 1909 796 vox
1941 718 2220 794 excidit
2256 741 2448 793 ore:

400 833 705 912 Venisti
739 828 1105 923 tandem,
1158 843 1456 927 tuaque
1491 836 1928 924 exspectata
1963 821 2271 923 parenti

401 937 605 1016 Vicit
647 936 798 1010 iter
827 931 1123 1007 durum
1160 931 1462 1031 pietas?
1515 929 1749 1004 datur
1783 950 1920 1001 ora
1956 926 2182 1017 tueri,

399 1047 632 1130 Nate,
684 1051 857 1128 tua,
916 1048 994 1111 et
1032 1046 1260 1109 notas
1297 1033 1571 1110 audire
1603 1046 1685 1107 et
1724 1029 2072 1107 reddere
2119 1037 2415 1105 voces?

407 1145 536 1221 Sic
618 1139 999 1241 equidem
1070 1137 1466 1214 ducebam
1550 1137 1857 1231 animo,
1950 1133 2352 1234 rebarque
2448 1128 2680 1205 sutu-

1571 1265 1780 1335 rum,
2135 1288 2156 1308 .
2521 1243 2677 1312 690

408 1353 817 1447 Tempora
862 1345 1417 1436 dinumerans;
1487 1367 1639 1418 nec
1691 1366 1826 1419 me
1874 1364 2055 1416 mea
2115 1362 2301 1414 cura
2346 1333 2675 1413 fefellit.

512 1493 684 1566 687.
730 1502 1129 1559 specum

547 1710 651 1763 687
686 1717 1002 1778 exspectata
1031 1702 1378 1773 antiquiorem
1406 1720 1661 1773 quemque
1685 1702 1917 1755 codicem
1949 1702 2228 1766 exhibere,
2279 1719 2474 1754 omnes
2497 1703 2675 1754 fateo-

408 1789 524 1842 tur3
562 1778 699 1830 adde
731 1780 882 1828 Rom.
915 1785 973 1826 et
998 1775 1166 1826 Vatic.
1203 1776 1386 1841 fragm.
1414 1783 1501 1836 et,
1537 1774 1667 1825 licet
1690 1774 2008 1825 recentiores
2028 1811 2045 1837 ,
2080 1790 2196 1824 cum
2222 1774 2334 1824 Erf.
2367 1784 2486 1825 tres
2513 1774 2675 1823 Goth.

407 1852 523 1902 Nec
550 1849 708 1900 aliter
742 1847 860 1896 edd.
891 1856 1129 1908 veteres,
1163 1856 1216 1895 et
1241 1861 1417 1894 omues
1447 1844 1700 1906 Aldinae,
1754 1853 1808 1893 et
1838 1844 1961 1894 inde
2001 1853 2346 1911 propagatae.
2434 1844 2677 1894 Necdum

409 1918 539 1970 mibi
572 1926 810 1976 constat,
844 1915 983 1965 uude
1021 1915 1228 1981 vulgata
1269 1931 1297 1964 s
1337 1927 1520 1964 cecata
1565 1913 1783 1964 venerit.
1854 1913 2133 1964 Passeratii
2177 1912 2425 1964 codicem
2470 1930 2576 1981 pro
2617 1929 2674 1961 es

408 1987 588 2039 laudat
613 1985 867 2037 Guellius.
938 1986 1236 2050 Propagata
1278 1933 1370 2033 illa
1415 1992 1497 2033 est
1535 2000 1632 2051 per
1672 1985 1800 2033 Dan.
1841 1983 2044 2034 Heiusii
2085 1982 2225 2047 edd„
2279 1983 2376 2033 sed
2410 1982 2519 2032 iam
2556 1992 2675 2032 ante

408 2058 464 2109 iu
502 2056 624 2108 edd.
649 2053 990 2107 Plautinianis
1019 2051 1288 2104 Pulmanui
1319 2052 1564 2103 occurrit.
1634 2055 1871 2103 Tueatur
1901 2062 2068 2104 tamen
2104 2070 2217 2103 eam
2242 2051 2347 2102 viri
2375 2051 2547 2116 docti,
2582 2067 2675 2101 uec

410 2125 632 2189 iniuria,
678 2141 812 2175 cum·
831 2124 1282 2188 grammaticorum
1322 2130 1377 2171 et
1417 2121 1751 2173 librariorum
1789 2123 1930 2173 fraus
1966 2121 2021 2172 iu
2061 2120 2322 2172 similibus
2362 2121 2538 2185 locis,
2588 2119 2675 2170 ubi

409 2196 479 2247 de
515 2194 670 2245 metri
700 2192 905 2244 ratione
945 2193 1161 2244 solliciti
1200 2200 1379 2252 erant,
1425 2191 1672 2259 frequens
1713 2192 1798 2242 sit.
1870 2194 2256 2257 Interpretatur
2304 2208 2523 2259 quoque
2563 2207 2675 2240 eun

409 2263 648 2316 Servius:
687 2262 938 2327 probata,
992 2272 1045 2311 ut
1083 2263 1218 2319 vul,
1258 2261 1355 2312 151
1395 2272 1449 2309 et
1484 2259 1649 2312 rebus
1686 2273 1934 2331 spectata
1969 2263 2244 2312 iuventus.
2319 2261 2522 2311 Contra
2560 2262 2676 2330 ipse

409 2332 618 2402 quidem
652 2334 853 2380 Aeneas
896 2338 1012 2380 erat
1039 2341 1383 2399 expectatus-5
1418 2346 1596 2379 verum
1622 2330 1800 2398 paullo
1830 2329 2007 2380 durius
2024 2332 2207 2399 pietas
2239 2329 2354 2381 eius
2384 2342 2675 2402 expectata

410 2400 612 2453 venisse
643 2400 925 2449 diceretur.
995 2403 1092 2459 At,
1144 2396 1189 2447 si
1218 2400 1350 2446 vicit
1373 2397 1492 2461 iter,
1528 2398 1967 2450 accommodatius
2001 2411 2271 2469 spectata.
2346 2398 2671 2451 Schradem

410 2471 464 2522 in
512 2468 812 2520 Emendatt:
846 2485 968 2518 mss.
1007 2466 1351 2519 coniiciebat:
1400 2479 1634 2536 tuaque,
1682 2480 1994 2539 exspectate
2018 2470 2276 2540 parenti,
2339 2472 2507 2521 Vicit.
2574 2467 2669 2517 lus.

411 2542 553 2603 vm,
587 2541 655 2593 37
690 2542 734 2587 Ο
763 2550 884 2588 sace
917 2550 1084 2607 gente
1122 2538 1280 2588 deum
1299 2542 1709 2608 -Exspectace
1750 2539 1869 2591 solo
1909 2540 2182 2590 Laurenti
2217 2541 2489 2608 arvisque
2509 2541 2670 2588 Leu'-

413 2611 516 2662 nis,
589 2610 658 2659 Et
683 2625 800 2675 sup.
827 2609 891 2671 11,
933 2608 1038 2661 282
1086 2606 1281 2677 quibus
1332 2609 1539 2658 Hector
1580 2606 1648 2658 ab
1691 2610 1804 2660 oris
1844 2613 2173 2680 Exspectate
2207 2611 2386 2661 venis.
2467 2606 2666 2675 (Lectio

412 2679 619 2747 Heynio
650 2677 878 2745 probata
903 2676 1078 2741 placet
1103 2676 1258 2726 etiam
1286 2676 1558 2743 Lennepio
1605 2678 1674 2727 ad
1709 2681 1926 2729 Terent.
1959 2679 2124 2729 Maur.
2161 2697 2214 2745 p.
2262 2678 2390 2731 417.
2440 2677 2667 2729 Servium

413 2760 663 2820 spectata
700 2746 921 2813 legisse,
974 2746 1172 2797 frustra
1208 2745 1569 2807 contenditur3
1633 2747 1739 2798 vid.
1775 2746 1986 2797 omnino
2035 2749 2096 2809 Q.
2139 2748 2208 2799 V.
2237 2748 2364 2811 XII,
2401 2746 2494 2801 14.
2570 2748 2665 2797 Nec

413 2818 574 2869 ullum
619 2818 906 2883 productae
948 2815 1121 2865 brevis
1170 2814 1403 2882 syllabae
1460 2816 1781 2883 exemplum,
1845 2817 1987 2885 quod
2020 2805 2141 2867 huic
2185 2828 2331 2867 recte
2373 2813 2671 2884 comparari

454 2887 608 2948 ussit,
644 2885 786 2952 apud
827 2885 1102 2953 Virgilium
1138 2883 1412 2936 iuvenitur.
1481 2887 1663 2954 ltaque
1700 2886 2025 2937 redeundum
2060 2887 2162 2937 iam
2211 2895 2295 2936 est
2332 2887 2404 2938 ud
2438 2887 2669 2939 coelium

411 2906 721 3018 fectionem,
777 2972 909 3021 quae
957 2955 1081 3005 satis
1120 2954 1446 3004 commodum
1485 2955 1662 3005 fundit
1688 2973 1918 3007 sensum:
1968 2967 2058 3007 tua
2122 2958 2288 3019 ictas,
2339 2958 2529 3037 quod
2563 2956 2671 3006 du-

413 3025 555 3075 dum
592 3039 1046 3092 speraveram,
1080 3023 1203 3073 vicit
1228 3023 1332 3073 iter
1361 3023 1561 3076 durum.
1632 3027 1697 3076 Et
1726 3024 2060 3076 confirmatur
2084 2975 2219 3076 baec
2254 3025 2422 3076 leeuo
2464 3023 2673 3094 egregie

413 3111 513 3160 per
555 3110 916 3161 praegressum
957 3093 1193 3143 tandem.
1237 3093 1378 3158 Wr.)
1449 3106 1711 3165 exoptata
1744 3096 1879 3145 Ven.
1950 3095 2274 3163 tandemque
2315 3107 2457 3146 tuae
2480 3112 2672 3159 exspe-

413 3174 567 3214 ceam
591 3181 648 3231 p.
678 3163 964 3213 Comment.
996 3161 1183 3229 Cruqu.
1209 3161 1278 3212 ad
1303 3163 1491 3214 Horat.
1529 3165 1551 3214 l
1584 3164 1681 3214 od.
1705 3163 1793 3218 23.
1849 3166 2114 3245 parentis
2148 3162 2344 3215 Medic.
2417 3166 2528 3232 (—
2554 3164 2670 3218 689.

415 3244 546 3283 tuas
576 3231 767 3282 Medic.
799 3249 830 3282 a
855 3249 924 3285 m.
955 3250 1036 3300 pr.
1077 3234 1159 3283 W
1156 3232 1224 3299 r.)
1367 3234 1474 3287 690
1492 3235 1734 3284 animum
1766 3233 1917 3284 Letd.
1951 3252 1981 3284 a
2016 3251 2083 3285 m.
2115 3251 2198 3302 pr.
2271 3232 2522 3285 dicebam
2548 3233 2673 3285 ani·

414 3319 501 3352 mo
528 3301 669 3352 coni.
703 3303 1033 3352 Heumannus
1073 3318 1171 3368 pro
1214 3300 1597 3370 praedicebam.
1667 3302 1772 3354 Sed
1806 3304 1857 3358 v.
1892 3303 2181 3367 Burmann„
2240 3302 2333 3372 qui
2364 3304 2575 3355 ducere
2609 3300 2672 3352 sd

415 3368 645 3421 calculos
692 3380 747 3420 et
777 3369 1010 3421 rationes
1041 3370 1220 3421 refert.
1288 3370 1610 3440 Simpliciter
1636 3371 1884 3423 ducimus
1907 3373 2117 3437 animo,
2168 3381 2226 3422 ut
2254 3374 2512 3441 agimus,
2548 3374 2671 3441 agi·

417 3452 618 3503 tamus,
654 3436 930 3490 habemus.
1068 3440 1169 3493 691
1201 3441 1569 3492 denumerans
1603 3459 1682 3509 pr.
1707 3443 1898 3492 Moret.
1976 3445 2351 3511 Temporaque
2375 3458 2675 3492 numerans

415 3507 568 3560 alter.
639 3525 1015 3559 annumerans
1034 3510 1349 3577 Meuag.'pr.
1419 3522 1521 3561 tua
1550 3528 1687 3561 cura
1710 3514 1884 3578 Sprot.
1954 3512 2061 3563 Sed
2094 3517 2239 3564 Set-V.
2277 3530 2404 3562 mea
2429 3530 2585 3575 cum,
2618 3509 2671 3560 id

415 3587 531 3642 est,
567 3592 599 3627 o
624 3587 695 3627 tu.
764 3578 927 3629 Immo
956 3595 1081 3630 vero
1111 3587 1194 3630 est
1225 3597 1376 3649 spes,
1412 3580 1727 3650 expectatio,
1759 3579 2078 3633 sollicitudo.

413 3751 708 3811 virtutem
739 3770 845 3809 seu
874 3752 1033 3810 sacta
1067 3750 1325 3832 (potiusz
1369 3755 1503 3813 vir-
1587 3755 1652 3814 in
1692 3754 1905 3815 Medic.
1944 3764 2082 3836 post
2107 3757 2336 3815 alacris
2372 3755 2669 3835 conspici-

413 3846 611 3897 tutem
637 3854 745 3915 per
778 3838 937 3895 sacta
975 3839 1502 3917 comprobandam.
1587 3850 1710 3900 tur.
1764 3844 1867 3902 W
1859 3840 1941 3921 r.)

423 3921 601 4002 Wr.)
652 3923 931 4002 intellige.
995 3924 1188 3985 .Nam
1235 3926 1503 3985 ieiunum
1674 3925 2055 3991 687—694.
2106 3930 2255 3985 vicie
2302 3932 2460 3988 iter.-
2536 3948 2667 4007 pro:

416 4018 587 4084 esset,
634 4007 710 4066 de
733 4010 915 4069 turba
956 4029 1027 4067 ac
1057 4029 1315 4070 numero
1341 4012 1503 4070 acci-
1585 4012 1781 4070 fecisti
1825 4014 1941 4071 iter
1983 4022 2183 4073 motus
2218 4015 2483 4093 pietate,
2530 4012 2666 4072 mihi

413 4113 574 4174 pere.
648 4091 764 4174 (—
787 4096 931 4160 685.
976 4098 1200 4155 alacris
1227 4116 1304 4155 ne
1327 4096 1505 4176 iunge
1588 4098 1859 4177 probata.
1881 4099 2009 4173 (sed
2040 4120 2153 4182 pro
2180 4114 2460 4177 spectata
2494 4121 2665 4179 repo-

414 4199 553 4239 cum
610 4181 866 4257 palmas
889 4203 918 4253 ‚-
1004 4190 1169 4240 recte
1224 4182 1504 4243 Servius:
1588 4185 1770 4244 situm
1800 4186 1920 4243 iam
1952 4195 2041 4243 est
2082 4199 2450 4263 exspectata.
2506 4188 2669 4260 Wr.)

414 4264 622 4344 „Ipse
652 4265 922 4326 alacris.“
968 4276 1042 4326 ut
1066 4287 1247 4347 supra
1264 4268 1333 4345 V,
1352 4272 1501 4333 380.
1585 4270 1779 4329 Nunc
1814 4272 2002 4349 pietas
2061 4272 2239 4346 vicit,
2311 4273 2538 4347 effecit,
2605 4282 2669 4331 ut

411 4350 492 4409 Et
519 4348 640 4408 hoe
666 4351 780 4410 sibi
815 4352 951 4415 vult
980 4353 1305 4431 distinctio,
1349 4373 1502 4435 quae
1583 4355 1703 4417 iter
1753 4357 2168 4436 ingrederetur
2220 4358 2331 4418 etsi
2386 4358 2667 4419 difficilli-
