2882 5028
702 340 890 414 AD
995 335 1647 417 LIBRUM
1750 342 1900 417 111
2257 349 2407 425 571

185 527 350 587 tertio
389 527 516 586 loco
560 538 835 608 apparet,
878 528 1118 588 hiberno
1163 530 1350 588 sidere
1390 539 1453 589 et
1500 531 1885 611 aquilonibus
1900 555 1926 605 ;
1974 533 2077 611 qui
2119 554 2241 594 esse
2270 556 2417 616 pos-

185 623 313 672 sunt
337 613 416 671 illi
440 612 550 693 ipsi
581 616 720 672 stati
751 615 936 688 venti,
982 614 1195 675 etesiae
1222 614 1386 691 dicti,
1429 637 1578 695 quos
1613 618 1813 694 puillo
1847 626 1987 676 ante
2026 620 2103 678 ad
2134 641 2188 680 a.
2218 627 2248 683 1
2284 641 2417 680 me-

189 697 277 758 dio
316 698 460 757 lulio
500 706 561 756 et
601 699 871 778 Augusto
910 700 1058 759 flare
1098 701 1377 760 diximus.
1455 703 1529 760 cs.
1577 703 1715 772 Not.
1767 702 1844 761 ad
1897 703 1945 777 1,
1990 704 2133 769 535.
2220 705 2417 765 Etiam

185 782 278 843 lib.
317 783 409 859 IV,
451 782 595 857 429,
639 784 767 849 430
802 798 1124 845 extremum
1162 789 1276 844 lzoc
1311 790 1564 845 miserae
1593 789 1690 845 dee
1717 809 1939 845 munus
1968 793 2236 864 amanti,
2283 793 2419 850 Ex-

187 881 381 946 spectet
418 868 792 949 facilemque
813 871 1055 950 fugam
1097 885 1412 951 ventosque
1449 871 1735 950 serentes,
1828 873 1882 930 N
1884 891 1950 931 ec
1998 869 2418 953 Orion-lib.'1,

190 955 316 1018 535.
356 954 451 1028 lv,
501 954 584 1018 52
626 955 801 1014 aliam
844 977 1024 1035 quam
1066 958 1428 1036 tempestatis
1464 965 1629 1016 ortae
1686 957 2175 1037 significationem
2218 957 2419 1021 habet.

190 1041 254 1099 cf.
278 1041 437 1099 Serv.
468 1039 546 1097 ad
571 1040 644 1113 V,
691 1046 838 1113 626,
884 1052 947 1101 et
982 1041 1234 1101 Cerdam
1271 1044 1347 1102 ad
1383 1061 1432 1101 e.
1463 1043 1501 1101 l.
2254 1073 2257 1076 ·

341 1125 533 1184 Solvit
565 1125 748 1204 igitur
775 1126 1004 1187 Aeneas
1029 1127 1384 1208 Carthagine
1400 1150 1417 1204 ;
1458 1138 1646 1188 vento
1676 1138 1877 1187 tamen
1896 1129 2248 1189 adversante
2274 1149 2421 1190 cur·-

190 1231 304 1269 sum
351 1229 562 1271 versus
612 1212 843 1271 ltaliam
883 1235 1009 1273 non
1053 1222 1271 1289 tenet,
1358 1213 1465 1272 sed
1510 1213 1588 1271 ad
1643 1214 1874 1274 Siciliae
1927 1216 2134 1274 littora
2192 1215 2422 1275 delatus

191 1295 333 1376 apud
381 1299 627 1377 Erycem
665 1300 884 1357 iterum
926 1300 991 1358 in
1036 1310 1260 1359 terram
1308 1299 1604 1374 escendit,
1676 1300 1777 1359 lib.
1833 1300 1902 1374 V,
1965 1305 1994 1363 1
2019 1299 2218 1363 -34.
2305 1300 2424 1360 Hic

191 1382 608 1443 anniversarias
651 1384 839 1465 patris
882 1384 1176 1445 Anchisae
1222 1385 1499 1444 Manibus
1538 1386 1778 1444 inferias
1819 1386 1962 1443 sacit
1999 1395 2060 1443 et
2105 1385 2280 1444 ludos
2320 1386 2423 1445 su-

190 1467 380 1527 aebres
416 1470 685 1528 instituit
726 1470 794 1545 V,
826 1472 909 1535 35
928 1475 1167 1535 -608.
1245 1472 1541 1550 Tempora
1576 1489 1651 1529 ex
1678 1469 1771 1529 his
1811 1470 2047 1549 colligas
2077 1489 2138 1529 v.
2169 1473 2253 1535 46
2282 1471 2423 1530 An-

171 1555 328 1624 ssnuus
346 1557 575 1613 exactis
599 1557 927 1633 completur
951 1555 1247 1615 mensibus
1276 1557 1453 1630 orbis,
1505 1565 1566 1615 et
1595 1560 1719 1620 626
1739 1558 2015 1633 Septima
2041 1569 2181 1632 post
2210 1559 2424 1616 Troiae

192 1640 467 1699 excidium
502 1643 634 1698 iam
664 1645 908 1701 vertitur
932 1655 1133 1701 aestas
1167 1651 1279 1702 etc.
1366 1642 1600 1701 Interea
1632 1642 1922 1708 Troianae
1959 1641 2236 1700 mulieres
2263 1641 2424 1720 longi

193 1726 390 1783 erroris
419 1726 626 1788 taedio
658 1726 869 1799 victae,
917 1736 991 1787 ut
1014 1727 1259 1787 tandem
1284 1729 1349 1786 in
1382 1728 1578 1785 Sicilia
1608 1727 2039 1786 considendum
2067 1737 2236 1800 esset,
2264 1726 2427 1785 clas-

194 1828 302 1868 sem
347 1809 715 1887 incendunt;
775 1822 1039 1889 quatuor
1084 1832 1268 1872 naves
1322 1812 1702 1888 combustae,
1774 1813 2036 1891 reliquae
2091 1822 2425 1890 reparatae.

194 1895 329 1955 Tum
358 1897 617 1971 Aeneas,
675 1897 883 1957 relicta
914 1898 1074 1978 apud
1100 1898 1351 1957 Acesten
1390 1898 1674 1957 comitum
1714 1906 1919 1977 parte,
1979 1897 2082 1976 qui
2119 1900 2428 1977 Aegestam

194 1999 282 2041 seu
339 1985 641 2062 Segestam
689 1982 987 2059 incolant,
1070 2004 1206 2042 cum
1255 1984 1500 2042 meliore
1546 1992 1717 2064 parte
1770 2004 1954 2043 naves
1998 1983 2180 2042 solvit
2219 2002 2428 2043 versus

194 2065 399 2127 ltaliam
435 2077 495 2127 et
537 2067 658 2127 hac
688 2068 815 2147 ipsa
848 2079 1071 2128 aestate
1100 2070 1377 2129 Tiberina
1412 2069 1561 2129 ostia
1590 2069 1911 2128 subvectus
1941 2069 2003 2126 in
2028 2089 2234 2147 agrum
2264 2069 2429 2127 Lau-

193 2161 405 2212 rentem
455 2153 736 2213 escendit.
848 2155 968 2214 Sed
1034 2155 1108 2214 de
1156 2154 1246 2213 his
1305 2156 1421 2214 alio
1476 2156 1610 2214 loco
1673 2153 2025 2216 videbimus.
2110 2154 2209 2213 Ad
2263 2153 2445 2213 hunc*

194 2247 370 2298 autem
417 2259 647 2299 annum
687 2239 796 2298 sub
846 2241 1084 2299 aestatis
1133 2241 1362 2299 exitum
1418 2240 1569 2299 haec
1617 2259 1739 2298 esse
1786 2239 2130 2314 reserenda,
2214 2258 2292 2298 ex
2334 2239 2431 2298 his

193 2333 368 2401 patet:
410 2325 599 2385 Ludis
644 2324 807 2404 apud
856 2327 1106 2406 Erycem
1143 2327 1335 2384 altero
1381 2326 1456 2384 ab
1510 2326 1849 2384 escensione
1900 2326 2003 2385 die
2046 2324 2144 2406 (V,
2178 2323 2288 2406 42)
2333 2325 2442 2394 in:

194 2408 348 2470 dictis
373 2410 619 2471 inferia-s
651 2407 747 2489 (V,
790 2413 874 2475 42
893 2445 972 2457 —-
998 2410 1146 2493 108)
1178 2412 1388 2491 dieque
1414 2432 1576 2472 nono
1600 2412 1777 2471 ludos
1804 2411 2035 2474 faciunt
2060 2409 2213 2491 (104
2247 2408 2433 2492 sqq.):

193 2491 297 2555 hoc
339 2497 546 2558 eodem
595 2495 691 2555 die
738 2496 937 2557 classis
983 2507 1265 2559 cremata.
1355 2495 1452 2557 Ad
1502 2518 1630 2557 eam
1676 2497 2061 2557 reficiendam
2106 2504 2167 2553 et
2210 2517 2434 2556 novam

194 2582 386 2642 urbem
415 2582 846 2664 designandam
893 2603 1111 2644 novem
1146 2584 1273 2643 dies
1303 2584 1431 2643 dati
1470 2604 1530 2643 v.
1562 2588 1603 2647 7
1607 2588 1710 2648 62.
1778 2583 2079 2643 Proximo
2111 2582 2207 2640 die
2240 2582 2433 2641 disce-

196 2664 337 2728 dunt
370 2689 429 2729 v.
455 2674 583 2736 763
618 2688 744 2747 sqq.

346 2755 515 2829 Quae
566 2765 812 2836 poetam
864 2755 1266 2833 impellerent,
1338 2764 1414 2814 ut
1449 2755 1515 2813 in
1565 2754 1767 2834 plures
1818 2773 2006 2813 annos
2072 2752 2437 2833 dispesceret

196 2836 408 2899 Aeneae
436 2860 712 2917 errores,
754 2841 859 2919 qui
883 2841 1212 2900 seeundum
1241 2840 1528 2899 historiae
1552 2839 1734 2899 fidem
1758 2839 1948 2898 altero
1975 2838 2074 2898 vel
2105 2839 2285 2898 tertio
2320 2859 2436 2898 an-

197 2943 268 2983 no
300 2927 551 2987 absoluti
569 2929 841 3002 fuerunt,
881 2946 1015 2985 meo
1039 2927 1437 3006 qualicunque
1466 2925 1689 2985 iudicio
1715 2924 2004 2984 videntur
2028 2925 2209 2984 fiiisse
2241 2924 2436 3003 plura.

198 3009 444 3072 Primum
474 3013 720 3092 quidem
738 3057 754 3086 ,
799 3011 962 3090 quod
989 3013 1271 3071 maiorem
1311 3013 1459 3071 facit
1494 3010 1951 3069 admirationem
1982 3019 2043 3068 et
2076 3011 2271 3089 ipsum
2300 3009 2437 3087 hoc,

201 3097 347 3173 quod
373 3119 498 3159 non
530 3116 658 3158 uno
693 3098 957 3157 alterove
996 3119 1154 3157 anno
1200 3096 1305 3156 sed
1337 3116 1445 3178 per
1490 3106 1715 3176 septem
1752 3116 1941 3155 annos
1974 3097 2292 3156 continuos
2325 3095 2440 3156 he-

201 3200 290 3242 ros
310 3184 532 3244 Aeneas
567 3184 712 3244 satis
751 3183 1020 3243 adversis
1060 3185 1178 3243 fuit
1222 3184 1506 3259 iactatus;
1551 3182 1886 3241 aemulatus
1926 3202 2111 3262 porro
2143 3191 2234 3241 est
2258 3191 2440 3260 poeta

204 3283 418 3328 errores
440 3270 705 3350 Ulyssis3
748 3279 810 3328 et
838 3279 1077 3349 poterat
1104 3270 1348 3329 omnino
1382 3269 1668 3328 maiorem
1702 3287 1905 3327 rerum
1935 3287 2299 3347 casuumque
2327 3288 2441 3328 va·

202 3351 456 3416 rietatem
483 3356 652 3416 intra
683 3356 798 3415 tale
827 3364 1065 3436 tempus
1092 3375 1408 3433 congerere
1435 3365 1499 3414 et
1522 3353 1857 3429 includere3
1898 3353 2086 3413 multa
2120 3373 2198 3413 ex
2243 3353 2441 3414 histo-

203 3436 284 3496 ria
319 3446 441 3504 τῶν
486 3438 783 3516 Νόστων,
830 3441 906 3501 de
952 3442 1182 3501 casibus
1212 3440 1613 3516 Achivorum,
1656 3440 1877 3498 seriore
1918 3440 2351 3499 nonnullorum
2378 3438 2444 3498 in

203 3526 440 3600 patriam
468 3528 712 3601 reditu,
756 3528 974 3586 infelici
1009 3527 1458 3607 Agamemnonis
1490 3528 1630 3600 sato,
1674 3524 1888 3604 Pyrrhi
1920 3525 2102 3584 caede
2129 3536 2191 3584 et
2229 3525 2443 3584 Heleni

205 3626 369 3688 regno
409 3614 722 3693 Epir-otico
766 3611 904 3693 (ΙΙΙ,
949 3616 1074 3678 295
1114 3613 1289 3693 sqq),
1336 3613 1410 3671 de
1450 3610 1697 3670 coloniis
1721 3610 2093 3670 Achivorum
2133 3612 2199 3670 in
2240 3610 2445 3670 Italiae

204 3691 390 3756 littore
409 3742 424 3773 ,
468 3716 805 3760 memorare
834 3719 953 3758 non
980 3696 1292 3778 potuisset,
1333 3698 1443 3757 nisi
1471 3697 1701 3757 Aeneae
1731 3715 1967 3755 errores
1987 3696 2050 3755 in
2075 3697 2307 3775 aliquot
2330 3717 2445 3755 an-

206 3798 305 3839 nos
333 3783 683 3864 dispertitus
717 3794 887 3844 esset.
972 3785 1243 3843 Tandem
1287 3784 1402 3843 hoc
1434 3784 1566 3864 ipso
1610 3783 1858 3841 invento
1904 3782 2079 3841 cavit*
2101 3793 2311 3863 poeta,
2368 3800 2446 3841 ne

208 3883 320 3925 rem
361 3890 572 3949 parum
610 3870 983 3950 probabilem
1025 3889 1272 3930 narrare
1309 3870 1654 3944 videretur,
1700 3868 1803 3946 qui
1830 3869 2057 3927 factum
2098 3878 2280 3943 esset,
2324 3887 2445 3946 quo

209 3952 387 4013 minus
429 3956 679 4016 Troiani
723 3957 787 4016 iu
815 3955 1076 4016 Achivos
1124 3956 1368 4018 domum
1400 3956 1653 4015 reduces
1692 3953 2059 4029 inciderent,
2105 3954 2207 4030 qui
2243 3963 2446 4013 tamen

211 4044 266 4093 et
285 4037 393 4117 ipsi
420 4061 455 4098 a
483 4043 667 4102 Troia
709 4043 1008 4102 solventes
1041 4041 1358 4101 Thraciam
1398 4042 1698 4122 petierant
1716 4084 1732 4115 ,
1774 4040 1916 4114 Οἱ,
1961 4058 2038 4099 ne
2069 4039 2297 4119 Ulyssis
2331 4057 2441 4097 na-

210 4120 369 4184 vibus
404 4138 824 4205 occurrerent,
869 4146 1021 4207 quae
1048 4137 1247 4189 tamen
1276 4127 1488 4190 eodem
1520 4125 1707 4202 mari,
1749 4126 1959 4187 iisdem
1987 4124 2324 4200 erroribus,
2367 4121 2446 4181 ad

213 4207 400 4271 endem
422 4214 545 4274 fere
571 4215 783 4277 littora
806 4215 1171 4276 {archanum

1113 4390 1525 4401 -—-—————-——-
