2882 5028
505 400 606 474 42
874 358 1211 487 m'sQU.
1255 395 1331 468 11
1380 396 1519 470 m:
1562 394 1932 471 RERUM
1983 396 2089 469 m
2144 396 2366 471 AEN.

502 606 663 682 que
708 579 808 657 ad
858 606 948 657 ea
987 596 1394 683 tempora,
1450 580 1737 682 quibus
1779 606 1909 657 res
1950 581 2246 681 scripto
2286 581 2762 680 consignare

502 698 886 785 coeptum
942 699 1097 775 est,
1179 711 1330 787 pro
1390 683 1558 760 fide
1620 711 1709 761 ac
1765 684 2163 787 probabili
2227 686 2573 780 ratione,
2667 687 2764 761 in

497 813 658 966 ἔξω
719 790 1221 889 acquiescere
1282 801 1363 866 et
1412 814 1652 894 quam
1704 791 1930 890 sequi
1982 812 2311 865 necesse
2371 801 2527 880 est;
2597 813 2770 863 nec

592 892 650 967 it
681 904 817 967 aut
867 906 985 968 est
1033 894 1573 994 antiquiorum
1611 906 2074 994 temporum
2113 890 2275 966 ulla
2316 890 2462 968 alia
2505 891 2768 967 histo-

496 994 644 1087 ria,
699 1020 940 1095 quam
981 995 1368 1094 mythical,
1422 1019 1567 1070 seu
1611 995 1822 1072 sama
1874 1022 1961 1071 ac
2004 996 2455 1070 narratione
2503 997 2766 1070 maio-

497 1123 682 1173 rum
730 1113 1084 1200 accepta‚
1148 1123 1337 1175 mox
1377 1099 1655 1177 litteris
1706 1102 2194 1198 consignata,
2272 1100 2489 1175 cuius
2538 1098 2766 1175 adeo

497 1199 749 1278 fidem
793 1227 897 1279 ne
956 1206 1019 1279 is
1075 1203 1450 1304 quidem,
1527 1206 1663 1304 qui
1725 1205 2028 1305 primus
2086 1201 2362 1277 litteris
2417 1201 2768 1277 manda-

495 1305 641 1400 vit,
710 1320 1106 1405 praestare
1213 1320 1420 1382 otest
1465 1308 1612 1381 nisi
1653 1305 2072 1400 hactenus,
2135 1305 2359 1406 quod
2409 1305 2766 1382 candide

499 1432 587 1483 ac
643 1407 1062 1506 diligenter
1160 1435 1419 1484 amam
1479 1424 1836 1486 veterem
1901 1410 2259 1509 exposuit
2305 1422 2437 1484 aut
2498 1410 2575 1483 in
2624 1409 2767 1483 di-

495 1513 862 1590 versitate
942 1515 1408 1589 narrationis
1479 1538 1673 1589 sano
1751 1539 1934 1590 cum
1994 1512 2288 1591 iudicio
2364 1512 2762 1588 dilectum

494 1611 703 1695 fecit.
1042 1612 1051 1624 '
1638 1679 1647 1683 .

701 1723 871 1795 Iam
927 1732 1216 1819 poetae
1274 1743 1378 1795 ne
1452 1720 1594 1795 ista
1668 1718 2000 1820 quidem
2060 1743 2334 1794 rerum
2398 1717 2598 1793 fides
2661 1743 2770 1793 ac

496 1822 1010 1921 probabilitas
1065 1825 1300 1898 nimis
1362 1823 1734 1921 religiose
1804 1836 1921 1897 est
1976 1822 2369 1898 sectanda.
2494 1823 2575 1896 Si
2638 1834 2765 1897 ta-

493 1949 690 2000 men
731 1926 860 2001 ille
906 1926 1089 2000 satis
1118 1940 1398 2003 tenere
1443 1929 1750 2002 animos
1787 1925 1976 2022 vult,
2028 1950 2180 2001 nec
2219 1926 2765 2022 committere,

495 2041 583 2103 ut
627 2028 896 2130 paullo
943 2029 1341 2106 doctiores
1383 2029 1784 2106 auditores
1820 2043 2469 2104 commentorum
2508 2028 2768 2104 licen-

499 2133 602 2207 tia
680 2130 1237 2228 offendantur,
1337 2158 1427 2209 ea
1502 2135 1845 2208 narratio
1926 2135 2073 2233 ipsi
2134 2158 2218 2208 se
2277 2132 2543 2207 uenda
2601 2146 2763 2229 est,

497 2261 700 2336 quae
766 2235 1224 2312 celebritate
1289 2250 1369 2313 et
1447 2238 1790 2312 claritate
1859 2236 1954 2312 ad
2022 2261 2244 2336 popu
2279 2238 2528 2311 arium
2586 2238 2767 2311 ani-

492 2362 674 2414 mos
721 2341 1144 2415 maximam
1189 2342 1349 2415 vim
1409 2340 1710 2416 habere
1758 2353 2040 2440 potest.
2113 2344 2274 2415 Etsi
2323 2342 2587 2440 itaque
2635 2341 2764 2414 in-

493 2456 618 2520 ter
649 2448 992 2520 Graecos
1024 2444 1449 2545 scriptores
1473 2468 1810 2543 magnus
1856 2456 2021 2520 erat
2051 2468 2140 2519 ea
2176 2443 2277 2519 de
2312 2468 2399 2520 re
2435 2442 2762 2519 dissen-

492 2571 661 2645 suS,
734 2573 919 2623 cum
978 2563 1250 2625 tamen
1302 2545 1659 2625 Romani*
1707 2549 2129 2648 scriptores
2195 2547 2298 2624 de
2352 2549 2764 2623 Troiano-

489 2676 672 2727 rum
714 2653 794 2725 in
838 2650 1137 2729 Italiam
1193 2652 1541 2728 adventu
1595 2650 2001 2752 Albaeque
2046 2656 2365 2748 Longae
2419 2652 2760 2749 origini-

488 2755 641 2830 bus
691 2756 789 2830 ab
834 2761 1103 2832 Aenea
1156 2757 1486 2857 eiusque
1544 2758 1931 2856 progenie
1973 2757 2330 2854 repetitis
2379 2779 2547 2830 uno
2598 2779 2764 2830 ore

488 2859 898 2935 traderent
920 2871 1028 2958 *)‚
1108 2862 1278 2936 iure
1352 2885 1500 2936 suo
1555 2865 1781 2935 Maro
1838 2858 2195 2935 fabulam
2249 2857 2454 2933 hanc
2536 2860 2769 2934 inter

487 2965 900 3039 Romanos
972 2962 1450 3040 celebratam
1514 2961 1927 3064 praeferre
1991 2964 2273 3039 ceteris
2333 2963 2595 3063 potuit
2657 2989 2766 3040 ac

491 3066 788 3144 debuit.

691 3172 827 3248 111.
878 3176 1329 3270 Antequam
1378 3169 1477 3244 ad
1529 3169 1675 3244 alia
1717 3169 2362 3270 progrediamur,
2436 3176 2532 3244 de
2574 3176 2762 3246 loeo

497 3280 887 3351 Homerico
936 3297 1173 3372 supra
1235 3286 1689 3348 memorato
1742 3299 1990 3374 pauca
2057 3272 2318 3348 adhuc
2361 3267 2760 3348 mouebiss

486 3401 685 3456 mus,
790 3376 1159 3454 Produnt
1196 3378 1530 3451 Homeri
1581 3377 1821 3452 verba
1859 3378 2039 3453 satis
2082 3390 2354 3478 aperte
2395 3399 2758 3474 regnum

488 3479 837 3582 aliquod,
894 3480 1115 3583 quod
1147 3484 1458 3556 Aeneas
1507 3482 1837 3582 eiusque
1874 3482 2175 3582 posteri
2205 3480 2762 3561 obtinuerant.

484 3588 887 3660 Homerus
948 3586 1249 3685 itaque,
1331 3585 1469 3685 qui
1526 3585 1865 3685 propior
1926 3597 2179 3660 aetate
2241 3585 2342 3659 ad
2393 3584 2760 3661 Troiana

487 3700 853 3790 tempora
892 3688 1104 3779 vixit,
1158 3689 1583 3786 (sumimus
1634 3688 1851 3763 enim
1893 3688 2077 3784 hoc,
2129 3700 2539 3788 tamquam
2582 3713 2760 3787 pro

486 3815 912 3886 concesso,
980 3791 1250 3869 locum
1307 3791 1524 3866 hunc
1572 3815 1737 3867 non
1788 3818 1830 3867 a
1875 3793 2176 3869 seriore
2234 3790 2501 3896 aliquo
2549 3790 2760 3866 rha-

656 4006 711 4089 *)
753 4007 837 4066 Ut
876 4027 933 4086 p.
972 4003 1166 4063 xllx
1205 4002 1575 4061 declaratum
1607 4013 1728 4080 cst5
1769 4025 1829 4063 v.
1866 4004 2021 4083 inpr.
2055 4007 2219 4062 Sext.
2244 4001 2447 4061 Aurel.
2475 4000 2630 4076 vict,
2663 4003 2757 4072 de

481 4093 555 4153 Ο.
608 4096 679 4153 G.
729 4094 801 4152 R.
888 4093 1032 4151 Post
1079 4090 1388 4167 Virgilium
1451 4090 1855 4149 narrationem
1916 4091 1990 4149 de
2044 4090 2284 4148 sedibus
2332 4088 2756 4150 Troianorum

479 4181 545 4239 in
592 4178 756 4239 Italia
801 4178 1013 4255 vulgo,
1075 4176 1253 4233 etiam
1296 4174 1458 4233 iuter
1502 4175 1792 4250 Graecos,
1853 4176 2205 4250 obtinuisse,
2265 4194 2442 4234 nemo
2486 4172 2751 4234 mirabi-

478 4275 613 4343 tur3
676 4264 763 4324 ita
811 4262 973 4346 apud
1017 4263 1318 4338 Quintum
1356 4263 1783 4339 Smyrnaeuin5
1841 4261 2004 4340 apud
2047 4260 2572 4343 Tryphiodorumt
2631 4262 2752 4322 ubi

481 4371 538 4412 v.
600 4351 727 4417 650
786 4349 986 4409 Venus
1042 4351 1301 4409 Aeneam
1359 4365 1497 4405 cum
1555 4345 1810 4406 Anchise
1870 4348 2126 4408 abduxit
2183 4352 2326 4427 τῆλε
2377 4344 2444 4410 δὲ
2501 4341 2758 4428 πάτρης

481 4429 799 4518 Αὐσονίην
845 4434 1153 4499 ἔπένασσε.
1203 4431 1339 4512 (leg.
1385 4425 1733 4513 ἀπένασσε).
