2882 5028
466 346 622 423 504
949 342 1035 417 Ρ.
1087 339 1629 418 VIRGILII
1694 336 2250 415 MARONIS

468 536 778 609 Ventus
796 587 816 622 ‚
873 539 954 602 et
985 523 1288 625 angusti
1316 538 1720 602 rarescent
1747 525 2079 601 claustra
2100 524 2394 620 Pelori,

472 639 728 711 Laeva
755 631 899 706 tibi
930 630 1186 724 telluS‚
1243 643 1324 707 et
1354 630 1600 727 longo
1636 629 1849 704 laeva
1884 642 2259 728 petantur

354 727 360 742 ’
472 745 845 838 Aequora
878 735 1243 828 circuitu3
1298 733 1664 821 dextrum
1697 729 1888 830 fuge
1923 732 2103 807 litus
2136 746 2216 808 et
2243 731 2520 811 undas,

472 845 686 918 Haec
719 840 891 915 loca
920 839 997 913 vi
1142 838 1475 933 ondam,
1533 849 1613 912 et
1644 849 1852 912 vasta
1884 834 2256 911 convolsa
2297 838 2545 930 ruina,

477 947 827 1019 Tantum
859 943 1026 1018 aevi
1085 942 1488 1042 onginqua
1522 940 1732 1016 valet
1766 952 2078 1015 mutare
2113 948 2486 1020 vetustas!
2574 945 2721 1020 415

472 1046 914 1125 Dissiluisse
942 1043 1277 1143 ferunt,
1318 1069 1573 1145 quum
1605 1057 1994 1145 protenus
2023 1056 2360 1143 utraque
2392 1042 2623 1120 tellus

613 1268 717 1324 411
756 1282 1050 1322 rarescunt
1083 1269 1239 1322 codd.
1274 1266 1438 1321 Servii
1475 1266 1568 1320 inf.
1608 1267 1674 1319 ad
1717 1269 1852 1331 530,
1903 1266 1957 1317 in
1995 1266 2159 1321 Wall.
2192 1285 2249 1319 su
2292 1285 2449 1319 erscr.
2483 1267 2572 1320 vel
2607 1268 2722 1320 elo-

479 1352 709 1392 rescene.
773 1340 937 1407 (quod
987 1339 1145 1391 etiam
1192 1339 1248 1390 in
1295 1340 1398 1390 Ms.
1447 1337 1589 1389 Bosii
1639 1347 1808 1389 exstat
1849 1338 1988 1406 apud
2037 1338 2181 1390 cort.
2216 1356 2244 1388 a
2317 1338 2446 1389 Luc.
2480 1340 2574 1400 lv,
2611 1339 2721 1392 123-

484 1409 626 1474 Wr.)
672 1410 858 1460 Parum
894 1417 1060 1461 acute.
1168 1410 1387 1460 lau-sera
1406 1410 1470 1459 P.
1494 1407 1737 1459 Perrhae.
1806 1407 2038 1458 Illustrat
2071 1425 2174 1458 vss.
2209 1407 2406 1457 Nodell
2442 1409 2574 1458 Not.
2611 1407 2722 1459 crit.

476 1495 531 1547 p.
566 1480 653 1532 77.
771 1479 878 1533 412
912 1478 1064 1531 laeta
1097 1429 1299 1547 aliquot
1329 1477 1467 1528 Pier.
1536 1489 1796 1547 petentur
1819 1478 2021 1544 Hagen.
2052 1485 2108 1527 et
2135 1475 2299 1528 wall.
2335 1494 2366 1527 a
2401 1495 2471 1527 m.
2507 1495 2593 1546 pr.
2616 1495 2724 1528 cum

477 1547 641 1599 Goth.
670 1566 775 1600 sec.
848 1545 984 1602 <414
1036 1562 1093 1599 σε
1137 1548 1288 1598 deest
1332 1545 1575 1598 Parrhas-
1644 1564 1711 1596 ex
1747 1546 1856 1597 Erf.
1939 1546 2202 1597 convolsa
2243 1544 2377 1597 Gud.
2519 1548 2626 1600 415
2672 1549 2724 1597 Iu

475 1617 643 1669 wall.
679 1635 858 1669 versus
896 1627 1011 1669 erat
1045 1617 1100 1668 in
1136 1615 1367 1684 margine
1403 1614 1729 1685 adscriptum
1791 1614 1931 1666 idem
1960 1615 2050 1666 lon
2097 1633 2249 1666 aeva.
2318 1614 2540 1666 Ennium
2578 1616 2725 1667 vide-

478 1696 569 1738 tur
602 1697 726 1738 ante
765 1686 945 1738 oculos
983 1686 1227 1738 habuisse
1261 1685 1448 1737 Annal-
1483 1686 1592 1736 XV
1644 1684 1783 1752 apud
1820 1685 1957 1736 Gell.
1996 1687 2016 1734 1
2077 1723 2092 1747 ,
2144 1684 2210 1738 14
2246 1685 2572 1737 Postremae
2604 1687 2725 1737 lon-

518 1758 687 1826 inqua
711 1755 830 1808 dies
856 1752 1151 1827 confecerit
1181 1768 1354 1807 aetas.
1424 1754 1574 1806 Adde
1606 1753 1814 1805 Lueret.
1847 1756 1908 1816 Π,
1943 1755 2027 1808 68.
2064 1755 2148 1807 69.
2188 1754 2290 1804 duo
2326 1766 2576 1819 motare,
2619 1755 2725 1805 sol-

477 1775 621 1876 fienni
657 1825 1056 1894 permutatione.
1100 1824 1207 1877 vid.
1243 1826 1413 1875 Burm.
1554 1821 1660 1876 416
1691 1835 1964 1894 protenus
1990 1822 2169 1874 Heius.
2205 1822 2444 1891 reposuit
2471 1841 2591 1874 cum
2618 1827 2726 1875 Ve-

476 1893 552 1945 lio
589 1894 774 1962 Longo
810 1904 865 1946 et
896 1895 1045 1945 Leid.
1080 1894 1249 1946 altero
1283 1912 1345 1946 ec
1380 1892 1630 1945 Rotteud.
1667 1909 1750 1960 pr.
1782 1893 2092 1961 (desiluisse
2117 1892 2169 1944 in
2195 1893 2351 1944 codd.
2382 1910 2443 1944 se
2467 1895 2725 1962 reperisse

476 1964 647 2015 refert
679 1964 823 2015 Cort.
859 1964 928 2017 ad
962 1965 1158 2016 Lucan.
1188 1959 1257 2029 V,
1291 1964 1414 2018 631.
1455 1966 1539 2017 W
1535 1961 1601 2031 r.)

479 2140 647 2200 Illam
697 2160 842 2201 vero
873 2138 1111 2200 laudem
1157 2138 1289 2199 iure
1334 2137 1563 2219 optimo

481 2225 594 2285 sibi
641 2226 874 2305 antiqui
931 2225 1239 2285 vindicare
1280 2232 1566 2304 poterent

479 2312 753 2371 Romani.
807 2309 1029 2392 Wclz.)

530 2398 750 2463 410-
766 2399 910 2462 413.
930 2395 1323 2455 Flectendum
1353 2395 1418 2454 in
1447 2394 1562 2453 ed-

480 2481 575 2543 itu
621 2482 759 2543 freti
815 2482 1000 2543 Siculi
1054 2491 1114 2541 et
1164 2481 1564 2541 avertendum

482 2568 558 2628 nd
581 2568 845 2629 exterius
883 2588 1047 2627 mare
1088 2588 1329 2628 cursum
1358 2577 1451 2643 et,
1496 2575 1567 2627 ut

481 2662 654 2714 tanto
690 2654 883 2716 tutior
918 2655 1017 2714 ille
1053 2655 1163 2730 sit,
1204 2653 1459 2713 Siciliam
1490 2652 1564 2712 ab

482 2742 717 2800 oriente
799 2739 1283 2800 circumeundam
1342 2747 1566 2799 monet.

480 2826 730 2887 Fretum
779 2827 1040 2906 appellat
1077 2845 1152 2885 ex
1183 2846 1349 2885 more
1386 2827 1567 2883 clau·-

481 2926 686 2972 strnm.
773 2913 1017 2992 Proprie
1052 2932 1151 2987 ea,
1195 2931 1345 2990 quae
1380 2911 1566 2969 densa

482 3008 644 3071 sunt,
689 2997 1010 3057 transitum
1041 2997 1385 3072 occludunt,
1422 2995 1566 3056 hinc

460 3085 671 3153 ,densa
699 3084 911 3162 poetis,
956 3103 1107 3161 quae
1142 3083 1338 3143 clausa
1368 3083 1562 3162 plane,

483 3178 554 3228 ut
597 3169 702 3228 Gr.
745 3162 1044 3230 πυκινόν·
1102 3190 1162 3229 v.
1208 3187 1257 3227 c.
1300 3165 1566 3231 πυκινόν

483 3258 694 3336 πῶμα·
739 3253 955 3333 Odyss.
994 3277 1052 3328 κ,
1096 3257 1221 3317 283
1268 3250 1566 3327 πυκινοιῖς

481 3342 850 3422 κευθμῶνας
890 3338 967 3396 de
993 3340 1146 3397 bene
1187 3339 1421 3397 occlusa
1447 3337 1565 3397 ha·-

482 3444 586 3502 ra;
644 3424 911 3501 adeoque
962 3444 1063 3500 ea,
1140 3444 1292 3503 quae
1349 3425 1567 3483 laxan-

482 3520 619 3585 tur,
664 3513 1049 3591 aperiuntur,
1094 3520 1338 3591 petent,
1396 3532 1565 3569 rare-

484 3617 642 3655 scere
690 3596 847 3654 dixit
888 3606 1082 3676 poeta.
1168 3597 1567 3655 Iam‘Servius

483 3683 665 3741 bene:
716 3684 863 3762 quia
900 3683 1265 3742 venientibus
1291 3682 1365 3740 de
1392 3685 1566 3742 Ionio

487 3765 697 3850 (mari)
724 3782 969 3846 propter
988 3782 1374 3828 curvaturam
1403 3770 1570 3827 liuo-

483 3876 618 3914 rum
660 3855 893 3913 clausae
920 3855 1196 3914 videntur
1223 3856 1570 3932 angustiae,

485 3962 642 4021 quae
660 3940 998 4018 paullatim
1020 3938 1569 4020 propinquantibus

486 4026 702 4106 aperiri
719 4027 1010 4084 videntur.
1051 4025 1209 4083 Bone
1222 4045 1569 4085 memoran-

483 4121 590 4171 tur
607 4112 682 4172 ad
700 4110 846 4171 haec
872 4112 1048 4170 Lucr.
1076 4111 1175 4177 lv,
1194 4115 1319 4175 397
1345 4131 1477 4189 sqq.
1508 4119 1572 4169 et

484 4198 798 4274 Instimlv,
815 4205 844 4262 1
867 4197 978 4255 sub
999 4197 1098 4257 fin.
1143 4197 1412 4256 Poeticae
1427 4218 1570 4256 ore-
1597 4240 1602 4245 ι

481 4285 665 4346 tionis
688 4284 893 4364 genius
921 4282 998 4341 ad
1024 4282 1338 4342 oculorum
1367 4302 1573 4342 sensus

483 4372 681 4432 omnia
696 4378 961 4431 revocat.
995 4367 1183 4428 Simili
1198 4369 1378 4430 modo
1390 4372 1567 4445 coire,

1646 2138 1939 2215 conizmgi
1953 2182 1970 2211 ,
2041 2145 2101 2196 et
2145 2157 2355 2197 rursus
2401 2138 2719 2216 discedere,

1646 2226 1890 2301 seiungi
1916 2231 1977 2281 et
2001 2224 2294 2302 disiungi,
2327 2223 2724 2286 dicunturlo-

1644 2299 1750 2384 ca,
1796 2328 1949 2385 quae
1978 2309 2306 2388 ingressum
2332 2308 2588 2373 habent.
2645 2313 2724 2370 lta

1647 2403 1709 2453 et
1740 2388 2087 2472 aper-ianim-
2109 2413 2207 2470 ea,
2252 2415 2404 2473 quse
2434 2415 2466 2455 e
2494 2396 2723 2477 longin-

1646 2500 1767 2559 quo
1801 2479 1864 2539 in
1907 2489 2289 2561 conspectum
2335 2482 2620 2561 veniunt,
2662 2492 2723 2544 ut

1651 2587 1781 2646 sup.
1849 2569 1973 2632 275
2022 2571 2291 2645 aperitur
2336 2569 2600 2646 Apollo,
2667 2579 2722 2629 et

1647 2652 1756 2712 ins.
1788 2654 1902 2717 531
1943 2666 2267 2732 portusque
2301 2660 2569 2731 patescit
2606 2658 2722 2713 iam

1640 2741 1912 2816 propior.
2003 2739 2225 2811 Contra
2284 2739 2450 2818 apud
2513 2742 2719 2801 Lucan.

1649 2824 1750 2898 111,
1795 2828 1834 2887 7
1886 2823 1961 2882 de
2002 2823 2371 2884 discedente:
2429 2838 2487 2883 et
2525 2827 2722 2886 dubios

1650 2912 1834 2967 cernit
1897 2930 2185 2971 rarescere
2253 2924 2481 2969 montes
2501 2932 2528 2973 .·
2591 2987 2595 2990 Α
2626 2913 2719 2973 ubi

1648 2994 1807 3054 idem
1875 3003 1964 3052 est
2022 2995 2186 3073 quod
2253 3017 2576 3057 vanescere
2633 2998 2721 3056 vel

1649 3099 2015 3140 evanescere.
2132 3082 2395 3140 Crescere
2411 3127 2430 3158 ,
2511 3086 2715 3160 attolli,

1649 3168 1914 3227 attollere
1940 3188 2025 3242 se,
2059 3188 2298 3245 surgere
2323 3168 2617 3229 dicuntur
2640 3191 2720 3245 es,

1650 3266 1808 3331 quse
1849 3252 1971 3310 alta
2028 3261 2202 3329 sunt,
2254 3252 2357 3329 iis,
2416 3256 2523 3333 qui
2563 3276 2720 3315 acoe—

1650 3339 1831 3397 dunt:
1890 3346 1964 3397 ut
1992 3340 2289 3412 recedere,
2352 3341 2402 3398 si
2432 3341 2720 3401 discedas:

1651 3444 1782 3504 sup.
1814 3427 1914 3488 72.
1960 3425 2032 3483 cf.
2061 3425 2170 3483 ins.
2197 3424 2323 3490 552
2352 3434 2414 3483 et
2445 3427 2725 3487 abscondi

1650 3529 1781 3590 sup.
1819 3513 1964 3574 291.
2052 3514 2245 3587 mergi
2284 3511 2449 3590 apud
2481 3514 2611 3574 val.
2643 3513 2720 3573 fl.

1648 3596 1722 3670 11,
1768 3600 1827 3670 6,
1873 3599 1929 3658 7.
1975 3593 2118 3665 add.
2143 3595 2288 3657 ibid.
2316 3599 2464 3663 430.
2505 3605 2561 3664 1.
2591 3599 2721 3665 442

1650 3686 1708 3745 3.
1725 3714 1809 3728 --
1835 3681 2107 3740 dextrum
2131 3683 2296 3740 liuns
2320 3681 2551 3745 Italiae.
2595 3689 2720 3744 Ser-

1651 3767 1821 3826 vius:
1863 3788 2009 3824 nam
2041 3768 2114 3825 de
2139 3770 2315 3827 Ionio
2341 3774 2717 3849 navigantes,

1651 3856 1710 3911 si
1739 3853 1979 3931 fretum
2006 3867 2222 3932 petant
2237 3898 2254 3929 ,
2332 3855 2608 3915 dextrum
2641 3869 2720 3914 ee-

1652 3950 1837 3998 neant
1871 3939 2035 3997 lictu-s
2074 3961 2305 3998 necesse
2351 3953 2460 3999 est.
2553 3943 2718 4002 Palo-

1652 4045 1787 4083 rmn
1836 4038 2164 4100 angustum
2205 4024 2385 4085 docte
2423 4026 2582 4088 dixit
2620 4045 2718 4108 pro

1654 4111 1811 4169 freto
1861 4108 1995 4188 ipso
2044 4112 2534 4190 promontorium
2581 4110 2720 4174 illud

1654 4196 1928 4255 alluente.

1741 4279 2127 4346 414—419.
2187 4281 2272 4339 De
2311 4282 2484 4343 ltalia
2524 4304 2593 4342 sc
2631 4281 2718 4340 si·

1656 4368 1789 4427 eilia
1814 4386 2027 4447 magno
2069 4376 2243 4428 motu
2277 4378 2476 4430 terrae
2509 4369 2718 4429 direm-
