2882 5028
783 392 1893 469 ADLIBRUM1
2309 378 2580 470 πιέν·

166 588 503 650 meditatur
517 633 539 664 ,
601 595 688 647 ut
761 605 980 647 rerum
1042 593 1302 645 eventus
1362 580 1600 643 differat
1613 606 1631 643 t
1703 580 1887 661 idque
1948 580 2108 642 bello
2174 574 2465 644 adversm

167 677 455 737 Troianos
498 682 685 735 moto
736 668 1185 755 (313—322).
1304 669 1455 729 Belli
1496 668 1677 729 huius
1731 668 1958 729 semina
2000 667 2168 729 hunc
2217 668 2284 728 in
2325 688 2464 728 mo-

170 763 310 822 dum
368 783 408 820 a
465 759 729 822 Iunone
786 759 982 833 iacta,
1024 766 1098 816 ut
1139 756 1385 834 Alecto,
1432 755 1758 816 Furiarum
1812 775 1966 831 una,
2018 755 2233 832 missa,
2273 758 2464 814 Ama-

1132 863 1263 921 [uae
1316 841 1472 901 filiae
1527 841 1979 901 matrimonium
2021 842 2230 900 Turno
2285 849 2463 922 pacta

1132 949 1334 988 unum
1374 928 1592 1008 ipsum,
1634 927 1727 987 ira
1769 936 1833 986 et
1873 928 2079 986 surore
2121 927 2461 986 inflamma-

1132 1033 1364 1093 quoque
1404 1013 1469 1072 in
1511 1013 1802 1072 Troianos
1844 1024 2244 1092 exasperaret,
2273 1011 2460 1072 Asca-

1132 1121 1319 1177 sacra,
1349 1119 1529 1178 quam
1552 1098 1653 1159 ille
1691 1099 1973 1159 vulnerat
2019 1097 2128 1175 (47
2131 1098 2170 1164 5
2190 1097 2461 1180 —5o2),

1132 1187 1238 1246 [ltu
1279 1186 1596 1265 agrestium
1639 1204 1809 1244 caeso
1853 1182 1999 1266 (531
2027 1182 2296 1264 —539).
2374 1183 2461 1243 Ita

1132 1282 1274 1332 »rtas
1311 1272 1441 1352 ipsa
1481 1271 1635 1331 luno
1676 1279 1903 1331 reserat
1947 1266 2378 1352 (620—623).

1135 1379 1273 1418 rum
1341 1357 1573 1418 casibus
1641 1357 1964 1416 sollicitum
2020 1354 2251 1414 Tiberis
2315 1354 2464 1415 deus

1132 1453 1574 1522 ›ortentumque
1614 1444 1737 1502 suis
1780 1463 1918 1502 cum
1960 1441 2144 1500 XXX
2187 1440 2462 1520 porcellis
2514 1477 2524 1480 -

1132 1531 1366 1606 edooet,
1424 1539 1649 1608 utque,
1704 1529 2078 1589 Pallanteum
2133 1528 2459 1607 profectus,

1186 1617 1251 1676 in
1293 1615 1640 1676 societatem
1685 1615 1826 1675 belli
1869 1614 2192 1689 adsciscat,
2244 1611 2460 1673 horta-

1132 1712 1229 1763 tur
1269 1710 1621 1783 portentum
1663 1702 1816 1777 suis,
1861 1720 2045 1779 quam
2086 1697 2315 1757 Aeneas
2355 1699 2464 1759 Iu-

1153 1789 1511 1869 deprecatur
1553 1785 1655 1869 (81
1681 1790 1883 1851 —89.
1922 1782 2254 1865 59—61).
2307 1785 2461 1845 Tum

1133 1897 1168 1934 o
1213 1873 1566 1934 fabricanda
1616 1872 1767 1953 petit
1809 1867 2274 1953 (370—453),
2317 1880 2462 1930 mox

1132 1960 1275 2037 540,
1319 1964 1446 2026 608
1479 1993 1553 2004 -
1587 1959 1668 2018 ad
1704 1955 1793 2041 fi).
2561 1979 2565 1984 ·

1179 2045 1342 2127 apud
1392 2045 1750 2107 Evandrum
1805 2053 1868 2104 et
1909 2043 2194 2102 Etruscos
2241 2041 2460 2101 auxilia

1155 2133 1556 2192 Troianorum
1626 2137 1953 2212 oppugnat.
2068 2127 2240 2187 Facit
2305 2127 2459 2187 illud

1172 2238 1308 2279 eum
1350 2219 1510 2278 Iride
1555 2215 1690 2298 (lx,
1732 2211 1873 2296 pr.).
1956 2213 2028 2273 Iu
2066 2212 2183 2272 hac
2225 2222 2460 2273 castro-

1132 2307 1311 2364 :anius
1352 2324 1386 2363 e
1432 2322 1668 2384 pugnae
1710 2300 2049 2362 discrimine
2091 2298 2460 2360 subducere-

1132 2392 1245 2451 iem
1289 2399 1558 2450 mutatus
1602 2410 1639 2447 a
1678 2385 2002 2469 pugnando
2046 2405 2183 2445 eum
2226 2385 2458 2445 abster-

1145 2523 1164 2555 ,
1227 2486 1548 2558 postquam
1606 2493 1715 2557 per
1753 2480 1995 2557 portam
2046 2481 2352 2553 patentem
2394 2471 2459 2530 in

1140 2564 1490 2645 perterritos
1530 2563 1734 2641 fugat,
1777 2561 2003 2620 Iunone
2043 2558 2158 2638 ipsi
2192 2559 2460 2634 favente3

1132 2672 1139 2707 ι
1181 2659 1476 2710 avocatur
1520 2647 1676 2730 (802
1702 2642 1879 2728 sqq.).
1976 2643 2212 2704 Omitto
2263 2644 2461 2724 Cybe-

1176 2735 1408 2795 Aeneae
1462 2732 1792 2809 servanda,
1848 2730 2105 2792 navibus
2160 2731 2226 2788 in
2267 2731 2459 2809 Nym-

1132 2826 1223 2899 22,
1273 2824 1354 2898 X,
1387 2818 1813 2897 219—250).
2400 2831 2417 2837 ·

1132 2930 1182 2985 ›,
1244 2907 1474 2988 Iupiter
1516 2903 1757 2965 dissidia
1799 2909 2111 2961 moventes
2157 2898 2459 2978 obiurgat:

1132 2994 1233 3054 lud
1287 3004 1526 3075 tempus
1589 2990 1787 3067 iubet,
1861 3007 1983 3068 quo
2041 2983 2336 3065 Carthago
2397 2995 2460 3044 et

1132 3081 1162 3157 ζ,
1204 3078 1341 3161 pr.).
1429 3080 1633 3139 Venus
1676 3074 1752 3135 de
1792 3073 2028 3135 iniuriis
2078 3082 2141 3132 et
2178 3070 2460 3152 periculis

1170 3175 1245 3226 ut
1298 3165 1511 3225 saltem
1556 3161 1849 3224 Ascanius
1899 3159 2217 3221 incolumis
2261 3157 2457 3216 disce-

1132 3252 1210 3331 lui
1270 3252 1480 3327 fuisse,
1539 3258 1610 3311 ut
1650 3248 1862 3308 Troiae
1903 3248 2095 3307 fatum
2141 3264 2457 3305 commune

1132 3358 1199 3397 us
1245 3333 1352 3417 (X,
1400 3331 1729 3415 18-62).
1811 3332 1965 3394 Iuno
2007 3331 2230 3392 refellit
2258 3330 2457 3391 Vene-

1151 3426 1267 3502 (62
1294 3454 1381 3469 —
1405 3416 1538 3505 99).
1652 3419 1921 3480 Tandem
1971 3411 2204 3499 Iupiter
2256 3416 2455 3476 neutri

1132 3531 1145 3568 ι
1184 3518 1380 3568 totam
1434 3527 1566 3568 rem
1609 3507 1986 3566 committere
2030 3503 2183 3564 velle
2225 3500 2454 3583 signifi-

1132 3615 1279 3655 »ersa
1332 3604 1475 3655 sunt
1524 3594 1637 3654 alia
1697 3592 2019 3652 nonnulla:
2073 3592 2336 3649 Lausum
2394 3597 2456 3647 et

1132 3681 1359 3761 Iupiter
1413 3678 1504 3762 (X
1519 3724 1536 3755 ,
1579 3678 1737 3758 436)
1751 3723 1770 3755 ,
1813 3676 2172 3737 Mezentium
2218 3673 2295 3734 ad
2323 3680 2457 3756 'pu-

1152 3767 1298 3827 inde
1351 3764 1729 3825 Tarchonem
1785 3761 1930 3845 (XI,
1973 3759 2167 3843 725.).
2254 3759 2457 3822 Venus

1132 3873 1270 3912 neae
1307 3852 1534 3913 vulnus
1579 3859 1828 3910 sanatur
1870 3848 2033 3928 (XII,
2065 3849 2232 3925 111).
2295 3847 2455 3906 Gra-

1132 3939 1286 3999 idest
1323 3938 1582 3999 Iuturna
1623 3934 1892 4017 nympha
1933 3955 2106 3995 soror
2155 3928 2265 4017 (X,
2309 3935 2454 3998 439.

1132 4034 1210 4087 itu
1259 4024 1506 4086 Troiani
1559 4022 1809 4084 tandem
1851 4022 2060 4081 castris
2107 4027 2454 4099 erumpunt,

1132 4121 1187 4187 ις
1242 4110 1382 4172 belli
1431 4110 1637 4189 itaque
1676 4118 1837 4170 tota.
1862 4107 2021 4168 mole
2071 4109 2138 4167 in
2178 4107 2453 4165 Turnum
2531 4169 2533 4171 ,

1132 4197 1278 4256 :ibus
1319 4197 1729 4276 consequitur,
1773 4204 1845 4257 ut
1886 4215 2025 4255 eum
2068 4213 2280 4274 pugna⁴
2305 4190 2452 4250 sub-

640 4443 655 4452 7
1132 4278 1233 4427 ma)
1259 4367 1337 4428 ad
1380 4388 1641 4449 pugnam
1702 4368 1863 4427 inter
1907 4367 2180 4424 Turnum
2227 4372 2288 4421 et
2332 4361 2452 4421 Ae-

176 4481 340 4527 neam
382 4463 661 4527 deducta
678 4506 698 4538 ,
755 4459 923 4521 luno
939 4499 956 4531 ,
1013 4473 1087 4515 ne
1126 4454 1251 4535 ipsa
1296 4472 1407 4514 nec
1449 4452 1715 4537 pactioni
1770 4471 1882 4513 nec
1922 4471 2155 4533 pugnae
2196 4448 2453 4524 intersit,
2482 4506 2491 4513 ,
