2882 5028
434 348 586 422 356
923 345 1006 419 P.
1068 343 1599 420 VIRGILII
1652 343 2210 421 MARONIS

436 529 835 632 Optabam
887 529 1240 629 primum
1296 527 1595 604 montis
1615 592 1635 626 ‚
1716 530 2232 633 primumque
2282 529 2699 634 petebam,

434 635 795 729 Abnegat
829 634 1074 707 excisa
1109 635 1349 708 vitam
1380 633 1836 732 producere
1865 637 2130 731 Troia,

431 736 968 838 Exsiliumque
992 737 1183 837 pati.
1288 741 1455 814 Vos
1484 762 1558 834 ο,
1615 737 1902 838 quibus
1929 739 2239 836 integer
2265 741 2431 814 aevi

437 840 800 938 SanguiS‚
858 841 997 930 ait,
1052 839 1520 940 solidaeque
1554 865 1700 917 suo
1735 854 1944 917 stant
1973 843 2272 919 robore
2300 843 2528 939 vireS,

432 949 595 1022 Vos
639 944 917 1041 agitate
962 939 1256 1040 fugam.

428 1053 563 1124 Me
597 1047 659 1121 si
692 1045 1118 1122 coelicolae
1151 1045 1587 1122 voluissent
1614 1045 1908 1123 ducere
1937 1047 2214 1126 vitam:

428 1155 585 1225 Has
611 1149 806 1225 mihi
844 1163 1282 1225 servassent
1311 1150 1587 1229 sedes.
1673 1151 1872 1225 Satis
1907 1175 2066 1226 una
2098 1174 2502 1253 superque

427 1254 792 1330 Vidimus
825 1253 1151 1347 excidia,
1209 1266 1288 1328 et
1326 1268 1598 1354 captae
1631 1256 2173 1354 superavimus
2205 1254 2403 1332 urbi.

431 1359 558 1433 Sic
591 1382 665 1448 ο,
719 1358 828 1431 sic
867 1359 1218 1458 positum
1258 1355 1496 1432 adfati
1533 1356 1912 1434 discedite
1952 1383 2262 1458 corpuS.

425 1464 607 1560 Ipse
678 1485 921 1536 manu
978 1474 1329 1538 mortem
1388 1462 1808 1541 inveniam.
1956 1459 2467 1538 Miserebitur
2528 1459 2688 1645 hog

1594 1564 1752 1662 stis,
2526 1572 2628 1643 64

563 1720 668 1775 636
698 1721 906 1791 primos
935 1721 1136 1772 montis
1158 1725 1336 1791 Sprot.
1476 1721 1581 1775 637
1616 1721 1860 1772 exse-issa
1883 1716 2068 1771 malint
2111 1718 2348 1770 Guelliua
2396 1728 2453 1770 et
2495 1719 2686 1780 Cei-da,

424 1789 545 1858 qnia
574 1792 840 1841 excidium
867 1788 991 1840 inde
1022 1790 1139 1840 duci
1170 1791 1371 1842 debuit.
1440 1790 1548 1842 Sed
1580 1802 1850 1858 utrumque
1884 1789 2090 1841 dicitur.
2118 1808 2167 1840 v.
2197 1790 2290 1840 inf.
2319 1790 2388 1840 ad
2427 1791 2518 1855 1V,
2557 1789 2685 1843 425.

426 1863 505 1925 (et
533 1860 723 1910 Duker.
749 1860 815 1909 ad
841 1859 982 1910 Flor.
1010 1877 1064 1926 p.
1094 1860 1215 1914 243.
1245 1880 1276 1912 a
1303 1859 1449 1912 lalin.
1481 1859 1621 1911 laud.
1666 1861 1810 1926 Wr.)
1884 1858 2097 1910 abscisa
2124 1858 2260 1909 alter
2287 1859 2475 1909 Hamb.
2538 1877 2682 1928 per·-

423 1929 624 1980 dueere
656 1931 760 1979 sed.
790 1931 977 1980 Mon-et.
2099 1926 2205 1982 640
2251 1941 2306 1979 et
2350 1926 2515 1980 rebus
2555 1945 2686 1978 ser-

423 2012 553 2049 vate
576 1998 834 2049 secundis
855 1997 1131 2067 suppletus
1169 2016 1347 2049 versus
1378 1999 1431 2048 in
1463 2000 1648 2050 Franc.
1684 2016 1746 2049 ex
1775 1998 1869 2047 lib.
1900 1999 1940 2060 1,
1968 1999 2089 2050 207.
2227 1997 2332 2052 643
2368 2010 2423 2048 et
2460 1997 2513 2047 in
2538 1997 2684 2047 mul-

420 2067 491 2116 tis
516 2070 686 2118 Burm.
716 2067 881 2118 deest.
919 2066 1042 2132 (vid.
1079 2071 1145 2130 Q'.
1176 2070 1239 2121 V.
1269 2070 1388 2130 XII,
1423 2070 1509 2121 15.
1551 2077 1684 2119 extr.
1730 2068 1874 2128 Wr.)
2014 2067 2119 2121 644
2153 2068 2405 2118 Abfuerat
2431 2067 2496 2118 ab
2524 2064 2684 2118 initio

421 2135 509 2187 hic
535 2154 713 2187 versus
740 2155 769 2187 a
799 2136 1060 2187 Mediceo.
1100 2138 1176 2202 (in
1204 2137 1438 2205 margine
1467 2136 1716 2188 inferiore
1745 2136 1984 2206 appictus
2004 2173 2021 2198 ,
2057 2136 2209 2200 loco,
2254 2136 2344 2187 ubi
2372 2136 2685 2187 inserendus

421 2206 517 2268 ait,
551 2205 775 2257 literulis
802 2216 1007 2258 notato.
1052 2205 1192 2272 Wr.)
1264 2207 1522 2259 dimittite
1549 2225 1629 2276 pr.
1668 2207 1855 2257 Hamb.
1995 2204 2100 2260 645
2152 2204 2505 2257 miserabitur
2542 2207 2684 2258 Ven.

422 2285 478 2326 et
524 2278 715 2326 Mox-et.
762 2293 868 2326 sec.
938 2279 1017 2326 An
1058 2276 1236 2345 placet
1278 2277 1683 2345 interpungere:
1745 2279 1874 2346 Ipse
1915 2294 2080 2326 manu
2128 2288 2351 2327 mortem
2384 2277 2684 2337 inveniam,

419 2343 795 2407 miserebitur,
832 2345 1039 2406 hosti-53
1077 2348 1322 2397 Exuvias
1358 2365 1426 2397 ue
1451 2358 1620 2417 petet.
1685 2355 1743 2395 ut
1787 2346 1999 2412 iungas:
2055 2363 2220 2395 manu
2253 2345 2446 2396 hostis.
2518 2348 2687 2411 (usus

417 2414 669 2482 loquendi
700 2430 805 2464 non
831 2414 1062 2482 patitur,
1100 2425 1160 2465 ut
1187 2365 1436 2466 hostizem
1466 2432 1668 2465 manum
1696 2414 2086 2482 intelligamns;
2133 2432 2230 2464 nee
2273 2414 2547 2465 commoda
2585 2414 2687 2466 illa

417 2482 853 2553 interpunctionis
881 2484 1119 2537 mutatio·
1191 2488 1368 2537 Manu
1397 2497 1623 2537 mortem
1649 2485 1929 2548 invenire,
1963 2500 2069 2535 non
2097 2483 2304 2535 adiecto
2329 2483 2564 2552 genitivo
2589 2495 2685 2536 eut

417 2555 734 2622 pronomine
766 2554 1095 2623 possessivo,
1147 2556 1316 2606 valet:
1367 2573 1484 2605 sua
1525 2572 1676 2605 manu
1713 2566 1934 2605 mortem
1977 2554 2240 2618 invenire,
2288 2554 2426 2604 sive:
2471 2572 2686 2606 manum

417 2624 518 2676 sibi
550 2623 759 2674 inferre.
829 2624 1030 2675 Firmat
1059 2625 1195 2676 hanc
1230 2623 1633 2693 explicationem
1661 2623 1924 2677 adiectum
1954 2640 2245 2691 pronomen
2287 2624 2422 2693 ipse.
2491 2625 2686 2693 Neque

416 2693 554 2759 enim
574 2695 693 2765 ipse
724 2691 829 2744 h.l.
859 2694 928 2745 ad
958 2693 1351 2763 distinguendas
1377 2710 1635 2761 personae
1668 2702 1893 2761 spectat,
1933 2702 1992 2742 nt
2018 2693 2064 2744 is
2089 2694 2159 2743 eit
2186 2710 2399 2744 seusus:
2437 2710 2532 2744 voa
2563 2694 2685 2745 ‹lis-

2532 952 2696 1026 640

1119 1931 1223 1985 639
1260 1948 1490 2000 corpore
1515 1927 1775 1994 Parthas„
1808 1928 1962 1979 male.

414 2834 494 2893 ad
522 2835 739 2894 Anton.
771 2834 897 2893 Lib.
939 2855 989 2895 c.
1021 2839 1123 2900 29.
1185 2831 1272 2915 (et
1306 2834 1505 2894 Wun-
1593 2830 1694 2915 (ab
1723 2833 1982 2893 Hercule
2023 2842 2271 2913 propter
2300 2834 2684 2895 Laomedon-

414 2922 563 2980 derl.
596 2921 660 2979 in
689 2921 830 2980 obs.
857 2924 918 2979 in
951 2921 1171 2981 Tibull.
1202 2922 1249 2997 Ι,
1293 2925 1351 2997 6,
1401 2920 1503 2986 43.
1590 2921 1668 2979 tis
1714 2918 2050 3002 perfidiam)
2102 2930 2506 2999 expugnatam
2550 2921 2686 2980 vidi

415 3028 448 3065 a
489 3005 656 3065 Iahn.
703 3007 863 3066 laud.
934 3006 1107 3066 Adde
1148 3007 1304 3066 Delr.
1342 3010 1505 3085 Syn·
1590 3015 1653 3064 et
1681 3006 1818 3065 urbi
1849 3016 2059 3084 captae
2095 3007 2436 3087 supervixi,
2489 3027 2565 3067 ne
2589 3007 2684 3066 bis

412 3103 590 3169 tagm.
628 3093 801 3169 Trag.
844 3093 973 3151 Lat.
1019 3094 1088 3152 T.
1128 3093 1226 3151 111.
1259 3112 1316 3172 p.
1355 3089 1503 3156 255.
1587 3092 1748 3150 idem
1772 3093 2064 3171 experiar.

423 3180 527 3238 IV
518 3175 593 3256 r.)
636 3178 785 3235 dant
809 3179 928 3235 tela
956 3179 1191 3237 locum.-
1234 3177 1501 3236 intactus
1675 3180 1822 3245 644.
1868 3181 1967 3237 Sic
1985 3181 2253 3256 positum
2276 3199 2520 3256 corpus,
2560 3199 2683 3258 pro

417 3264 546 3321 telis
595 3271 656 3320 et
693 3263 812 3340 igni
863 3262 983 3322 iter
1022 3263 1183 3322 facit.
1234 3263 1309 3321 cf.
1349 3262 1499 3322 Aen.
1583 3284 1710 3338 me,
1753 3265 2065 3344 κείμενον,
2110 3263 2282 3340 quasi
2324 3265 2439 3323 iam
2466 3264 2683 3340 sunus,

414 3348 511 3425 vl,
544 3351 854 3422 110,111.
1584 3352 1710 3411 sive
1750 3350 1867 3409 iam
1930 3349 2331 3424 efferendum,
2387 3350 2506 3408 sive
2547 3349 2677 3409 iam

500 3436 880 3497 638—640.
914 3434 1218 3492 Exsilium
1241 3435 1400 3509 pati,
1427 3442 1498 3492 ut
1583 3436 1883 3515 sepultum
1902 3479 1918 3509 ,
1962 3439 2049 3492 sic
2067 3479 2083 3507 ,
2133 3444 2202 3493 ut
2226 3456 2357 3494 sum
2378 3480 2395 3510 ,
2433 3455 2525 3495 me
2554 3437 2683 3493 ad-

414 3525 653 3598 φυγεῖν,
680 3519 945 3597 graviter
977 3519 1052 3578 de
1084 3519 1278 3600 patria
1309 3520 1498 3578 relin-
1563 3524 1706 3601 sati
1730 3531 2071 3580 extremum
2101 3520 2254 3580 illud
2284 3521 2458 3580 Vale!
2505 3521 2684 3581 Vale!

413 3604 670 3682 quenda.
770 3605 957 3685 Negat
1022 3624 1085 3664 se
1137 3625 1259 3663 esse
1317 3605 1499 3664 Troia
1582 3628 1725 3687 pro,
1771 3608 1948 3667 sinite
1977 3621 2103 3680 me,
2143 3616 2217 3665 ut
2257 3627 2423 3682 sum,
2481 3606 2683 3667 disce-

415 3689 830 3751 diseessurum.
904 3696 1133 3771 integer
1169 3693 1311 3750 aevi
1345 3713 1496 3749 san·
1585 3693 1727 3753 dite.
1814 3693 1973 3752 Bene
2001 3693 2287 3771 Pompon.
2315 3694 2456 3753 Sab.
2490 3714 2682 3771 prae-

408 3776 589 3853 guis',
639 3777 700 3836 h.
733 3797 783 3835 e.
810 3778 1023 3857 integri
1071 3778 1235 3853 aevi,
1279 3776 1498 3837 iuven-

412 3870 541 3936 tae,
585 3862 855 3940 adeoque
887 3885 1034 3943 pro,
1095 3864 1371 3923 iuvenilis
1401 3865 1500 3923 vi-

411 3967 537 4026 gor.
621 3949 768 4008 Mox
814 3953 1051 4027 agitare
1097 3945 1348 4031 (animo)
1374 3950 1502 4028 fic-

340 4046 346 4057 ·
410 4053 565 4110 gam
607 4034 854 4114 proprie
894 4043 1010 4108 est,
1056 4033 1133 4092 de
1175 4036 1309 4114 suga
1348 4036 1504 4094 deli-

412 4119 641 4179 berare.
683 4122 758 4178 cf.
786 4120 991 4178 Burm.

500 4203 644 4270 642.
690 4206 854 4264 Sati-e
893 4226 1181 4284 superque
1225 4227 1352 4264 una
1393 4227 1503 4263 ex-

414 4290 581 4348 cidia
624 4293 926 4366 vidimus,
993 4290 1319 4367 exquisite3
1361 4292 1504 4350 satis

414 4395 712 4458 superque
740 4387 849 4456 est,
874 4376 1040 4456 quod
1056 4377 1236 4437 semel
1262 4378 1503 4437 Troiam

1583 3792 1734 3837 elale
1781 3779 1936 3836 miIu'
1980 3777 2240 3856 funebre
2298 3778 2580 3857 officium
2627 3794 2686 3839 et

1585 3865 1693 3923 ubi
1717 3864 1894 3945 effati
1917 3869 2054 3922 εειίε
2079 3865 2297 3923 ultima
2325 3867 2442 3923 illa
2468 3866 2680 3941 verba,

1586 3972 1742 4030 quae
1769 3952 1894 4008 dici
1931 3952 2120 4009 solent
2156 3953 2436 4028 mortuis,
2478 3951 2685 4011 disce-

1585 4036 1724 4096 dite.
1783 4037 1856 4094 cf.
1896 4038 1974 4094 ad
2020 4035 2236 4094 Tibull.
2280 4036 2418 4115 HI,
2448 4042 2529 4112 2,
2582 4041 2682 4105 15.

1581 4122 1900 4199 praefatae
1969 4135 2111 4179 ante
2194 4142 2356 4180 meos
2431 4121 2678 4197 Manes,

1588 4210 1978 4286 animamque
1998 4218 2303 4285 precatae.

1679 4294 1824 4359 6452
1888 4314 2076 4351 manu
2123 4312 2292 4368 non,
2360 4313 2538 4370 mea,
2611 4303 2686 4353 ut

1587 4379 1780 4440 Cerda
1824 4386 1961 4458 post
2002 4378 2341 4457 Guellium,
2388 4401 2529 4441 cum
2565 4379 2690 4440 im-
