2882 5028
530 435 1143 517 AENEIDOS
1195 438 1406 513 LIB.
1454 438 1587 531 VI,
1639 446 2084 522 ssa—398

2264 450 2418 522 907

151 629 329 701 Nec
360 646 553 698 vero
584 621 917 698 Alciden
944 647 1080 699 me
1109 648 1286 699 sum
1315 621 1647 699 laetatus
1682 633 2011 703 euntem

152 725 593 826 Adcepisse
627 724 842 823 lacu,
893 750 1044 803 nec
1073 727 1385 803 Thesea
1415 728 2063 831 Pirithoumque:

152 831 302 907 Dis
338 854 827 932 quamquam
864 832 1141 930 geniti,
1198 845 1435 933 atque
1487 833 1753 908 invicti
1803 833 2102 910 viribus
2137 847 2418 914 essent.

156 938 637 1010 Tartareum
717 932 853 1011 ille
931 959 1179 1012 manu
1248 933 1666 1011 custodem
1749 936 1833 1011 in
1897 937 2151 1014 vincla
2216 939 2423 1039 peti-

1329 1041 1462 1135 vit,

2266 1045 2422 1124 395

153 1141 421 1239 Ipsius
456 1165 499 1214 a
532 1137 733 1214 solio
767 1140 1006 1238 regis,
1060 1142 1447 1243 traxitque
1475 1154 2003 1236 trementem3

155 1244 266 1320 Hi
297 1242 711 1318 dominam
746 1244 943 1321 Ditis
969 1244 1323 1320 thalamo
1362 1244 1767 1321 deducere
1800 1245 2078 1324 adorti.

155 1351 392 1442 Quae
423 1358 700 1423 contra
723 1346 1073 1424 breviter
1106 1347 1264 1426 fata
1294 1363 1412 1426 est
1440 1349 1909 1451 Amphrysia
1942 1362 2197 1427 vates:

271 1492 443 1565 396.
493 1491 725 1559 uncis
770 1507 893 1563 Tu.

303 1673 409 1728 392
440 1673 559 1724 Nee
597 1692 712 1728 non
744 1680 815 1729 A.
865 1676 948 1729 ed.
984 1677 1118 1729 Ven.
1185 1678 1477 1730 Aeneidem
1528 1674 1721 1728 vitiose
1769 1675 1964 1728 Donat.
2009 1674 2080 1728 ad
2125 1677 2252 1734 Ter.
2319 1695 2423 1729 nee

156 1760 288 1795 sum
336 1743 374 1794 l.
424 1742 630 1812 aliquot
678 1744 835 1809 Pier.‚
888 1746 1041 1799 male.
1137 1746 1219 1797 Ad
1255 1748 1471 1800 verbum
1519 1745 1592 1797 ita
1626 1746 1882 1797 Homerus
1931 1745 1988 1796 in
2023 1762 2062 1797 α
2096 1745 2243 1799 Iliad.
2279 1739 2420 1799 οὐδ’

157 1806 286 1880 ἄρα
318 1807 494 1934 ταίὶἴε
544 1808 686 1866 ἰδών
730 1810 977 1883 γήθησεν
1008 1810 1287 1899 Ἄζιλλεῦς.
1373 1818 1439 1867 Bt
1474 1815 1541 1866 dc
1575 1819 1640 1867 Sc
1678 1815 1751 1866 lla
1802 1813 1985 1866 similis
2020 1815 2193 1868 oratio
2230 1811 2419 1884 Odyss.

154 1882 404 1950 &880

447 1877 511 1934 δέ
554 1878 620 1935 κέ
664 1883 751 1946 τίς
789 1901 885 1951 μιν
914 1885 1193 1952 Γηθησειε
1230 1880 1389 1953 ἰδών,
1422 1879 1560 1937 οὐδ’
1599 1901 1623 1937 ε
1677 1881 1821 1946 θεὸς
1849 1879 2168 1948 ἅντιάσειες
2203 1894 2259 1936 at
2292 1885 2423 1936 lacu

156 1953 311 2003 forte
345 1969 525 2020 parum
562 1954 904 2005 commodum.
974 1968 1232 2026 acceptus
1264 1964 1348 2005 est
1382 1954 1637 2006 Hercules
1671 1953 1876 2022 cymba,
1911 1962 1969 2005 nt
2000 1954 2128 2005 lacu
2162 1966 2423 2005 transve-

157 2034 309 2072 ctus.
375 2023 451 2073 lo.
485 2021 762 2076 Schrader.
797 2023 1065 2075 tentabat:
1125 2025 1427 2076 Traiecisse
1451 2025 1607 2087 Iacu5
1654 2022 1768 2076 vel:
1820 2025 2108 2093 Accepisse
2141 2023 2299 2075 alveo
2333 2021 2422 2074 vel

158 2090 319 2144 alno.
387 2093 456 2142 Su
498 2100 638 2142 erest
671 2103 862 2158 tamen,
896 2104 955 2144 ut
987 2093 1195 2161 iungas:
1232 2106 1450 2145 euntem
1484 2093 1639 2147 lacu:
1684 2091 1741 2142 id
1792 2091 1936 2161 quod
1981 2101 2140 2160 poeta
2192 2090 2422 2143 voluisse

156 2160 361 2212 factum
395 2158 448 2210 vi
486 2160 564 2210 eri
599 2171 807 2230 potest:
843 2173 1044 2214 vectum
1079 2180 1178 2232 per
1210 2162 1396 2214 lacum.
1435 2163 1565 2228 (vid.
1600 2161 1813 2215 omnino
1852 2164 1916 2226 Q.
1950 2163 2017 2213 V.
2055 2161 2333 2223 XXVIIII,
2366 2164 2421 2225 2,

155 2247 215 2280 a.
255 2230 406 2291 Wr.)

545 2230 653 2284 393
687 2233 1058 2301 Fiet-itumque
1090 2242 1338 2314 corrupte
1372 2234 1528 2283 Rom.

1664 2233 1769 2287 395
1797 2230 1925 2282 Post
1954 2233 2152 2302 petivit
2185 2229 2424 2283 distinxit

154 2297 354 2352 Heius.
391 2316 507 2350 cum
542 2300 715 2364 codd„
764 2305 840 2366 (at
878 2318 1156 2370 numquam
1187 2301 1440 2369 Virgilius
1478 2300 1718 2368 copulam
1747 2310 1854 2351 tam
1902 2299 2060 2367 louge
2096 2299 2320 2352 removit
2353 2300 2421 2352 ab

153 2367 322 2420 initio
371 2368 644 2420 enuntiati.
705 2371 854 2436 Wr.)
900 2371 991 2421 alii
1027 2382 1150 2439 post
1179 2391 1239 2422 re
1278 2374 1342 2423 is.
1388 2372 1486 2436 (ita
1524 2370 1739 2423 Wakef.
1776 2379 1832 2422 et
1864 2369 2040 2431 Iahn.;
2089 2369 2210 2421 huic
2245 2379 2423 2421 tamen

154 2435 311 2490 nulla
358 2437 568 2489 omnino
613 2437 964 2507 interpunctio
1011 2391 1312 2492 adhibenda
1363 2440 1587 2493 videtur.
1657 2441 1805 2506 Ego,
1857 2438 2150 2490 Mediceum
2196 2450 2422 2504 secutus,

156 2516 225 2560 et
259 2517 383 2575 post
409 2508 628 2579 petivit,
662 2521 714 2560 ct
749 2519 872 2579 post
925 2511 1075 2591 regis
1117 2510 1449 2579 interpunxi,
1500 2519 1560 2561 ut
1610 2506 1746 2559 haec
1792 2507 2176 2577 quodammodo
2211 2505 2421 2576 παρέν-

153 2578 316 2631 θετα
349 2577 484 2640 sint;
539 2594 643 2646 quo
678 2577 769 2643 fit,
817 2588 876 2630 ut
909 2596 1076 2630 mmor
1110 2579 1192 2631 his
1228 2580 1403 2631 verbis
1438 2577 1750 2631 concilietur
1784 2576 2030 2645 gravitas.
2101 2579 2229 2629 Post
2273 2579 2425 2648 regis

155 2645 507 2715 distinguitur
549 2647 703 2699 etiam
741 2649 794 2699 in
828 2649 1016 2717 fragm.
1061 2650 1185 2701 Vat.
1227 2651 1370 2717 Wr.)

154 2719 242 2769 W
244 2715 331 2767 itt.

468 2716 573 2771 397
618 2718 892 2770 thalamos
937 2717 1101 2769 Goth.
1148 2728 1273 2769 tert.

1524 2649 1631 2702 396
1681 2665 1713 2697 e
1747 2647 1887 2699 solio
1920 2647 2160 2699 Parrhas.
2233 2665 2269 2696 a
2302 2646 2423 2699 solo

1374 2718 1568 2770 adorsi
1614 2715 1854 2798 plerique
1900 2717 2038 2768 Pier.
2089 2726 2145 2766 et
2194 2715 2423 2784 quinque

156 2784 351 2838 Heius.
421 2789 591 2852 Saepe
627 2786 694 2837 de
730 2788 831 2839 hac
864 2788 1154 2839 variatione
1192 2805 1348 2854 egere
1384 2786 1485 2837 viri
1521 2786 1683 2837 docti.
1752 2784 1854 2835 Adi
1887 2802 1939 2837 v.
1977 2804 2022 2837 c.
2057 2784 2323 2837 Drakenb.
2353 2784 2424 2837 ad

155 2854 287 2909 Liv.
320 2855 560 2923 XXXV,
595 2856 686 2920 51,
719 2857 773 2913 8.

160 3011 347 3091 ‚,suit.
432 3011 577 3073 Ideo
617 3032 756 3092 ergo
792 3035 913 3072 non
967 3014 1253 3088 laetatus,

156 3098 334 3176 ‚,scil.
360 3107 611 3179 propter
638 3099 993 3180 supplicium
1023 3101 1259 3159 suum.“

156 3186 340 3245 Bona
390 3193 553 3244 nota.
640 3185 1099 3244 similitudinem
1144 3184 1260 3244 ha-

160 3272 282 3331 bet
355 3270 617 3349 aliquam
674 3271 985 3330 excusatio
1052 3271 1260 3330 Somni

156 3375 313 3417 cum
350 3356 671 3415 subiuncta
711 3356 1056 3416 narratione
1096 3355 1259 3437 apud

160 3442 417 3503 Homer.
453 3442 621 3501 Iliad.
650 3444 702 3517 ξ,
760 3442 885 3506 249
915 3462 1042 3520 sqq.
1115 3440 1258 3522 (Ce-

158 3540 370 3588 terum
396 3526 560 3587 iusto
588 3528 883 3607 prolixior
913 3527 1060 3587 mihi
1082 3527 1258 3587 vide-

155 3625 279 3676 tur
304 3610 454 3672 haec
476 3612 796 3673 Charontis
829 3614 1041 3674 oratio.
1086 3616 1192 3675 W
1182 3610 1255 3695 r.)

255 3702 480 3765 392-
501 3703 644 3764 897.
718 3699 979 3759 Profecit
1029 3718 1106 3758 ex
1159 3698 1257 3757 his

163 3784 405 3845 Statius
430 3785 535 3844 lib.
566 3785 693 3859 vn,
722 3788 806 3852 52
835 3794 897 3844 et
931 3804 1011 3844 ex
1040 3804 1100 3844 v.
1130 3789 1258 3850 398

157 3870 320 3932 ibid.
363 3870 465 3931 lib.
508 3870 650 3946 vn,
695 3874 777 3938 95
816 3890 943 3950 sqq.
997 3883 1254 3945 eemtem,

163 3952 349 4022 ἰὸντα
398 3976 510 4036 pro
570 3950 862 4032 ἐλθόντα,
938 3956 1260 4015 adeuntem

159 4045 307 4106 loca
340 4043 550 4102 infera.
596 4039 747 4122 (vid.
780 4043 852 4103 V.
887 4044 951 4103 1..
986 4053 1048 4101 et
1077 4042 1154 4116 Q.
1185 4042 1256 4103 V.

156 4129 255 4191 ibi
314 4128 478 4188 laud.
548 4127 738 4209 Wr.)
849 4131 975 4188 Dis
1036 4131 1251 4207 geniti.

159 4214 438 4277 Theseus
491 4235 524 4272 a
570 4214 882 4294 Neptuno,
954 4212 1259 4274 Pirithous

159 4324 198 4363 a
233 4301 415 4376 Iove3
457 4300 569 4359 etsi
615 4301 996 4361 Burmannus
1040 4301 1115 4360 de
1142 4299 1262 4359 boc

157 4386 509 4449 dubitabat.
595 4386 749 4445 Vide
797 4407 857 4447 v.
906 4407 958 4449 c.
996 4385 1163 4447 Iliad.
1206 4388 1262 4463 ξ,

156 4478 316 4541 817.
339 4477 466 4538 818
502 4480 562 4531 et
593 4473 667 4531 al.
757 4477 1065 4541 395.896.
1090 4473 1260 4533 Fun-

909 2857 1014 2912 398
1051 2875 1205 2927 quem
1241 2857 1393 2907 multi
1428 2857 1550 2909 edd.
1587 2864 1643 2906 et
1675 2854 1876 2924 scripti.

1344 3013 1459 3073 dus
1502 3011 1742 3071 fabulae
1774 3009 1944 3070 Iliad.
1987 3017 2068 3085 θ,
2124 3014 2253 3076 367
2296 3030 2422 3090 sqq.

1341 3098 1521 3158 Varie
1560 3106 1764 3156 autem
1818 3117 1853 3154 a
1894 3097 2088 3177 poetis
2132 3104 2426 3156 tractans

1340 3185 1461 3244 suit
1485 3183 1761 3243 Herculis
1805 3181 1881 3241 ad
1916 3183 2139 3242 inferos
2171 3182 2424 3242 descen-

1343 3289 1462 3329 sus.
1548 3270 1721 3328 Conf.
1765 3288 1826 3327 v.
1864 3287 1915 3327 c.
1963 3267 2130 3328 Iliad.
2171 3291 2232 3344 ε,
2293 3267 2424 3335 395

1338 3374 1476 3500 ssffli]
1519 3353 2083 3499 Τῒῖἷέοὲἑεέἑῖηῗιέ
2114 3354 2426 3499 {gif-21:2³}

1337 3528 1566 3586 tionem
1593 3525 1869 3585 Herculis
1901 3524 2319 3601 adumbratus,
2349 3534 2426 3585 ut

1337 3613 1635 3693 pleraque·
1651 3611 1766 3670 alia
1782 3610 1994 3671 Thesei
2023 3611 2087 3671 in
2115 3610 2424 3671 Theseide.

1342 3699 1581 3757 Scilicet
1626 3697 1847 3776 ubique
1897 3697 1961 3756 in
2025 3696 2119 3756 his
2154 3697 2427 3757 imitato-

1340 3804 1481 3844 rum
1542 3782 1813 3843 studium
1869 3781 2312 3864 deprehendas,
2375 3781 2426 3841 si

1341 3871 1443 3930 vel
1485 3889 1584 3946 ea,
1658 3887 1812 3948 quae
1867 3868 2230 3930 Plutarchus
2280 3868 2425 3927 iude

1344 3964 1584 4033 narrat,
1640 3955 1934 4036 inspicias.
2036 3955 2121 4013 De
2167 3954 2428 4014 Cerbero

1344 4062 1405 4102 v.
1435 4043 1546 4101 inf.
1576 4040 1652 4099 ad
1697 4062 1759 4102 v.
1804 4039 1948 4108 417.
2035 4043 2180 4106 397.
2227 4040 2429 4098 domi-

1341 4150 1491 4187 nam
1509 4171 1528 4204 ‚
1608 4125 1967 4202 δέσποιναν,
2051 4125 2295 4204 proprie
2351 4124 2428 4183 de

1341 4213 1715 4293 Proserpina.
1802 4212 1964 4271 Alias
1996 4210 2228 4270 dictum
2255 4219 2426 4287 esset,

1342 4310 1415 4362 ut
1448 4300 1608 4379 apud
1650 4299 1984 4359 Homerum
2020 4296 2238 4377 passim
2279 4293 2424 4359 ἄλο-

1343 4410 1450 4469 χος
1477 4384 1784 4449 δέσποινα.

1431 4474 1580 4538 398.
1624 4468 1994 4548 Amphtysia
2025 4480 2213 4527 vates.
2263 4468 2428 4528 Lon-
