2882 5028
500 398 1106 478 AENEIDos
1158 387 1367 475 Lm.
1409 399 1540 494 v1,
1591 402 2029 478 214—230

2239 400 2389 476 885

145 589 409 666 Triste
450 588 1022 681 ministerium;
1079 599 1159 664 et
1198 583 1635 660 subiectam
1685 607 1917 658 more
1963 596 2385 683 parentum

136 692 419 770 Aversi
465 705 799 768 tenuere
840 689 1124 767 facem.
1231 692 1625 785 Congesta
1656 699 2107 763 cremantur

141 802 409 873 Turea
444 793 690 892 dona,
753 794 1035 895 dapeS‚
1087 791 1266 868 fuso
1303 805 1643 867 crateres
1676 789 1911 868 olivo.

2179 797 2383 872 ‘225

137 906 575 1001 Postquam
608 897 960 975 conlabsi
990 898 1330 992 cineres,
1386 908 1465 970 et
1487 891 1809 969 flamma
1840 894 2176 995 quievit:

134 1003 545 1102 Reliquias
571 1002 759 1077 vino
797 1014 877 1077 et
903 999 1259 1076 bibulam
1291 998 1556 1074 lavere
1577 995 1967 1091 favillam3

136 1107 503 1206 Ossaque
540 1104 743 1180 lecta
769 1104 967 1180 cado
997 1103 1187 1180 texit
1220 1106 1674 1200 Corynaeus
1703 1125 1928 1180 aeno,

132 1209 372 1287 Idem
405 1220 530 1284 ter
554 1207 813 1283 socios
840 1233 1039 1308 pura
1070 1204 1547 1282 circumtulit
1567 1205 1809 1300 unda,

135 1315 537 1417 spargens
572 1335 757 1388 rore
786 1310 941 1387 levi
975 1324 1054 1386 et
1090 1334 1319 1385 ramo
1358 1307 1611 1385 felicis
1640 1308 1915 1408 olivae,

2226 1315 2382 1388 230

273 1518 378 1575 228
397 1531 468 1571 -ee
498 1518 653 1571 deest
678 1518 818 1572 binis
844 1520 982 1591 apud
1016 1521 1188 1572 Burm.
1255 1518 1483 1573 subiecti
1520 1537 1589 1572 m.
1618 1538 1679 1589 p.
1700 1523 1967 1571 Aversam
1991 1528 2033 1569 e.
2087 1554 2102 1569 .
2135 1514 2378 1568 Parthas.

125 1585 241 1643 224
280 1590 533 1641 coniecta
557 1583 730 1658 Bigot.

128 1668 193 1710 et
214 1658 290 1709 sic
327 1659 512 1725 fragm.
548 1659 720 1713 vatic.
750 1676 803 1726 p.
839 1661 954 1715 181.

865 1592 971 1645 225
993 1597 1184 1642 Aurea
1204 1588 1259 1641 d.
1285 1589 1418 1641 alter
1446 1590 1657 1658 Menag.
1711 1590 1945 1640 crateris
1977 1586 2040 1638 Al
2080 1622 2095 1636 .
2135 1594 2191 1637 et
2229 1587 2381 1649 lunt.⁹

1091 1661 1196 1713 228
1238 1660 1354 1711 leta
1390 1661 1569 1710 Franc.
1639 1659 1802 1729 lapsa
1838 1655 2040 1708 zulich.
2110 1673 2243 1707 cavo
2273 1672 2379 1707 sec.

124 1730 326 1779 Mox-et.
397 1728 686 1790 Corineus,
741 1732 1045 1796 comeus,
1100 1728 1427 1791 Cher-incus,
1484 1733 1753 1792 Cor-neus,
1802 1743 1866 1778 ex
1889 1725 2220 1777 librariorum
2262 1733 2380 1774 stu-

126 1812 267 1866 pore
291 1795 457 1847 multi.
524 1798 620 1849 Est
647 1798 968 1866 Κορυναῖος
1003 1816 1035 1849 a
1077 1793 1308 1865 κορύνη.

1447 1799 1551 1853 229
1579 1814 1783 1869 puram
1814 1813 2014 1865 aquam
2052 1793 2275 1856 zulich..
2321 1803 2381 1844 nt

123 1867 314 1918 Heius.
355 1865 482 1918 olim
523 1865 836 1918 coniecerat.
898 1868 1077 1934 (idque
1116 1866 1311 1948 probat
1344 1867 1583 1918 Bothius.
1632 1867 1775 1931 Wr.)
1843 1864 1951 1916 Sed
1990 1863 2211 1916 alterum
2254 1862 2377 1931 (vid.

122 1935 285 2002 Not.)
322 1934 559 1999 doctius,
609 1935 847 2004 adeoque
876 1945 1038 2003 poeta
1075 1935 1300 2003 dignius.
1370 1938 1553 2005 ltaque
1583 1952 1680 1987 nec
1716 1935 2024 1987 circumluit
2053 1932 2378 2002 amplecten-

122 2005 279 2065 dum,
320 2004 460 2074 quod
503 2004 660 2058 codd.
697 2006 953 2056 Macrobii
1002 2006 1065 2068 ΙΙ,
1102 2009 1153 2059 1.
1191 2005 1389 2056 habent
1407 2044 1422 2069 ‚
1487 2007 1731 2074 quodque
1776 2004 2073 2056 coniecerat
2122 2001 2378 2053 Maserius

123 2074 222 2141 (ad
248 2074 424 2125 Valer.
453 2073 622 2125 Flacc.
648 2074 868 2136 11¹,433.
897 2077 974 2129 W
976 2075 1062 2134 n).
1135 2076 1491 2126 circumvenit
1512 2074 1675 2125 Goth.
1706 2091 1811 2127 sec.
1884 2073 2124 2141 (—230.
2161 2087 2207 2123 θ’
2225 2090 2379 2124 ramo

120 2142 411 2212 Virgilium
445 2143 718 2213 scripsisse
748 2153 900 2213 putat
925 2143 1143 2195 Bothins
1183 2144 1239 2196 in
1268 2145 1418 2212 Virg.
1448 2142 1759 2211 virgiliano.
1803 2143 1950 2210 Wr.)

117 2301 419 2381 respicere
449 2300 671 2382 potuit,
703 2301 777 2360 de
806 2322 927 2380 quo
953 2300 1207 2361 laudant

120 2389 321 2467 lntpp.
378 2396 523 2446 nota
583 2388 711 2446 loca
756 2388 874 2447 Cic.
925 2386 1000 2446 de
1038 2387 1207 2467 Legg.

117 2474 201 2550 11,
242 2476 348 2538 28.
385 2474 517 2534 Liv.
552 2473 835 2550 XXXIV,
876 2477 946 2551 75
1003 2484 1207 2532 tamen

117 2560 307 2639 magis
359 2559 666 2639 probabile
712 2559 819 2636 fit,
876 2559 1206 2618 Homerum

118 2654 266 2704 ante
291 2645 496 2704 oculos
525 2645 706 2704 fuisse
735 2645 851 2704 Od.
883 2667 951 2719 m,
979 2648 1082 2709 59.
1129 2643 1208 2702 At

113 2730 292 2792 Iliad.
322 2753 389 2805 ω,
435 2734 559 2795 796
588 2730 735 2790 cinis
759 2749 1062 2811 purpurea
1092 2748 1203 2790 ve-

114 2825 213 2876 ste
243 2815 561 2895 obtegitur.
646 2814 970 2875 subiectam
996 2828 1202 2874 tenue-

112 2924 214 2978 re,
261 2900 326 2961 h.
368 2921 419 2960 e.
475 2901 829 2977 subiiciunt,
900 2901 1203 2977 subdunt3

112 3009 282 3046 more
311 3001 634 3064 parentum
682 2988 958 3047 Servius:
1015 3006 1205 3065 „pro-

111 3072 579 3153 „pinquioribus
609 3073 765 3131 enim
797 3072 987 3131 virilis
1024 3092 1205 3131 sexus

109 3158 280 3236 „hoc
332 3157 593 3218 dabatur
659 3158 983 3217 officium.“
1082 3157 1203 3217 Sed

108 3244 351 3304 dictum
382 3252 530 3322 puto
571 3263 703 3323 pro,
746 3262 912 3302 more
937 3251 1200 3322 patrum,

106 3330 434 3389 maiorum.
522 3329 665 3388 Mox
703 3332 767 3387 in
807 3331 1000 3408 ignem
1044 3349 1199 3387 con-

103 3415 215 3475 iici
251 3424 404 3494 puta
444 3424 572 3490 tus,
618 3414 845 3490 oleum3
899 3414 1003 3473 sed
1049 3413 1199 3493 quid

103 3501 356 3579 dapes?
396 3520 473 3559 an
503 3500 864 3579 putabimus,
897 3501 1199 3559 Romanae

100 3586 305 3667 plebis
362 3586 847 3666 superstitionem
898 3586 963 3644 in
1010 3587 1198 3645 vitam

99 3671 420 3732 heroicam
476 3692 511 3729 a
563 3680 741 3753 poeta
787 3690 910 3729 esse
949 3671 1196 3747 illatam,

99 3778 248 3817 cum
268 3757 523 3835 inrogo,
548 3757 646 3817 vel
678 3757 756 3816 ad
786 3776 1017 3836 rogum,
1044 3775 1194 3836 epu-

97 3845 195 3903 las
236 3842 496 3903 mortuis
538 3852 909 3923 apponerent
954 3851 1015 3902 et
1059 3861 1194 3900 cre-

94 3928 389 3990 merent?
447 3928 523 3986 de
564 3948 685 4007 quo
723 3929 893 3988 locus
934 3937 1025 3987 est
1069 3930 1196 3987 Lu-

94 4014 267 4076 ciani
315 4014 390 4073 ab
434 4013 881 4074 Hemsterhusio
922 4014 1197 4073 illustra-

89 4111 206 4161 tus
253 4099 588 4180 Contempl.
628 4105 734 4164 22.
834 4100 968 4159 Non
1008 4109 1197 4180 puto;

88 4185 209 4246 sed
293 4186 482 4246 verbo
551 4185 861 4245 sacrificali
940 4206 1196 4266 corpora

83 4274 328 4347 boum,
371 4289 583 4346 sumn,
638 4271 843 4331 ovium
900 4268 1052 4353 (vid.
1085 4271 1192 4331 inf.

80 4358 206 4431 xi,
252 4361 375 4422 197
402 4354 550 4437 seq.)
578 4366 882 4435 tamquam
916 4357 1192 4417 victima-

74 4464 270 4519 rum,
318 4460 487 4501 caesa
523 4453 586 4502 et
627 4443 691 4502 in
734 4444 928 4523 ignem
955 4444 1189 4521 iniecta,

1293 2295 1838 2381 significat-poeta:
1900 2300 2057 2362 conf.
2102 2300 2268 2359 Iliad.
2302 2315 2375 2378 ψ,

1298 2392 1420 2453 166
1448 2409 1540 2467 sq.
1562 2388 1776 2467 Odyss.
1806 2409 1876 2465 ω,
1910 2387 1991 2451 65
2029 2406 2115 2463 sq.

1377 2478 1505 2539 226
1525 2495 1617 2554 usq.
1662 2475 1751 2537 Cf.
1787 2471 1952 2532 Iliad.
1979 2486 2050 2549 ψ,
2099 2474 2224 2536 250
2248 2493 2376 2551 sqq.

1294 2584 1375 2636 m,
1432 2565 1559 2626 792
1604 2579 1706 2636 .sq.
1779 2558 1996 2637 Odyss.
2038 2582 2116 2636 μ,
2168 2562 2243 2620 13
2287 2578 2375 2634 sq.

1295 2650 1454 2722 m,7l
1489 2665 1574 2724 sq.
1629 2643 1825 2703 Verba
1852 2663 1929 2702 ex
1956 2644 2119 2702 lliad.
2151 2666 2192 2717 ι,
2223 2647 2376 2707 212:

1287 2723 1501 2813 Av'toip
1546 2728 1677 2795 ἐπεὶ
1718 2724 1870 2791 xmo?
1918 2732 2043 2807 πῦρ
2069 2722 2218 2805 ἐκάη
2269 2724 2375 2789 καὶ

1290 2813 1441 2895 φλὸξ
1475 2808 1817 2897 ἐμαράνθη.
1904 2818 2048 2878 227.
2071 2831 2285 2891 rogum
2309 2821 2372 2871 et

1288 2903 1517 2961 cineres
1543 2907 1943 2979 conspergunt
1969 2899 2112 2957 vino
2136 2916 2213 2955 ex
2234 2917 2367 2955 mo-

1288 3008 1374 3063 re,
1415 3006 1593 3065 quem
1617 2987 1797 3046 nidor
1836 2993 1896 3043 et
1930 2984 2093 3043 calor
2119 2983 2372 3042 suadere

1292 3074 1521 3133 debuit.
1606 3072 1831 3131 cadum
1858 3069 2014 3132 dixit
2045 3089 2159 3150 pro
2185 3088 2371 3146 uma3

1286 3153 1521 3239 φιάλην
1578 3164 2018 3217 memoraverat
2070 3155 2370 3215 Homerus

1287 3245 1454 3321 iliad.
1485 3259 1560 3321 ψ,
1591 3244 1715 3310 258
1749 3251 1809 3300 et
1837 3242 2110 3321 λάρνακα
2137 3264 2203 3317 ω,
2224 3242 2368 3305 795.

1283 3330 1528 3391 Achillis
1554 3338 1757 3387 autem
1785 3348 1912 3388 ossa
1945 3328 2013 3387 in
2040 3346 2201 3403 vase,
2235 3345 2376 3384 am-

1281 3415 1497 3497 phora,
1543 3414 1784 3474 condita
1830 3413 1945 3474 od.
1976 3437 2042 3491 ω,
2085 3416 2209 3476 78.·
2249 3412 2367 3472 00-

1279 3523 1568 3580 rynaeum
1592 3500 1882 3574 nominat,
1917 3498 2200 3578 quoniam
2216 3516 2366 3578 poe-

1282 3598 1381 3647 tae
1465 3586 1666 3646 onmia
1725 3584 1970 3646 definite
2012 3585 2191 3644 etiam
2254 3602 2366 3664 per

1282 3693 1565 3754 personas
1618 3671 1918 3732 efferenda
1960 3679 2122 3731 sunt.
2206 3670 2364 3729 Nota

1278 3780 1496 3819 uniam
1526 3756 1588 3817 h.
1616 3758 1657 3817 l.
1682 3780 1757 3817 ex
1787 3779 1920 3821 aere
1935 3780 1960 3830 ;
1992 3759 2160 3816 cuius
2183 3774 2362 3835 gene-

1278 3847 1362 3905 ris
1391 3844 1681 3903 nonnulla
1712 3853 2055 3924 supersunt.

1364 3934 1748 3995 229—231.
1818 3929 2187 4008 Exquisitius
2239 3930 2360 3985 σίν-

1279 4016 1570 4093 cumserre
1632 4019 1821 4074 socios
1871 4018 2075 4090 mula,
2151 4032 2353 4091 quam,

1278 4104 1511 4160 undam
1548 4106 1721 4161 ‚circa
1782 4105 1994 4161 socios.
2057 4097 2356 4181 (Servium

1276 4187 1869 4263 „CIRCUMTULI'I'z
1893 4185 2189 4265 purgavit.
2231 4183 2357 4241 Διι-

1278 4273 1518 4350 tiquam
1581 4272 1837 4334 verbum
1890 4281 2000 4333 est.
2082 4269 2356 4328 Plautus:

1277 4362 1408 4418 Ρη)
1483 4360 1721 4418 larvale
1778 4372 1834 4417 te
1893 4352 2347 4431 σὺῡιιηιίὲωιης
2434 4410 2441 4419 ,

1274 4444 1314 4504 i.
1363 4464 1412 4505 e.
1465 4444 1794 4525 purgabo.“
1878 4439 2056 4522 Apud
2096 4438 2353 4500 eundem
