2882 5028
629 377 711 450 P.
748 374 1025 451 VIRG.
1059 376 1301 452 MAR.
1331 363 1672 471 Ι.ΙΒ.’Π,μ
1721 384 1944 455 1-6

2283 384 2436 459 265
2463 399 2468 404 ’

175 608 719 740 Conticuere
749 687 1069 757 omnes,
1124 666 1570 767 intentique
1599 690 1736 743 ora
1770 667 2169 749 tenebant.

173 767 379 846 Inde
415 779 606 841 toro
636 781 864 866 pater
900 773 1202 844 Aeneas
1235 769 1344 844 sic
1378 795 1605 845 orsus
1631 769 1727 844 ab
1758 769 1956 849 altoi

278 868 762 967 Infandum,
806 873 1146 970 Regina,
1204 872 1429 949 iubes
1460 898 1847 949 renovare
1884 873 2278 972 dolorem,

180 976 566 1052 Troianas
594 987 686 1049 ut
716 999 913 1075 opes
942 987 1022 1051 et
1049 974 1556 1052 lamentabile
1585 1000 1926 1076 regnum

176 1078 555 1157 Eruerint
579 1079 872 1172 Danai;
928 1103 1297 1181 quaeque
1335 1080 1504 1181 ipse
1533 1082 1978 1156 miserrima
2006 1080 2191 1177 vidi,
2383 1084 2433 1158 5

177 1188 283 1260 Et
310 1203 663 1283 quorum
693 1207 874 1283 pars
904 1205 1191 1281 magna
1222 1182 1359 1261 fui.

282 1314 355 1383 3.
407 1322 833 1394 DOLOREM3

317 1477 356 1530 2
388 1474 474 1529 Ab
503 1476 618 1527 alto
648 1488 733 1527 ese
759 1474 953 1527 Medic.
982 1475 1159 1529 Pierii.

174 1546 214 1600 4
252 1547 379 1618 opis
401 1547 603 1613 Hagen.
741 1546 777 1600 5
810 1547 936 1616 ipsa
961 1545 1143 1598 Franc.

267 1669 391 1728 Hic
418 1678 481 1728 et
508 1669 718 1728 tertius
743 1668 901 1729 liber
923 1661 1270 1749 Episodium

173 1755 255 1815 de
335 1755 548 1815 Troiae
618 1754 853 1814 excidio
921 1755 1269 1835 Aeneaeque

174 1842 491 1901 erroribus
535 1842 1051 1921 complectuntur,
1103 1843 1269 1922 quod

174 1928 483 2009 praeclare
513 1938 694 2007 poeta
720 1928 1000 2005 intexuit,
1046 1929 1268 2010 quippe

175 2034 313 2072 cum
340 2015 582 2073 Aeneae
620 2014 761 2073 fatis
798 2014 1073 2094 inprimis
1114 2036 1266 2074 con-

174 2100 485 2175 iunctum,
560 2109 625 2158 et
670 2100 750 2158 ad
804 2100 1265 2161 admirationem

177 2187 562 2245 excitandam
606 2196 826 2245 natura
880 2207 988 2246 sua
1027 2199 1088 2246 et
1131 2208 1265 2246 ma-

177 2292 293 2351 gna
342 2292 543 2332 rerum
588 2271 752 2331 inter
794 2270 1064 2331 homines
1106 2275 1263 2334 sama

178 2358 389 2416 eximie
456 2367 692 2437 aptum.
801 2358 988 2432 Quod
1059 2368 1264 2419 autem

177 2443 405 2503 Aeneae
459 2445 762 2503 narrantis
818 2453 1018 2525 partes
1066 2445 1265 2504 tradi-

174 2531 284 2606 dit,
324 2534 390 2591 in
434 2550 507 2590 eo
552 2531 711 2589 illud
751 2531 1050 2591 commodi
1098 2552 1263 2590 asse-

172 2627 397 2696 quutus
437 2625 530 2675 est
567 2627 784 2696 poeta,
840 2627 915 2676 ut
959 2626 1085 2676 tota
1116 2638 1265 2677 nar-

172 2704 329 2763 ratio
378 2703 601 2763 habeat
642 2704 933 2763 maiorem
988 2703 1262 2764 auctori-

176 2798 398 2863 tatem,
463 2789 763 2867 magisque
819 2789 1262 2848 miserationem

182 2874 400 2948 faciat,
470 2894 602 2933 eum
646 2874 724 2934 ab
766 2894 837 2933 eo
878 2884 1261 2953 exponantur

176 2979 309 3034 res,
355 2958 457 3037 qui
484 2978 684 3019 earum
703 2982 858 3039 pars
884 2982 1117 3040 magna
1145 2961 1262 3020 fuit

177 3046 339 3126 ipse3
392 3045 654 3105 Delectus
696 3067 882 3126 porro
929 3066 1132 3106 rerum
1178 3047 1264 3105 ita

174 3132 425 3193 relictus
456 3141 586 3191 erat
612 3142 848 3212 poetae,
891 3142 963 3192 ut
991 3133 1263 3213 proferre

171 3229 415 3279 tantum
442 3239 510 3277 ea
537 3219 774 3293 liceret,
818 3239 969 3299 quae
998 3219 1094 3278 vel
1123 3239 1262 3278 mo-

170 3316 319 3366 vent
366 3304 642 3386 inprimis
681 3306 783 3365 vel
831 3315 1112 3366 ornatum
1144 3304 1259 3363 acl-

172 3394 457 3468 mittunt;
512 3390 785 3450 Tandem
831 3392 957 3471 ipse
1006 3391 1261 3450 audien-

171 3480 331 3538 tium
382 3496 694 3539 consessus
759 3488 898 3557 post
965 3478 1262 3537 sollennes

174 3565 412 3644 epulas,
494 3574 559 3623 et
629 3563 878 3623 Didonis
945 3564 1010 3623 in
1064 3563 1265 3623 Aenea

170 3650 475 3710 haerentis
520 3649 763 3726 vultus,
820 3649 1036 3725 babet,
1099 3648 1265 3728 qu'od

171 3737 425 3817 legentis
487 3737 756 3796 animum
816 3735 1262 3814 quodammodo

171 3823 413 3883 afficiat.
520 3822 781 3884 Noctem
835 3822 1022 3902 ipsam
1044 3866 1061 3896 ,
1141 3820 1262 3879 iam

167 3920 538 3990 provectam,
563 3909 793 3969 habere
821 3926 1077 3986 quoque,
1096 3906 1263 3984 quod

169 4007 422 4057 mentem
464 4005 709 4070 teneat,
766 3994 1025 4075 putabat
1064 3993 1263 4071 Trap-

166 4083 312 4180 pius.
396 4085 508 4144 Est
543 4082 647 4143 hic
678 4079 837 4140 liber
880 4080 1035 4139 inter
1064 4079 1262 4176 perse-

167 4170 446 4230 ctissimas
524 4168 729 4251 operis
808 4186 906 4245 pai
922 4173 1010 4223 tes
1080 4164 1265 4242 ipsius

159 4266 364 4336 poetae
399 4256 636 4318 iudicio
696 4251 975 4326 babitus,
1047 4250 1265 4327 quippe

156 4363 326 4422 quem
354 4365 495 4405 cum
545 4347 780 4422 quarto
825 4346 889 4395 et
929 4344 1097 4394 sexto
1133 4334 1263 4395 Au-

146 4441 318 4511 gusto
360 4427 721 4515 speciminis
778 4422 914 4482 loco
964 4420 1260 4500 praelege-

1470 1186 1661 1279 Quis
1704 1183 1882 1261 talia
1923 1182 2200 1261 fando-

1314 1479 1351 1534 8
1386 1497 1655 1533 renovare
1695 1478 1848 1533 iubes
1889 1481 2085 1552 regina
2122 1479 2308 1532 Hamb.
2350 1496 2430 1549 pr.

1352 1670 1455 1730 rit.
1510 1691 1569 1731 v.
1621 1691 1751 1750 sup.
1795 1671 1862 1731 T.
1903 1669 1932 1731 I
1971 1672 2107 1730 Vita
2136 1672 2204 1731 V.
2233 1692 2282 1730 c.
2336 1674 2431 1734 12.

1353 1752 1417 1835 ς.
1449 1759 1533 1821 46
1558 1777 1644 1833 sq.
1730 1757 1925 1831 Quem
1966 1767 2168 1816 autem
2209 1776 2287 1814 ex
2321 1776 2434 1813 an-

1352 1841 1717 1919 tiquioribus
1783 1843 1974 1922 poetis
2035 1851 2171 1900 ante
2227 1842 2432 1901 oculos

1350 1926 1635 1987 habuerit
1700 1928 1977 2008 Virgilius
2053 1928 2119 1987 in
2194 1927 2431 1987 excidio

1350 2014 1565 2073 Troiae
1616 2014 2003 2093 exponendo,
2057 2014 2432 2095 disputatum

1347 2109 1439 2158 est
1488 2099 1555 2159 in
1609 2100 1885 2160 Excursu
1946 2099 2021 2158 ad
2070 2099 2249 2160 huius
2291 2099 2431 2159 libri

1344 2186 1537 2266 princ.
1598 2179 1824 2245 scilicet
1874 2185 2118 2246 Iliadem
2180 2206 2432 2267 parvam

1348 2292 1486 2331 cum
1513 2270 1813 2350 Euripidis
1837 2272 2174 2352 tragoediis.

1436 2378 1494 2437 1.
1536 2376 1759 2433 Intenti
1804 2396 1911 2433 ora
1954 2373 2224 2433 tenebant
2243 2418 2261 2448 ,
2326 2394 2431 2433 or-

1348 2468 1517 2534 nate,
1587 2468 1760 2520 erant
1814 2460 2061 2537 intenti;
2129 2458 2434 2520 habebant

1348 2546 1556 2606 vultus
1579 2556 1639 2605 et
1670 2546 1873 2607 oculos
1904 2547 2170 2606 intentos
2198 2555 2259 2604 et
2282 2566 2432 2604 con-

1345 2651 1553 2692 versos
1601 2632 1664 2692 in
1723 2631 2001 2692 Aeneam.
2099 2631 2247 2691 Mox
2279 2651 2340 2690 v.
2388 2634 2432 2693 2

1346 2718 1509 2775 altus·
1545 2726 1786 2776 tantum
1845 2727 2040 2777 ornat.
2140 2718 2218 2775 Et
2261 2724 2434 2776 erant

1344 2793 1705 2861 tricliniares
1772 2804 1909 2862 lecti
1968 2802 2434 2881 magnificentiae

1346 2909 1554 2948 caussa
1593 2888 1729 2966 alti3
1779 2888 2140 2947 accedebant
2180 2886 2431 2966 pulvini.

1436 3014 1497 3074 3.
1543 3009 1630 3068 Cf.
1658 3007 1873 3087 Odyss.
1904 3032 1947 3084 s,
1997 3011 2077 3071 12
2109 3027 2235 3085 sqq.
2275 3015 2338 3065 et
2370 3030 2431 3086 η,

1345 3094 1494 3159 241.
1529 3093 1674 3168 242,
1720 3094 1824 3153 sed
1857 3094 1922 3153 in
1955 3093 2200 3173 Virgilio
2231 3093 2433 3152 omnia

1347 3181 1690 3259 ornatiora3
1744 3193 1811 3239 ut
1857 3201 1916 3240 v.
1953 3178 1994 3242 4
2033 3189 2245 3239 ornate
2286 3199 2430 3259 pro:

1344 3266 1671 3343 narrando,
1709 3275 1779 3327 ut
1803 3286 2057 3344 regumn
2107 3268 2435 3324 'livianum

1343 3358 1647 3414 everterint
1686 3352 1948 3423 Achivi,
2019 3351 2205 3427 dixit,
2262 3373 2430 3409 eme-

1349 3443 1468 3498 rint
1484 3486 1500 3515 ,
1544 3448 1607 3497 et
1657 3441 1952 3497 Troianas
2000 3459 2140 3514 opes
2161 3482 2177 3511 ,
2241 3445 2303 3495 et
2334 3459 2431 3495 re-

1343 3547 1472 3603 gno
1502 3525 1719 3585 adiecit
1745 3522 2049 3604 epitheton
2068 3567 2083 3596 ,
2128 3523 2432 3581 lamenta-

1348 3610 1496 3685 bile,
1555 3610 1718 3689 quod
1756 3608 2133 3668 lamentabile
2177 3608 2433 3679 ‚exitium

1349 3694 1579 3756 habuit.
1685 3695 1909 3754 Eadem
1952 3694 2248 3773 expressit
2290 3697 2432 3751 Sta-

1346 3782 1467 3841 tius
1503 3802 1611 3841 suo
1653 3800 1820 3841 more
1846 3779 2031 3839 Theb.
2064 3779 2134 3856 V,
2173 3782 2257 3843 28
2304 3799 2430 3858 sqq.

1406 3910 1474 3970 ,6
1505 3922 1589 3980 sq.
1635 3902 1994 3960 Reluctatur
2022 3900 2247 3959 Aeneas
2286 3920 2433 3959 nar-
2471 3950 2482 3957 ,

1346 3989 1762 4066 rationemque
1804 3986 2098 4066 principio
2145 3986 2432 4066 depreca-

1347 4084 1484 4151 tur;
1526 4074 1775 4133 nimium
1816 4072 1974 4131 enim
2012 4071 2123 4131 sibi
2165 4073 2432 4132 animum

1347 4161 1424 4220 iri
1471 4169 1836 4220 commotum
1867 4157 2086 4218 harum
2121 4159 2431 4217 calamita-

1347 4256 1482 4306 tum
1511 4245 1944 4321 recordatione,
1975 4264 2122 4323 quas
2155 4263 2229 4303 ne
2246 4242 2432 4302 Achi-

1348 4334 1408 4392 vi
1444 4334 1703 4411 quidem,
1749 4331 1934 4390 cladis
1968 4338 2261 4405 auctores,
2306 4329 2432 4387 sine

1348 4419 1608 4499 lacrimis
1649 4416 1956 4477 narraturi
2000 4416 2119 4475 sint
2132 4438 2149 4490 5
2193 4424 2432 4499 noctem
