2882 5028
550 321 1170 399 AENEmos
1227 324 1435 400 ΜΒ.
1492 326 1591 421 ιι,
1639 330 2075 406 424—438

2287 313 2437 411 329

166 511 561 588 vitavisse
597 510 810 585 vices
844 515 1241 604 Danaum3
1299 523 1418 608 et,
1466 512 1529 587 si
1560 509 1718 586 fata
1749 509 2104 606 fuissent,

166 616 276 691 Ut
305 612 736 708 caderem,
786 615 1175 690 memisse
1213 639 1482 692 manu.
1584 615 2057 692 Divellimur
2089 617 2328 695 inde:

166 717 489 818 iphitus
526 729 604 791 et
641 717 891 793 Pelias
926 741 1285 810 mecum;

1333 741 1683 819 quorum
1716 719 2023 820 Iphitus
2060 745 2254 797 aevo
2287 726 2442 802 435

170 825 345 898 Iam
374 820 730 919 gravior,
780 821 1033 897 Pelias
1066 834 1144 896 et
1174 820 1510 897 volnere
1547 820 1817 897 tardus
1848 822 2086 913 Ulixi3

174 925 560 1001 Protinus
595 922 697 998 ad
729 924 961 1030 sedes
991 925 1282 1000 Priami
1310 925 1660 1001 clamore
1695 926 1971 1004 vocati.

279 1029 432 1106 Hic
463 1051 661 1104 vcro
691 1028 1099 1127 ingentem
1132 1051 1525 1130 pugnam,
1580 1053 1728 1108 ceu
1756 1043 2014 1107 cetera
2046 1054 2440 1132 nusquam

317 1220 430 1274 433
466 1237 667 1270 manus
688 1235 787 1338 ffo
814 1222 961 1272 vices
985 1238 1064 1289 pr.
1092 1218 1282 1271 Hamb.
1354 1222 1406 1272 si
1427 1218 1567 1291 fata
1597 1221 1876 1273 dedissent
1915 1220 2067 1272 Leid.
2107 1229 2231 1272 tert.
2274 1220 2441 1272 talis-

186 1303 306 1342 oent
335 1290 515 1357 Bigot.
544 1298 600 1339 et
620 1292 692 1339 Zu
719 1288 820 1341 'ch.
849 1307 951 1357 pro
992 1308 1100 1341 var.
1142 1289 1298 1353 lect.‚
1348 1291 1491 1357 qnod
1533 1308 1712 1342 verum
1756 1300 1908 1358 putat
1944 1292 2147 1355 Burm.,
2199 1289 2445 1359 quoniam
2500 1340 2514 1353 l

188 1360 404 1428 proprie
434 1358 517 1409 ita
541 1357 648 1408 dici
675 1357 832 1410 solet.
901 1360 983 1410 Ita
1008 1377 1136 1411 vero
1169 1358 1296 1428 quid
1333 1359 1495 1411 facias
1533 1378 1650 1429 sup.
1700 1379 1749 1412 v.
1791 1361 1861 1413 54
1911 1362 1962 1411 si
1982 1358 2122 1427 fata
2159 1360 2350 1423 deum,
2397 1362 2446 1411 si

188 1448 334 1480 mens
356 1447 476 1480 non
503 1428 667 1478 laeva
681 1427 909 1495 suisset.

189 1509 308 1567 post
346 1499 483 1549 inde
505 1498 618 1548 Em.
648 1497 873 1548 Cruceus
899 1497 953 1549 in
984 1498 1260 1549 Antidiatr.
1294 1517 1330 1569 p

190 1581 305 1631 ms,
349 1567 625 1638 Eplu‘tus,
674 1568 986 1635 Hyplu'tas,
1038 1569 1292 1640 Iplu'cas,
1355 1566 1411 1618 in
1454 1568 1586 1619 libb.

1046 1427 1153 1483 434
1186 1447 1308 1480 mea
1350 1446 1483 1554 pli-34
1503 1447 1683 1565 mitrale)
1717 1433 1893 1497 Sprot.
1942 1431 2069 1497 (non
2122 1428 2444 1498 interpungit

1334 1533 1348 1548 .
1485 1534 1498 1550 .
1616 1517 1661 1550 r.

1820 1497 1925 1552 435
1974 1499 2231 1568 ΥΡΙιίεαε,
2267 1499 2443 1570 [phy-

1724 1567 1831 1621 436
1877 1567 2039 1618 Pelia
2072 1577 2125 1617 et
2168 1585 2220 1618 ν.
2262 1566 2444 1618 Barth.

190 1637 349 1689 codex
392 1636 462 1687 ad
506 1639 645 1687 Stat.
684 1637 768 1686 xl
807 1636 979 1687 Theb.
1015 1638 1137 1692 310.
1209 1649 1264 1687 ct
1314 1637 1468 1688 abest
1505 1637 1663 1688 etiam
1701 1653 1732 1687 a
1774 1635 2045 1698 Parrhas.;
2096 1637 2269 1688 Burm.
2308 1636 2445 1688 coni.

192 1707 375 1759 Pelias
403 1725 472 1757 es
500 1705 737 1756 vulnere
766 1717 807 1756 ε.
847 1709 912 1756 U.
960 1707 1111 1757 Ulixi
1136 1706 1317 1756 Heius.
1343 1725 1372 1757 e
1403 1705 1555 1757 libris
1586 1704 1913 1773 potioribus,
1949 1716 2008 1755 ut
2047 1714 2102 1756 et
2146 1718 2447 1775 expressum

188 1794 271 1842 ap.
311 1775 453 1827 Gen.
499 1775 599 1834 lx,
642 1776 724 1827 12.
794 1774 952 1843 vulgo
1003 1775 1205 1844 Πζγεεί.
1255 1774 1349 1826 alii
1400 1776 1611 1839 Ulixis,
1665 1775 1862 1826 Ulixei.
1912 1792 1959 1824 v.
1999 1773 2179 1826 Heius.
2248 1776 2446 1825 Versus

188 1845 290 1901 435
326 1856 379 1896 et
413 1845 526 1899 436
573 1843 794 1907 Quintil.
833 1845 960 1896 Inst.
1004 1846 1117 1907 IX,
1145 1846 1212 1909 3,
1261 1846 1331 1900 35
1390 1844 1605 1908 laudat,
1651 1853 1711 1894 ut
1761 1842 2046 1910 exemplum
2083 1843 2445 1911 regressionis.

191 1916 287 1970 437
322 1916 521 1966 vocari
546 1913 729 1964 Heins-
773 1913 1120 1978 coniiciebat,
1169 1922 1229 1964 nt
1263 1914 1333 1964 sit
1376 1931 1477 1983 pro
1519 1930 1780 1966 vocamur.
1862 1914 2272 1981 Interpungebat
2311 1913 2445 1965 adeo

193 1985 339 2055 plene
367 1993 498 2053 post
537 1983 708 2035 Ulixi.
779 1985 1140 2046 Henmmmm,
1176 1983 1439 2052 probante
1482 1984 1770 2034 Burmanno
1818 1981 2196 2050 distinguebat:
2247 1984 2444 2035 Divel-

195 2056 350 2106 limur
372 2054 534 2115 inde,
584 2054 638 2103 I.
666 2065 722 2103 et
750 2055 814 2103 P.
855 2072 1057 2105 mecum
1085 2054 1336 2122 (quoram
1354 2082 1421 2091 -
1446 2053 1656 2120 Πζγεεί)
1705 2054 1970 2103 Protinus
2002 2052 2077 2103 ad
2108 2053 2267 2105 sedes
2307 2056 2371 2104 P.
2399 2072 2444 2105 c.

197 2125 380 2176 vocati.
463 2121 648 2174 Possit
687 2122 955 2174 sententia
1003 2139 1165 2191 nsque
1208 2122 1277 2173 ad
1324 2123 1608 2174 Cernimus
1647 2121 1962 2185 continuari,
2016 2131 2075 2171 ut
2120 2123 2216 2174 sit:
2281 2123 2446 2187 Ulixi,

202 2194 528 2244 Ρνοιίπιιε-
554 2193 769 2255 vocati,
817 2194 927 2243 Hic
950 2211 1082 2244 vero
1108 2220 1174 2229 —
1202 2193 1501 2243 cernimus.
1568 2191 1673 2243 Sed
1721 2201 1909 2242 neutro
1956 2207 2104 2259 opus.
2175 2191 2446 2260 iungenda

202 2273 338 2313 sunt:
370 2261 691 2313 divellimur
715 2261 874 2323 inde;
910 2262 1130 2332 Iphitus
1162 2273 1218 2312 ee
1246 2261 1435 2312 Pelias
1458 2279 1660 2312 meeum
1690 2260 1785 2327 (sc.
1811 2258 2126 2311 divelluntur
2151 2278 2182 2312 a
2214 2261 2445 2328 ceteris),

202 2331 422 2382 clamore
444 2332 644 2382 vocati
708 2334 961 2395 rotinus,
996 2330 1101 2382 alio
1129 2328 1253 2380 hinc
1272 2368 1287 2393 ,
1338 2331 1412 2380 ad
1443 2330 1602 2381 sedes
1639 2331 1864 2381 Priami.
1934 2328 2069 2380 Dum
2104 2329 2195 2381 alii
2238 2330 2444 2383 discur-

201 2410 341 2464 rant,
373 2400 433 2451 hi
459 2411 577 2451 tres
606 2417 641 2451 a
704 2417 877 2452 arcem
899 2411 1139 2470 pergunt.
1175 2399 1303 2469 (vid.
1335 2400 1403 2454 V.
1428 2400 1492 2453 1..
1520 2399 1587 2450 ad
1608 2400 1731 2466 xn,
1759 2399 1881 2455 612.
1926 2398 2090 2467 Wr.)

196 2581 283 2621 res
304 2581 547 2621 versum
578 2559 848 2618 ducunt:
875 2568 1034 2618 tum:
1062 2568 1125 2618 et
1149 2580 1278 2636 vos,

200 2669 231 2705 ο
260 2652 401 2721 mei,
452 2646 682 2725 quibus
728 2644 1070 2704 incendium
1110 2645 1279 2704 urbis

156 2728 171 2733 ’
205 2752 309 2810 pro
330 2752 472 2810 rugo
505 2732 644 2791 suit.
698 2733 767 2787 in
805 2752 1023 2789 occasa
1063 2744 1273 2806 vestm,

214 2836 335 2895 sup.
359 2816 407 2890 l,
434 2820 556 2881 238
597 2837 885 2875 occasum
923 2818 1134 2874 Troiae
1166 2819 1279 2875 tri-

211 2904 422 2979 nisque
444 2906 665 2961 ruina-s.
761 2902 871 2960 Est
909 2910 1111 2961 tamen
1142 2902 1279 2961 usui

207 2986 389 3065 magis
415 2996 875 3048 consentaneum
898 3031 915 3061 ,
944 2990 1282 3065 flammam

205 3084 519 3132 extremam
543 3095 813 3132 meorum
840 3073 913 3132 de
928 3094 1072 3152 rogo
1097 3083 1158 3132 et
1182 3074 1281 3132 su-

200 3178 364 3234 nm,
409 3180 518 3220 seu
552 3169 786 3235 morte,
844 3159 1143 3239 accipere3
1197 3167 1287 3216 est

195 3267 429 3325 quoque
456 3247 765 3321 sollenne,
809 3247 1002 3304 iurare
1032 3254 1092 3304 et
1122 3244 1286 3303 obte-
1324 3244 1331 3249 ’

194 3336 468 3412 scariper
489 3335 719 3391 cineres
737 3375 755 3405 ,
786 3351 1003 3409 rogum
1022 3376 1040 3406 ,
1056 3332 1283 3408 ,flam-

196 3440 395 3493 mm,
439 3421 916 3476 cavi-samonem.
982 3418 1287 3476 *Testatur

196 3505 376 3583 igitur
430 3505 625 3564 funus
677 3503 907 3584 patriae
959 3512 1021 3561 et
1072 3504 1285 3562 funera

194 3610 462 3651 suorum.
562 3589 881 3668 Argutius‘
904 3588 1061 3647 enim
1106 3608 1288 3666 quam

193 3697 302 3757 par
342 3687 438 3737 est
488 3677 683 3752 foret,
739 3676 1013 3755 iungere:
1065 3677 1287 3733 cineres

194 3775 248 3821 et
294 3765 583 3841 flamma
643 3783 912 3819 meorum
931 3805 947 3836 ,
1019 3758 1289 3838 epitheto

193 3849 433 3908 adiecto
450 3850 661 3921 Iliaci,
694 3848 838 3926 quia
851 3846 1095 3905 Troiani
1119 3854 1292 3904 erant

191 3944 297 3993 aut
313 3934 652 3995 cum'rroia
666 3931 1094 3992 occubuerant.
1139 3934 1298 3991 vices

188 4021 507 4097 (offanae,
546 4041 753 4096 casus,
800 4028 863 4078 et
894 4018 1137 4096 quidem
1164 4015 1291 4083 h.,l.

186 4127 455 4187 pugnae:
503 4127 687 4186 quae,
732 4114 812 4165 ut
843 4104 1127 4180 vidimus,
1157 4123 1291 4162 mo-

188 4192 271 4252 do
301 4193 603 4273 secunda,
648 4192 840 4253 modo
870 4190 1120 4251 adversa
1156 4189 1293 4248 fue-

184 4289 303 4340 rat.
371 4282 556 4341 Recte
583 4280 740 4341 adeo
770 4276 1019 4337 Servius
1049 4274 1291 4335 omnino

182 4386 297 4445 per
312 4390 571 4450 pugnas
599 4368 1063 4445 interpretatur.
1107 4381 1294 4419 manu

850 4572 881 4602 Q

1363 2562 1645 2619 meruisse
1671 2579 1867 2640 pugna
1887 2604 1904 2635 ,
1952 2560 2180 2618 virtute
2193 2603 2210 2634 ,
2236 2568 2448 2638 strage,

1363 2665 1546 2724 quam
1585 2646 1747 2705 inter
1785 2645 1989 2704 hostes
2041 2644 2273 2705 edebat.
2357 2646 2450 2704 Ita

1363 2734 1534 2791 Serv.
1576 2731 1648 2788 id
1692 2743 1779 2789 est
1802 2730 2049 2809 fortiter
2090 2731 2410 2788 alisna-asse
2428 2756 2445 2788 .-

1362 2817 1433 2875 hi
1463 2818 1624 2874 enim
1656 2827 1951 2873 merentur
1988 2815 2202 2872 occidi.
2294 2815 2450 2873 Cen-

1363 2903 1478 2961 ties
1539 2908 1740 2960 autem
1796 2921 2016 2959 manus
2049 2920 2163 2979 pro
2205 2921 2447 2978 pugna.

1344 3034 1345 3037 η
1366 2990 1656 3068 Pompon.
1681 3031 1707 3063 o
1720 2989 2023 3062 ,memisse
2040 3030 2059 3061 ,
2116 2984 2453 3063 dimicasse3

1365 3074 1529 3133 idem
1572 3083 1662 3132 est
1703 3091 1964 3148 merere,
2012 3091 2310 3151 pugnare,
2355 3071 2454 3131 di·-

1366 3160 1646 3219 micare.“
1731 3158 2017 3238 Respexit
2053 3158 2174 3216 scil.
2224 3158 2456 3239 stipen-

1371 3245 1490 3306 dia.
1574 3246 1832 3304 [unxere
1866 3244 1966 3302 alii
2012 3265 2199 3302 manu
2238 3256 2305 3302 ut
2343 3266 2456 3310 ca-.

1370 3331 1590 3390 der-em.
1694 3330 1788 3390 Ita
1853 3329 1969 3389 erit
2022 3328 2456 3409 interpungenff-

1373 3416 1552 3476 dum:
1601 3416 1891 3477 vitavisse
1942 3415 2133 3493 vices3
2188 3416 2458 3489 Danaum

1370 3512 1465 3579 et,
1523 3535 1613 3548 —
1662 3514 1729 3560 ut
1766 3501 2075 3576 caderem,
2149 3506 2453 3577 meruisse,

1371 3610 1582 3648 mana.
1616 3619 1703 3633 —
1730 3591 1786 3645 si
1810 3586 1966 3665 sata
1980 3586 2048 3665 f
2094 3588 2167 3646 cs.
2196 3608 2326 3668 sup.
2358 3586 2458 3652 54.

1371 3673 1518 3739 436.
1558 3672 1709 3732 Gell.
1749 3673 1853 3748 IX,
1902 3676 1980 3735 12
2017 3671 2259 3733 laudato
2301 3675 2459 3733 loco:

1374 3780 1562 3840 quum
1587 3758 1803 3817 dicer-et
1835 3758 2056 3819 vulnus
2075 3804 2091 3835 ,
2150 3781 2271 3818 non
2302 3760 2465 3840 quod

1377 3847 1705 3922 accepisset
1745 3846 1966 3923 Ulyxes
1986 3889 2005 3920 ,
2040 3845 2148 3903 sed
2171 3848 2338 3926 quod
2358 3848 2462 3905 de-

1377 3930 1577 3992 disset.
1665 3931 1821 3990 Sunt
1854 3940 2057 3990 autem
2090 3930 2192 3990 hic
2224 3932 2465 4011 Iphitus

1378 4025 1444 4075 et
1484 4016 1702 4075 Pelias
1743 4016 1966 4077 diversi
2029 4017 2103 4076 ab
2150 4018 2251 4094 iis,
2311 4038 2461 4095 quos

1377 4101 1678 4162 Homerus
1704 4100 2009 4162 mem'orat.
2075 4102 2239 4183 [ung.
2282 4103 2462 4181 Jplut-

1378 4200 1474 4248 tus
1501 4201 1556 4246 et
1591 4191 1807 4249 Pelias
1831 4190 2052 4248 vocali.

1464 4272 1842 4340 438—558.
1885 4273 2172 4352 Sequitur
2197 4271 2465 4332 narratio

1381 4360 1453 4418 de
1505 4379 1704 4440 pugna
1761 4360 1826 4419 in
1880 4362 2161 4438 Pergamo
2204 4357 2467 4437 acropoli
