2882 5028
514 347 1127 424 AENEIDOS
1182 348 1396 425 LIB.
1449 287 1586 444 ΠΙ,
1633 357 2063 434 319—329
2275 364 2423 437 489

216 534 278 608 Ο
309 531 478 607 felix
513 559 669 608 una
699 547 881 608 ante
915 533 1098 609 alias
1129 535 1518 610 Priameia
1548 536 1798 635 virg0‚

211 635 565 711 Hostilem
599 636 699 712 ad
733 636 1133 712 tumulum
1163 640 1454 714 Troiae
1479 639 1626 714 sub
1660 641 2090 717 moenibus
2120 644 2288 719 altis

212 741 394 814 Iussa
419 741 664 834 mori,
720 764 925 842 quae
955 741 1276 818 sortitus
1307 766 1476 816 non
1505 742 1832 842 pertulit
1857 743 2090 839 ullos,

211 846 349 916 Nec
375 844 683 919 victoris
714 843 890 919 heri
916 844 1172 941 tetigit
1208 847 1504 945 captiva
1535 845 1830 923 cubile!

209 949 367 1040 NoS‚
400 949 645 1047 patria·
675 948 1016 1041 incensa,
1047 946 1354 1024 diversa
1384 974 1534 1048 per
1566 974 1912 1051 aequora
1944 962 2238 1044 vectae,
2272 960 2424 1032 325

212 1049 455 1150 Stirpis
485 1050 885 1127 Achilleae
917 1048 1202 1142 fastuS‚
1257 1053 1794 1154 iuvenemque
1831 1053 2292 1154 superbum,

212 1154 513 1230 Servitio
550 1154 858 1251 enixae,
916 1154 1262 1233 tulimus,
1371 1155 1527 1250 Qui
1565 1155 1901 1254 deinde,
1954 1170 2269 1233 secutus

207 1255 576 1333 Ledaeam
643 1258 1146 1334 Hermionen
1214 1259 2061 1362 Lacedaemoniosque
2142 1260 2423 1362 hyme-

1338 1386 1585 1438 naeos
2321 1430 2338 1446 ,

204 1465 314 1538 Me
386 1462 691 1541 famulo
771 1463 1319 1567 famulamque
1383 1420 1696 1541 Heleno
1787 1464 2216 1543 transmisit
2280 1465 2423 1542 ha-

1335 1568 1710 1648 bendam.

287 1680 445 1750 328.
496 1675 1021 1770 HYMENAEOS,

317 1861 410 1917 321
443 1861 594 1916 alios
622 1861 878 1915 Montalb.

209 1930 276 1980 W
307 1930 326 1996 ³
1017 1864 1122 1918 325
1164 1867 1307 1916 vecti
1329 1865 1514 1933 fragm.
1542 1863 1715 1931 Vatic.
1760 1863 2006 1931 (formae
2048 1879 2113 1913 ex
2152 1863 2266 1928 vn,
2301 1865 2424 1919 228.

269 1949 308 1981 r.

457 1935 572 1988 326
606 1932 827 2002 fastum
869 1931 1073 2002 aliquot
1108 1933 1275 1998 Pien,
1323 1934 1492 1986 minus
1536 1933 1767 2003 poetice.
1824 1932 1993 2003 fatu-5
2036 1932 2172 1983 alter
2207 1934 2424 1986 Meutel.

200 2014 225 2048 a
256 2018 317 2050 m.
366 2019 442 2069 pr.
456 2042 471 2068 ,
526 2004 677 2054 forte
732 2012 785 2053 et
831 2002 1061 2064 zulich..
1114 2003 1252 2054 unde
1295 2003 1540 2056 Heinsius
1582 2004 1720 2056 coni.
1760 2005 1974 2073 flatus:
2022 2001 2118 2053 sed
2159 2019 2209 2054 v.
2251 2005 2424 2056 Burm.

199 2068 284 2122 827
314 2073 464 2124 entire
489 2081 611 2124 tres
642 2073 816 2122 Burm-
848 2083 901 2122 et
927 2072 1003 2123 sie
1029 2074 1265 2123 Donatus
1309 2073 1686 2144 interpretatus
1720 2083 1830 2135 αις
1877 2070 2029 2122 male.
2070 2089 2119 2122 v.
2149 2072 2332 2124 Heius.
2368 2083 2425 2125 et

200 2137 341 2191 Burm.
368 2150 421 2191 et
444 2142 589 2193 Pier.
726 2141 832 2194 328
902 2160 973 2192 ue
996 2143 1149 2193 abest
1175 2143 1242 2192 ab
1276 2160 1378 2194 uno
1410 2143 1560 2194 Leid.
1596 2142 1752 2204 (male
1782 2159 1896 2194 voc.
1937 2141 2254 2208 hymenei,
2285 2161 2437 2195 num.-

198 2206 274 2273 pl..
299 2210 537 2262 maiorem
573 2210 856 2280 aliquoties
905 2210 1092 2262 iteram
1112 2210 1386 2263 initialem·
1411 2213 1604 2273 habet3
1654 2210 1858 2263 correxi
1903 2221 2112 2280 praeter
2156 2212 2211 2262 h.
2250 2212 2285 2263 l.
2332 2214 2424 2277 IV,

200 2275 430 2340 99.316.;
472 2291 622 2332 recte
662 2291 836 2332 tamen
864 2281 1111 2332 maiorem
1150 2280 1356 2332 literam
1405 2282 1608 2333 servavi
1649 2283 1747 2333 Ge.
1789 2282 1882 2345 IV,
1919 2281 2071 2342 516..
2124 2279 2424 2349 imprudens

201 2358 356 2399 contra
385 2354 510 2401 Aen.
536 2353 579 2413 1,
614 2349 737 2404 651.
779 2351 923 2416 Wr.)
980 2388 984 2391 ι
1063 2351 1170 2404 329
1205 2353 1300 2401 Me
1330 2349 1552 2419 famulo
1576 2349 1957 2420 fanmlamque
1983 2348 2163 2405 Heius.
2193 2351 2424 2420 recepit3

201 2412 262 2466 ita
286 2419 411 2469 enim
438 2420 553 2471 fere
585 2436 769 2471 omnen
796 2418 1022 2471 Pieriani
1052 2429 1106 2470 et
1132 2419 1402 2470 Heiusia'ni
1425 2438 1604 2471 omnes
1621 2458 1636 2484 ‚
1672 2438 1786 2471 cnm
1815 2420 2026 2469 Donato
2055 2419 2210 2486 (adde
2238 2422 2423 2490 fragm.

200 2483 393 2553 Vatia),
428 2499 655 2559 excepto
684 2489 874 2540 Hamb.
908 2507 989 2558 pr.
1010 2529 1025 2554 ,
1061 2488 1142 2542 cui
1172 2489 1310 2541 adde
1338 2491 1501 2541 Goth.
1534 2508 1640 2542 sec.
1676 2500 1730 2540 et
1771 2498 1929 2554 tert.,
1979 2488 2068 2556 qui
2104 2498 2314 2541 tuentur
2350 2491 2425 2554 id,

200 2557 318 2621 quod
340 2557 460 2610 olim
487 2559 799 2628 legebatur:
833 2561 928 2610 Me
945 2559 1222 2629 famulam
1236 2558 1580 2629 famuloque.
1619 2559 1716 2627 (sic
1741 2558 1906 2609 Palat.
1951 2558 2092 2622 Wr.)
2161 2561 2425 2627 Ingratum

198 2632 347 2677 tamen
383 2638 675 2712 utrumque.
733 2630 870 2680 ·Non
918 2629 1056 2680 male
1100 2629 1277 2710 itaque
1318 2629 1564 2680 Heinsius
1603 2627 1742 2681 coni.
1775 2631 1870 2680 Me
1899 2626 2123 2697 famulo
2146 2627 2426 2710 famulam

200 2693 413 2760 Helen03
448 2709 506 2749 ut
532 2699 734 2749 hiatum
760 2697 989 2767 imperiti
1016 2698 1220 2749 librarii
1258 2699 1399 2749 ferre
1438 2698 1733 2757 noluerint;
1784 2695 1884 2748 etsi
1927 2696 2097 2746 hiatui
2143 2699 2426 2750 intercedit

200 2762 446 2819 Schrader.
470 2768 772 2819 Emendatt.
801 2785 854 2836 p.
882 2769 999 2830 138,
1023 2785 1121 2819 nec
1148 2777 1321 2819 tamen
1347 2767 1503 2819 aliam
1541 2767 1798 2818 medelam
1840 2764 2078 2834 apponit.
2147 2767 2217 2834 (1³
2253 2767 2424 2819 hiatus

198 2829 280 2884 hac
306 2836 357 2886 in
387 2838 512 2889 sede
558 2838 628 2890 ab
671 2836 825 2905 epico
860 2837 1089 2890 carmine
1126 2837 1285 2907 plane
1330 2837 1549 2889 alienus.
1603 2835 1748 2905 Wr.)
1818 2838 2058 2904 Ingratus
2103 2845 2186 2886 eat
2227 2854 2425 2902 vei-ouo,

198 3004 490 3055 narratura
518 3006 633 3058 est.
718 2994 815 3056 Ad
845 3014 1008 3074 sequ.
1035 2995 1111 3055 cf.
1128 2995 1256 3054 Ex-

200 3093 412 3138 cursum
443 3083 549 3143 xl.
639 3081 936 3142 Versuum
966 3085 1085 3145 321
1127 3100 1254 3159 sqq.

200 3161 342 3224 color
370 3166 573 3228 similis
598 3167 723 3244 illi,
767 3168 870 3246 qui
899 3175 1032 3225 erat
1053 3166 1154 3225 lib.
1184 3167 1255 3241 ΙΙ,

201 3249 305 3312 785
365 3274 482 3311 non
538 3275 657 3332 ego
721 3257 826 3312 M.
901 3262 962 3311 et
1035 3250 1079 3327 1,
1152 3252 1254 3315 94.

204 3326 454 3409 (—322.
526 3343 746 3399 Troiae
797 3338 905 3397 aab
953 3336 1258 3395 moenibus

200 3417 355 3493 allis,
411 3423 537 3485 vid.
595 3424 736 3484 Not.
787 3424 865 3483 ad
920 3425 1024 3481 Ge.
1064 3423 1111 3497 1,
1154 3426 1256 3485 92.

206 3500 293 3561 W
282 3508 356 3582 ἢ)
439 3514 587 3574 323.
604 3511 856 3570 Sortitio
884 3508 1257 3589 captivarum

201 3585 253 3644 in
277 3594 588 3667 partitione
628 3596 915 3676 praedae:
971 3594 1148 3654 obvia
1190 3592 1257 3651 in

200 3667 436 3739 Homero
477 3690 540 3739 et
572 3681 639 3741 in
682 3681 964 3760 Tragicis.
1015 3679 1105 3757 οξ
1128 3679 1257 3737 Ex-

202 3776 334 3819 curt·
361 3764 447 3824 xl
473 3767 607 3827 sub.
646 3768 687 3827 f.
772 3768 843 3826 Iu
883 3787 943 3825 v.
987 3763 1111 3829 324
1149 3785 1258 3822 nec

201 3853 465 3927 -1eu'git
494 3857 749 3931 captiva
780 3851 971 3911 cubile
990 3895 1007 3925 ,
1058 3850 1257 3930 potuit

202 3932 462 4010 respicere
491 3937 880 3998 Homericum
904 3936 1059 3995 illud
1090 3933 1257 4015 λέχος

204 4004 515 4084 ἀντιόωσαν
575 4023 744 4083 mad.
810 4048 868 4099 a,
916 4026 1019 4096 31,
1068 4016 1154 4100 (h.
1204 4039 1254 4079 e.

204 4098 367 4179 md,
421 4104 613 4188 πρός,
663 4106 855 4190 λέχος)
909 4116 971 4165 et
1025 4105 1255 4165 similia.

203 4184 346 4246 Solet
395 4193 641 4253 fortuna
698 4196 1074 4274 captivarum
1125 4192 1256 4271 ple-

202 4285 430 4350 rumque
469 4299 501 4335 a
546 4280 708 4339 tristi
743 4279 859 4339 hac
911 4278 1257 4337 necessitate

204 4351 492 4436 designari.
582 4362 808 4444 (felix)
857 4386 1013 4445 quae
1050 4375 1258 4443 per-m·

1338 2994 1746 3073 lit—tetigit,
1794 2992 1921 3054 vid.
1949 2991 2020 3052 V.
2060 2992 2123 3053 L.
2158 2988 2305 3053 Aen.
2350 2993 2424 3072 11,

1339 3078 1486 3146 846.
1536 3082 1634 3141 W
1632 3078 1706 3161 r.)

1426 3167 1550 3231 325
1583 3201 1661 3212 --
1690 3169 1834 3230 327.
1892 3161 1976 3222 At
2019 3183 2124 3243 ego
2186 3165 2424 3244 captiva

1340 3249 1558 3330 Pyrrhi
1584 3271 1660 3310 ex
1691 3271 1762 3310 eo
1789 3269 2000 3330 parere
2041 3260 2267 3311 coacta.
2336 3252 2423 3312 cf.

1342 3336 1548 3416 Eurip.
1577 3337 1868 3396 Androm.
1900 3340 2020 3400 109
2047 3357 2133 3414 sq.
2188 3337 2425 3397 diversa

1343 3443 1606 3502 aequora
1633 3422 1988 3500 longinqua,
2028 3442 2087 3481 v.
2119 3442 2249 3501 sup.
2279 3443 2338 3482 v.
2365 3422 2423 3485 4.

1342 3510 1554 3566 enixae
1582 3507 1656 3567 de
1683 3517 1869 3586 partu
1891 3506 2300 3585 accipiendum
2315 3553 2332 3584 ,
2354 3519 2427 3568 ut

1340 3592 1458 3651 iam
1495 3602 1632 3673 post
1667 3594 1951 3671 Pompon.
1983 3592 2119 3652 sab.
2148 3592 2339 3652 Cerda
2365 3605 2427 3654 et

1340 3677 1545 3737 Heius.
1588 3678 1864 3738 docuere.
1975 3678 2125 3736 Nam
2180 3679 2427 3739 Andro-

1340 3763 1552 3822 mache
1590 3782 1763 3823 serva
1801 3764 2190 3842 Neoptolemo
2235 3765 2427 3825 filium

1339 3849 1665 3908 Molossum
1696 3858 2045 3929 pepererat,
2101 3858 2174 3908 ut
2207 3851 2304 3910 vel
2349 3872 2427 3911 ex

1340 3936 1643 4015 Euripidis
1665 3934 2085 3995 Andromacha
2110 3946 2341 3998 notum.

1428 4026 1572 4087 327.
1653 4021 1705 4079 Is
1778 4021 1994 4081 deinde
2066 4020 2425 4082 Hermionen

1340 4107 1603 4168 Helenae
1627 4106 1811 4166 filiam
1854 4111 2071 4187 Sparta
2115 4107 2426 4187 coniugem

1344 4193 1638 4268 adduxit,
1682 4213 1893 4271 meque
1929 4192 2153 4251 Helene
2185 4198 2252 4251 iu
2275 4202 2424 4252 cou-

1340 4280 1566 4358 iugium
1623 4279 1808 4338 dedit.
1896 4279 1981 4337 Cf.
2033 4277 2236 4357 Eurip.
2292 4278 2423 4336 An-

1346 4366 1539 4424 drom.
1621 4362 1784 4429 1244
1855 4367 2122 4427 Γυναῖκα
2199 4364 2260 4425 δ’
2341 4364 2422 4425 αἶ.
