2882 5028
499 360 1106 440 AENEmos
1156 361 1366 438 ΜΒ.
1421 364 1554 460 VI,
1593 368 2029 442 asa—640

2244 372 2394 445 949

113 553 557 628 ‘Devenere
593 548 818 624 locos
843 548 1126 644 lactea,
1183 562 1263 625 et
1288 572 1625 625 amoena
1656 549 1904 626 vireta

136 660 762 731 Fortunatorum
789 676 1219 728 nemorum
1238 711 1259 749 ,

134 758 466 856 Largior
491 757 623 832 hic
665 780 988 856 campos
1016 755 1293 832 aether
1326 770 1406 833 et
1434 756 1741 835 lumine
1776 759 2006 834 vestit

1314 653 1709 754 sedesque
1730 653 2025 732 beatas,
2478 745 2481 746 f

2236 763 2389 837 640

279 983 384 1037 638
419 983 712 1035 Advertere
749 979 938 1051 aliquia
973 981 1118 1051 apud
1152 982 1338 1048 Guell„
1392 982 1485 1053 qui
1522 981 1803 1052 ignorabat
1819 1022 1836 1050 ,
1882 983 2241 1053 praepositum
2274 982 2387 1035 fere

135 1051 317 1124 poetis
353 1052 557 1118 omitti,
592 1054 908 1104 Graecorum
942 1051 1201 1121 exemplo.
1282 1055 1493 1105 virecta
1541 1054 1778 1106 scribunt
1810 1054 1925 1105 fere
1959 1053 2161 1105 librarii
2193 1051 2284 1104 hic
2334 1062 2390 1103 ot

136 1121 288 1174 alibi.

392 1122 497 1176 640
531 1139 754 1192 campus
787 1123 869 1189 (ut
897 1120 1002 1173 ait:
1035 1124 1100 1173 L.
1138 1123 1192 1175 h.
1228 1141 1345 1173 cam
1383 1141 1478 1188 aa,
1527 1115 1720 1176 aether
1768 1136 1823 1175 ee
1857 1123 1894 1174 l.
1930 1142 1984 1175 v.
2018 1125 2107 1190 P.)
2158 1120 2388 1173 Pieriani

136 1191 338 1260 aliquot
373 1192 524 1246 Rom.
561 1204 614 1243 et
648 1190 785 1242 Gud.
834 1208 866 1243 a
910 1208 981 1242 m.
1013 1208 1119 1244 aec.
1168 1194 1349 1244 Mente
1372 1226 1386 1244 .
1419 1209 1502 1260 pr.
1537 1210 1568 1244 a
1601 1210 1670 1243 m.
1706 1209 1789 1261 pr.
1842 1202 1894 1244 et
1926 1192 2111 1260 fragm.
2146 1190 2318 1246 vatio.
2354 1208 2388 1244 a

136 1278 208 1314 m.
244 1278 345 1330 pr„
386 1269 441 1312 et
471 1270 723 1332 mutatum
743 1259 911 1313 videri
944 1269 1142 1330 potest,
1177 1279 1240 1312 ex
1274 1260 1413 1313 malo
1448 1261 1606 1313 metri
1638 1260 1835 1313 ruentia
1867 1271 2039 1325 metu3
2068 1261 2163 1313 aed
2194 1258 2387 1312 verisi-

135 1330 311 1381 milius
348 1329 567 1382 librario
602 1330 707 1381 hoc
741 1329 955 1395 deberi,
1018 1330 1108 1399 qui
1141 1331 1210 1383 ad
1243 1332 1487 1401 Largior
1533 1331 1800 1383 retulerat.
1869 1331 1958 1382 hic
2004 1332 2198 1382 aether
2231 1348 2382 1411 cafa-

127 1418 242 1473 poa
273 1399 438 1451 Goth.
484 1417 589 1451 aec.
638 1410 691 1451 et
733 1399 975 1452 Parthas.
1024 1399 1183 1451 metri
1215 1418 1423 1464 caussa5
1479 1410 1564 1465 et,
1596 1418 1696 1452 aer
1716 1418 1963 1471 ‘campo-t,
2008 1400 2077 1451 ali
2122 1408 2214 1451 uot
2246 1400 2384 1451 Pter.

135 1470 210 1520 de
243 1469 447 1520 lumine
483 1471 613 1537 Reg.
651 1486 683 1521 a
716 1487 786 1520 m.
820 1486 902 1537 pr.

971 1470 1029 1519 lu
1078 1481 1133 1520 et
1182 1469 1438 1521 neminem
1484 1468 1717 1522 haesisse
1752 1469 1932 1522 miror.
2002 1468 2085 1521 Sc‘
2113 1469 2215 1520 'cet
2250 1468 2383 1520 ordo

135 1538 447 1601 verborum,
483 1549 602 1590 aut:
636 1539 880 1609 Largior
912 1539 1000 1589 laic
1031 1538 1223 1590 aether
1257 1551 1358 1601 eat,
1395 1551 1451 1590 et
1483 1557 1703 1610 campos
1734 1540 1774 1593 l.
1814 1559 1863 1591 ν.
1901 1541 1982 1604 1²„
2021 1549 2137 1590 aut:
2177 1540 2386 1590 Aether

135 1608 381 1679 largior,
418 1620 474 1659 ee
507 1608 711 1660 lumine
740 1626 1051 1680 purpureo,
1087 1609 1254 1660 stertit
1285 1627 1537 1679 campos,
1581 1608 1638 1659 h.
1674 1626 1720 1661 o.
1750 1607 2052 1661 circumdat.
2121 1609 2239 1661 Hoc
2268 1625 2384 1659 ma-

134 1675 246 1728 lim.
315 1679 402 1728 Sic
436 1677 540 1728 iam
574 1677 757 1730 Cicero
791 1678 846 1727 in
883 1676 1166 1728 Phaenom.
1201 1695 1251 1729 v.
1283 1679 1355 1731 60
1390 1682 1555 1743 Quem
1590 1678 1998 1748 (Capricornum)
2039 1695 2159 1728 cum
2175 1695 2383 1750 perpe-

138 1759 237 1798 tuo
269 1748 494 1798 vestivit
525 1747 729 1798 lumine
775 1748 956 1798 Titan.
992 1746 1226 1815 (Wakef.
1259 1746 1329 1799 ad
1360 1747 1569 1801 Lucret.
1604 1750 1670 1812 11,
1707 1746 1826 1803 147.
1862 1747 1993 1799 haec
2026 1746 2103 1798 nic
2135 1746 2382 1814 corrigit:

134 1817 378 1886 Largior
411 1816 530 1867 heic
563 1834 708 1867 cam
720 1817 799 1886 pi
810 1833 839 1867 a
874 1817 1099 1881 aether,
1150 1828 1204 1866 et
1239 1816 1444 1868 lumine
1479 1819 1710 1869 veatia
1742 1820 1862 1869 Pur
1900 1835 2049 1869 ureo.
2120 1815 2227 1869 Sed
2266 1816 2284 1866 i

135 1884 401 1954 vulgatum
434 1884 672 1937 defendit
703 1885 773 1937 ad
814 1884 967 1936 eund.
1000 1886 1089 1952 m,
1127 1887 1245 1950 21.;

136 2097 262 2138 ease
292 2078 551 2138 insulam
579 2077 643 2136 in
668 2077 939 2154 Oceano,
982 2078 1080 2138 cui
1103 2080 1217 2138 Sa-

133 2174 356 2223 turnus
381 2164 667 2245 imperet,
728 2161 915 2245 (unde
960 2164 1011 2223 ei
1037 2165 1216 2244 regia,

133 2243 375 2329 τύρσις,
431 2249 722 2310 tribuitur
763 2249 829 2308 in
871 2247 1000 2330 illa)
1034 2269 1215 2311 aurae

133 2335 509 2413 odorumque
528 2355 601 2394 ex
620 2333 870 2394 fioribus
893 2336 1084 2395 omnia
1109 2356 1215 2416 ge-

132 2420 293 2480 neris
339 2421 552 2481 afflatu
583 2419 1107 2498 iucundissimam5
1148 2424 1212 2482 in

131 2527 200 2567 ea
240 2504 516 2568 habitare
555 2505 764 2566 beroea
795 2517 1059 2584 veteres;
1103 2506 1216 2568 de-

130 2593 341 2653 lectari
367 2592 463 2653 hia
491 2592 809 2668 odoribus,
850 2594 1010 2652 inter
1036 2593 1214 2653 ludos

131 2688 193 2739 et
220 2698 388 2738 sacra
419 2678 530 2738 diis
561 2679 741 2741 facta.
795 2678 1036 2738 Doctior
1063 2680 1210 2756 vita,

130 2776 194 2824 et
234 2763 660 2846 philosophicis
716 2764 931 2824 studiis
968 2764 1208 2824 exculta

129 2851 380 2910 Graecia
411 2896 444 2927 ,.
507 2870 747 2909 serenae
806 2858 866 2909 et
937 2850 1208 2930 placidae

126 2936 348 2995 mentia
384 2935 601 3016 gaudia
639 2955 715 2994 ex
741 2954 929 3016 purae
973 2945 1034 2994 et
1059 2957 1210 2994 con-

129 3022 348 3081 stantia
378 3022 624 3082 virtutis
670 3022 1032 3087 conscientia
1059 3042 1208 3081 mox

128 3108 379 3168 adiecit:
438 3128 558 3186 quo
597 3107 855 3167 melioria
886 3107 1209 3186 sapientiae

124 3192 349 3274 placito
386 3193 610 3272 egregie
648 3213 824 3252 usum
861 3191 1066 3253 videas
1107 3193 1208 3253 in-

123 3288 223 3339 ter
274 3278 421 3347 alios
464 3280 790 3339 Gloverum
833 3277 901 3337 iu
944 3278 1206 3339 Leonida

121 3365 222 3440 X,
285 3365 407 3430 156
458 3385 582 3442 sqq.
626 3367 692 3422 in
744 3364 906 3422 those
945 3364 1212 3443 happier

106 3449 306 3524 fielda
326 3481 415 3495 —
447 3452 552 3512 W
542 3450 677 3509 here
702 3470 880 3508 never
901 3450 1110 3529 gloom
1140 3449 1224 3530 of

120 3534 346 3594 trouble
383 3535 604 3595 ahadea
654 3535 751 3593 the
804 3535 980 3593 mind
988 3580 1007 3611 ,
1070 3538 1209 3595 Nor

116 3634 267 3700 gast
294 3620 366 3699 os
375 3625 630 3699 passion
651 3620 871 3681 heavea
902 3620 1000 3678 the
1043 3624 1208 3701 quiet

119 3706 338 3782 bremt,
402 3709 540 3766 Nor
575 3707 738 3764 deuse
787 3705 869 3785 qs
884 3705 1065 3784 grief
1100 3728 1203 3765 are

119 3792 430 3871 aprinkled
447 3837 463 3868 ,
515 3800 575 3850 et
601 3813 724 3852 uno
758 3792 946 3852 verbo
972 3792 1200 3851 Statius

118 3876 173 3937 V
207 3877 354 3937 Silv.
402 3881 462 3955 8,
505 3880 632 3943 286
657 3877 722 3937 in
760 3877 949 3959 patria
986 3877 1200 3959 Epica-

119 3960 258 4023 dio:
311 3965 405 4022 lte
433 3967 534 4041 pii
556 3966 879 4023 Manes—
906 3965 988 4021 Ee
1018 3984 1200 4021 mon-

115 4062 300 4108 strate
343 4071 584 4125 nemus,
634 4071 751 4129 quo
792 4049 965 4108 nulla
994 4050 1203 4127 irrupit

115 4136 404 4213 Erismya,
452 4136 530 4193 In
555 4158 672 4215 quo
682 4135 869 4213 falsa
901 4135 1026 4193 dies
1055 4156 1198 4193 cae-

112 4221 290 4300 loque
316 4222 657 4280 simillimus
684 4221 886 4279 aether
903 4244 920 4277 :
973 4219 1048 4278 de
1077 4240 1196 4298 quo

111 4307 187 4369 cs.
231 4306 336 4364 inf.
382 4304 460 4364 ad
488 4308 633 4370 888.
671 4306 776 4366 sed
822 4304 1196 4387 philosophi-

109 4411 212 4451 caa
245 4390 515 4451 rationes
541 4390 711 4452 Maro
756 4393 820 4453 in
863 4392 1047 4451 alium
1098 4391 1195 4452 lo-

1303 1894 1359 1937 et
1391 1885 1497 1938 vid.
1533 1887 1599 1951 Q.
1629 1888 1696 1941 v.
1733 1887 1846 1938 xx
1950 1887 2035 1952 11,
2067 1886 2119 1941 2.
2158 1833 2382 1954 naim³

1301 2098 1441 2139 cum
1473 2100 1530 2140 v.
1550 2077 1675 2144 724
1698 2099 1826 2158 aqq.
1855 2078 2137 2155 servavit,
2169 2086 2230 2138 et
2250 2075 2312 2137 h.
2339 2077 2381 2139 1.
2436 2151 2447 2164 ·

1297 2164 1574 2244 inprimis
1610 2165 1943 2226 Homerum
1987 2174 2127 2224 aute
2175 2163 2380 2223 oculos

1297 2248 1532 2327 habuit,
1560 2249 1986 2326 etPindarum,
2006 2251 2153 2311 locis
2173 2247 2379 2309 laudd.
2478 2303 2479 2306 ,

1298 2336 1450 2396 Nam
1485 2337 1651 2396 aedes
1686 2335 1895 2396 beatae
1923 2337 2036 2416 ipai
2079 2344 2221 2395 aunt
2257 2335 2382 2394 luci

1298 2422 1563 2497 amoeni,
1609 2431 1670 2481 et
1696 2423 1908 2502 campi,
1954 2421 2163 2482 aether
2188 2440 2380 2502 purus

1300 2518 1364 2568 et
1407 2507 1638 2568 caelum
1677 2528 1988 2585 aerenum3
2030 2508 2148 2568 rivi
2189 2517 2250 2567 et
2289 2508 2381 2567 ri·-

1296 2613 1408 2675 pae
1432 2594 1795 2673 gramineae5
1838 2593 2040 2653 studia
2068 2613 2142 2653 ex
2176 2593 2378 2673 prisca

1294 2681 1453 2755 vita,
1504 2679 1686 2757 inque
1729 2678 1824 2745 hia
1875 2677 2129 2738 choreae
2178 2677 2257 2736 ad
2286 2678 2378 2736 ci-

1290 2764 1504 2825 tharae
1531 2773 1792 2840 cautum,
1835 2773 1892 2822 et
1920 2764 2146 2843 epulae.
2202 2761 2377 2823 Adde

1289 2851 1491 2911 locum
1532 2849 1608 2909 de
1645 2850 1904 2929 Olympo
1934 2848 2148 2929 Odyaa.
2199 2851 2246 2922 ζ,
2289 2848 2376 2912 42

1293 2956 1456 3015 seqq.
1542 2935 1767 2995 Similia
1817 2953 2053 3012 quoque
2105 2944 2251 2993 aunt
2309 2939 2374 2993 in

1293 3019 1586 3097 Axiocho,
1616 3021 1721 3099 qui
1749 3020 1861 3081 aub
1894 3018 2219 3095 Aeschinis,
2258 3039 2373 3078 an-

1289 3116 1389 3167 tea
1432 3106 1545 3167 sub
1581 3107 1877 3182 Platonis,
1930 3107 2171 3166 nomine
2213 3105 2372 3164 sere-

1289 3193 1492 3255 batur.
1591 3192 1941 3253 Communia
1992 3190 2169 3250 etiam
2231 3198 2374 3251 aunt

1288 3279 1583 3340 nonnulla
1620 3279 1822 3358 Elysio
1862 3298 1999 3338 cum
2032 3296 2214 3338 aurea
2252 3274 2373 3337 ho-

1288 3366 1523 3425 minum
1545 3373 1758 3424 aetate.
1841 3364 1966 3423 lam
1994 3363 2068 3422 ab
2091 3363 2186 3423 hia
2208 3371 2371 3422 tam-

1289 3473 1470 3531 quam
1544 3450 1847 3521 elementia
1915 3450 2220 3529 profectus
2290 3448 2370 3509 ad

1289 3546 1578 3616 quautam
1625 3534 2083 3615 amplitudinem
2118 3534 2369 3595 Paradi-

1288 3643 1421 3682 sum
1472 3642 1648 3682 auum
1690 3620 1906 3680 extulit
1945 3621 2231 3682 Miltonus
2266 3620 2367 3696 lv,

1292 3712 1413 3774 132
1428 3728 1556 3786 sqq.
1587 3706 1906 3789 (Praeclari
1929 3716 2071 3766 sunt
2087 3728 2203 3767 vsa.
2221 3710 2365 3773 638.

1284 3814 1372 3871 aq.
1411 3801 1474 3851 et
1514 3793 1644 3872 ipso
1687 3814 1836 3853 aono
1879 3794 2150 3873 inprimis
2198 3813 2364 3851 com-

1284 3878 1681 3957 mendabilea3
1723 3878 1847 3940 vid.
1883 3881 1958 3954 Q.
1993 3879 2062 3939 V.
2080 3866 2363 3954 xxxta,

1286 3968 1345 4030 8.
1379 3965 1484 4025 W
1468 3961 1554 4045 r.)

1372 4048 1516 4114 640.
1558 4051 1827 4126 Largior
1852 4047 2074 4122 aether,
2122 4046 2363 4124 egregie,
2441 4100 2469 4113 „t

1277 4135 1601 4216 patentior,
1615 4134 1874 4208 liberior,
1889 4133 2069 4192 nullia
2086 4132 2363 4206 nubibus,

1280 4221 1449 4280 nulla
1481 4220 1727 4298 caligine
1772 4218 2090 4278 obductae.
2186 4218 2363 4276 Silius

1277 4306 1424 4367 hinc
1450 4306 1551 4367 lib.
1578 4306 1739 4383 xm,
1767 4307 1893 4371 550
1913 4305 2128 4362 laxata
2156 4303 2361 4361 leccicla

1278 4406 1445 4453 nocte
1492 4393 1768 4452 Clausa-a
1809 4394 1995 4449 nitent
2013 4432 2032 4464 ‚
2093 4386 2250 4448 dixit
2286 4388 2361 4447 de
