2882 5028
394 337 586 420 '508
900 341 981 416 P.
1049 339 1584 414 VIRGILII
1646 339 2206 415 MARONIS

435 526 933 618 Praedicam,
990 538 1069 601 et
1118 541 1492 627 repetens
1527 527 1980 702 iterizmque
2015 509 2458 625 iterumque
2487 548 2644 598 mo-

361 747 373 764 ·
435 732 770 807 Iunonis
799 754 1134 829 magnae
1170 733 1525 832 primum
1554 653 1809 832 pli-{cg
1828 688 2132 805 numen
2168 717 2444 818 adorass
2551 725 2556 730 ’

435 835 727 911 Iunoni
761 859 952 929 cane
979 849 1160 910 vota
1189 835 1481 928 libana,
1539 836 2111 933 dominamque
2138 846 2542 933 potentem

439 936 937 1038 Supplicibus
964 963 1245 1038 supera
1292 938 1554 1016 donis:
1608 940 1715 1012 sic
1750 937 2099 1037 denique
2126 938 2378 1013 victor

439 1041 839 1118 Trinacria
870 1038 1052 1134 finis
1080 1041 1319 1118 Italos
1349 1044 1666 1118 mittere
1698 1040 1989 1118 relicta.
2069 1041 2096 1084 Ὗ

432 1140 608 1220 Hu'e
636 1143 775 1219 uhi
804 1142 1110 1219 delatus
1141 1149 1577 1222 Cumaeam
1611 1143 2038 1221 adcesseris
2067 1142 2381 1239 urbem,

2514 1044 2646 1117 440

434 1332 564 1398 tuli,
596 1351 722 1414 pro
759 1334 1026 1386 cunctis
1060 1334 1253 1387 talibus
1290 1354 1480 1387 unam
1517 1364 1584 1375 —
1627 1335 1899 1386 Tumif—
1936 1333 2214 1385 obiectare
2242 1332 2508 1384 animam.“
2560 1327 2647 1407 Sed

453 1420 768 1471 ›raecipuum
787 1444 799 1467 ‚
835 1404 1005 1473 inquit
1031 1407 1220 1469 But-tn„
1255 1405 1490 1474 hoc'fuit
1513 1405 1799 1469 monitum,
1831 1420 1935 1454 non
1964 1401 2183 1454 unicum.
2218 1405 2288 1452 At
2317 1418 2423 1452 non
2447 1397 2650 1451 excludit

434 1423 538 1523 boc
562 1472 813 1523 monitum
842 1474 1070 1542 reliqna3
1101 1475 1194 1526 sed
1219 1475 1323 1525 hoc
1346 1484 1548 1526 tanturn
1575 1473 1705 1524 dicit
1738 1473 1990 1524 Helenus:
2029 1489 2143 1522 esse
2171 1471 2275 1522 hoc
2316 1469 2555 1521 monitum
2576 1466 2648 1516 in-

435 1551 545 1592 star
584 1543 841 1606 omnium,
889 1561 1013 1606 nec,
1064 1544 1109 1595 si
1152 1556 1326 1595 cetera
1369 1544 1673 1595 observaret
1713 1549 1946 1605 Aeneas,
1994 1542 2097 1592 hoc
2134 1540 2459 1608 negligeret,
2504 1534 2649 1587 inani

435 1610 711 1680 quidquam
737 1613 1028 1678 profutura.
1073 1613 1212 1680 Wr.)
1362 1614 1468 1667 436
1504 1613 1770 1664 Praedia-0
1814 1622 1922 1662 tres
1960 1613 2131 1662 Burm.
2200 1613 2400 1661 iterum
2447 1610 2647 1658 iseram-

435 1699 540 1749 que
568 1680 715 1731 multi
741 1682 963 1732 sollenui
992 1682 1137 1734 vitio.
1243 1682 1348 1738 437
1382 1686 1429 1733 Ι.
1462 1700 1652 1733 sacrae
1678 1682 1861 1732 Hamb.
1882 1698 1962 1749 pr.
2031 1678 2136 1734 439
2173 1682 2231 1731 S.
2267 1697 2314 1729 a.
2344 1680 2485 1729 votis
2507 1673 2645 1728 wau.

434 1768 464 1799 a
492 1765 558 1800 m.
585 1767 684 1818 pr„
718 1752 858 1818 quod
885 1761 995 1802 erat
1030 1752 1085 1802 in
1113 1751 1269 1803 codd.
1297 1752 1552 1803 Pieriauis
1582 1761 1632 1801 et
1660 1750 1713 1800 iu
1740 1750 1882 1800 libro
1909 1751 2121 1800 Donati.
2185 1755 2188 1758 ’
2221 1749 2330 1802 440
2363 1748 2541 1798 metire
2560 1743 2646 1794 ali-

434 1828 563 1886 quot
592 1820 767 1870 Heins.
800 1831 854 1872 et
880 1821 1037 1871 Pierii
1055 1860 1069 1884 ,
1106 1832 1159 1871 ut
1183 1820 1254 1871 sit
1276 1821 1505 1884 dictum,
1540 1820 1970 1889 quemadmodum
2010 1820 2190 1870 ›izeeiri
2220 1819 2391 1879 viam,
2419 1816 2646 1888 pelagus,

434 1906 685 1939 emensus
710 1892 818 1940 iter
847 1900 947 1940 etc.
1016 1890 1120 1942 Sed
1153 1900 1296 1941 recte
1323 1891 1459 1942 Pier.
1493 1899 1549 1940 et
1575 1891 1745 1940 Burm.
1780 1889 2043 1955 vulgatum
2073 1888 2392 1957 praeferunt.
2451 1886 2513 1936 cf.
2539 1885 2644 1933 Not.

432 1957 684 2008 Nonnulli
720 1959 905 2020 vitiose
949 1963 1169 2011 metiere
1209 1961 1289 2025 (ut
1329 1960 1445 2011 Alb.
1483 1959 1643 2025 Wr.)
1674 1958 1758 2008 vel
1787 1962 2026 2009 mec-tere.
2162 1958 2265 2011 441
2307 1961 2645 2020 Catum-ump-

434 2024 617 2076 urbem
643 2025 733 2077 alii
761 2047 874 2079 curn
903 2029 1103 2080 Servio.
1152 2032 1229 2096 (ut
1268 2028 1475 2080 videtur
1520 2030 1827 2079 Burmanno.
1871 2027 2014 2090 Wr.)
2062 2027 2128 2078 cs.
2164 2029 2337 2076 Burm.
2408 2026 2646 2091 (Cffmeam

386 2111 403 2120 ’
432 2094 645 2158 Medic„
678 2098 772 2147 sed
796 2118 836 2164 y
863 2097 1063 2170 virgula
1100 2098 1313 2151 minima
1351 2091 1692 2151 transfoditur
1734 2106 1787 2148 et
1832 2115 1870 2147 u
1902 2097 2086 2148 eodem
2117 2097 2300 2148 colore
2327 2089 2646 2163 superscribi·

431 2171 533 2214 tur.
576 2165 720 2233 W'r.)

517 2303 897 2373 437-v440.
955 2309 1098 2368 Tale
1125 2319 1510 2389 praeceptum

431 2388 688 2451 Phineus
727 2393 832 2452 dat
874 2393 1067 2453 Iasoni
1113 2396 1271 2474 apud
1320 2395 1511 2474 Apol-

428 2475 551 2535 lon.
590 2477 663 2554 ΙΙ,
708 2481 852 2544 425.
895 2490 968 2549 ut
997 2481 1189 2541 Guell.
1236 2481 1313 2540 ad
1363 2480 1423 2540 ln.
1470 2481 1507 2541 l.

430 2564 684 2623 monuit.
728 2565 795 2624 ln
822 2577 1140 2647 praecepto
1173 2578 1374 2626 autem
1389 2565 1509 2625 hoc

431 2649 506 2707 de
538 2649 954 2732 Iunoneomni
980 2654 1182 2711 studio
1215 2652 1507 2731 placanda

428 2736 692 2814 respexit
734 2751 907 2815 poeta
961 2739 1334 2818 religionem,
1395 2758 1513 2816 qua

429 2821 678 2880 Romani
698 2825 1019 2901 aliquando
1038 2826 1318 2884 lunonem
1333 2844 1513 2904 prae-

431 2906 606 2986 cipuo
666 2907 911 2969 honore*
950 2912 1300 2989 prosequuti
1347 2920 1510 2985 sunt,

429 3001 492 3050 et
513 2993 576 3051 in
622 2994 913 3073 Capitolio
940 2994 1087 3056 'cum
1123 2997 1264 3059 love
1301 3005 1352 3054 et
1388 2995 1510 3054 Mi·-

428 3097 613 3136 nerva
656 3080 1017 3140 coluerunt:
1076 3103 1195 3160 quo
1243 3093 1509 3161 spectare

428 3163 762 3223 videbimus
803 3176 863 3224 et
900 3167 1000 3224 illa
1042 3169 1187 3242 XII,
1233 3167 1356 3231 840
1398 3190 1507 3226 nec

424 3270 579 3324 gens·
620 3251 752 3309 ulla
795 3264 926 3309 tuos
964 3274 1152 3331 aeque
1194 3253 1508 3312 celebrabit

426 3332 705 3393 honores.
778 3335 1083 3417 (primum
1136 3339 1170 3397 i.
1214 3357 1263 3395 e.
1315 3358 1504 3416 prae

427 3421 751 3498 ceteris3
807 3421 929 3480 vid.
982 3424 1057 3496 Q.
1107 3423 1174 3483 V.
1232 3425 1505 3499 xxvm,

426 3509 486 3578 3,
529 3504 590 3564 h.
644 3502 821 3587 Wr.)
907 3529 1115 3567 canere
1136 3522 1292 3583 vola,
1335 3511 1505 3568 saeile

426 3601 703 3670 apparet,
751 3611 890 3667 esse,
932 3595 1123 3654 facere
1154 3605 1316 3670 vota,
1361 3616 1502 3675 pre·-

425 3695 539 3735 ces.
636 3677 862 3737 Dixisse
902 3680 1146 3740 videtur
1202 3690 1377 3760 poeta
1426 3681 1502 3740 ad

424 3781 555 3821 eam
587 3764 897 3840 rationem,
942 3786 1059 3844 qua
1093 3777 1235 3826 vota
1265 3768 1503 3829 sormu-

424 3848 479 3906 la
529 3850 813 3924 sollenni,
888 3852 1155 3930 adeoque
1211 3858 1497 3928 carmine,

423 3935 864 4013 suscipiuntur:
950 3938 1112 4015 quod
1167 3938 1288 3996 iam
1342 3940 1504 3997 Bur-

420 4040 705 4080 mannum
751 4023 1091 4082 observasse
1137 4023 1334 4083 video,
1420 4026 1499 4081 li—

364 4120 377 4131 ·
419 4104 559 4165 bens
587 4107 768 4165 estin
814 4109 1084 4168 formulis
1125 4110 1308 4167 sacris
1356 4132 1505 4190 προ·

420 4187 659 4272 θύμως,
705 4191 974 4272 adeoque
1005 4214 1114 4253 nec
1140 4214 1349 4274 parce,
1394 4216 1504 4253 nec

420 4280 649 4359 supine.
736 4281 1075 4357 dominam,
1137 4280 1339 4358 deam,
1399 4279 1504 4342 δέ·

420 4384 701 4430 σποιναν.
772 4388 1027 4447 supera,
1087 4386 1360 4449 expugna
1401 4387 1503 4426 sa·-

1598 2308 1716 2368 cris
1763 2306 1972 2384 sactis;
2041 2304 2185 2365 hinc
2242 2308 2445 2364 viceor.
2503 2301 2645 2375 fines

1595 2395 1790 2454 Ilalos
1829 2397 2053 2451 mittere
2074 2437 2090 2467 ,
2155 2389 2499 2464 dimitteris,
2542 2385 2644 2443 dis-

1596 2479 1786 2555 cedes,
1829 2478 2053 2538 Italiam
2085 2476 2294 2537 adibis.
2349 2477 2454 2535 Est
2480 2475 2644 2530 Grae-

1594 2587 1730 2625 cum
1765 2564 2112 2645 πέμπεσθαι
2155 2563 2229 2622 de
2277 2558 2642 2639 navigatione.

1592 2652 1770 2709 Vides
1784 2651 1851 2709 in
1877 2649 1969 2708 his
1998 2658 2202 2727 poetae
2228 2658 2446 2707 artem:
2486 2660 2641 2724 prae-

1597 2738 1778 2796 struit
1800 2736 1956 2795 enim
1987 2744 2048 2793 et
2079 2742 2399 2814 praeparat
2424 2731 2528 2790 sibi
2552 2727 2642 2786 de-

1595 2843 1863 2882 scensum
1895 2820 2116 2901 partim
2157 2820 2235 2879 ad
2261 2824 2642 2898 tempestatem

1594 2908 1696 2968 lib.
1738 2908 2033 2966 [Iunonis
2076 2906 2288 2966 fraude
2337 2904 2642 2971 excitatam,

1594 2996 1816 3073 partim
1844 2992 1920 3052 ad
1952 2991 2195 3051 Didonis
2223 3010 2483 3064 amores,
2524 2984 2642 3063 qui-

1589 3081 1705 3139 ·bus
1733 3081 1882 3137 Iuno
1912 3078 2261 3157 impeditum
2281 3076 2531 3154 Aeneam
2558 3088 2641 3127 te-

1594 3166 1781 3225 tinere
1823 3166 1886 3223 in
1925 3164 2107 3242 Libya
2157 3162 2427 3234 volebat,
2485 3155 2641 3238 (Bene

1592 3250 1709 3309 hoc
1752 3250 2093 3309 observavit
2148 3249 2265 3306 iam
2311 3246 2640 3306 lloldswor-

1590 3334 1779 3418 thus.)
1827 3344 1887 3394 et
1928 3334 2006 3393 ad
2070 3334 2434 3395 incendium.
2467 3324 2640 3388 classis

1588 3423 1690 3482 lib.
1709 3423 1792 3498 ‘V,
1838 3421 1982 3485 604.

1676 3508 1795 3570 441
1832 3528 1918 3584 sq.
1963 3506 2133 3564 Conf.
2173 3505 2280 3563 inf.
2322 3503 2401 3564 VI
2439 3521 2522 3580 pr.
2552 3496 2637 3553 dl·

1587 3597 1755 3655 vinos
1783 3593 1953 3650 lacus
1974 3636 1992 3666 ‚
2041 3589 2377 3665 Avernum,
2431 3595 2497 3645 ut
2527 3592 2636 3641 sta-

1589 3680 1696 3738 tim
1725 3678 1931 3736 addit:
1975 3681 2241 3735 Averna.
2322 3676 2439 3734 Iam
2466 3672 2634 3729 Aver-

1585 3787 1669 3837 na
1707 3766 1986 3821 sonantia
2026 3764 2195 3820 silvis
2213 3807 2232 3836 ‚
2280 3776 2528 3841 pronum
2558 3757 2633 3809 882

1587 3854 1653 3912 in
1687 3852 1858 3908 sila-is
1883 3848 2226 3926 intelligere.
2315 3845 2428 3905 Sed
2454 3842 2522 3900 de
2545 3839 2624 3894 Ia‘

1587 3958 1699 4009 eu,
1787 3956 1909 3993 non
1966 3934 2040 3991 de
2101 3933 2376 4007 flumine,
2444 3926 2630 4004 agitur.

1587 4022 1613 4081 1
1622 4033 1796 4099 taque
1819 4019 2245 4098 accipiendum,
2271 4014 2525 4077 sonantia
2541 4007 2630 4067 sil-

1587 4127 1699 4168 vae
1741 4108 2022 4186 strepitu,
2080 4126 2195 4184 qua
2225 4103 2321 4163 ille
2341 4104 2495 4162 lacus
2520 4097 2627 4153 erat

1586 4194 1884 4268 inclusus;
1923 4190 2185 4250 namins.
2216 4190 2311 4265 Vl,
2356 4189 2475 4252 238
2508 4183 2626 4239 &10¹¹

1587 4284 1763 4358 nigro
1811 4298 2228 4357 nemorumque
2270 4272 2536 4339 cenchrim
2576 4267 2625 4360 ft

1585 4366 1673 4425 sic
1713 4364 1792 4427 Vl
1805 4408 1825 4442 ‚
1884 4362 2011 4429 704
2063 4363 2326 4443 virgulta
2377 4361 2624 4417 soncmlw
