2882 5028
581 425 1193 503 AENEIDO'S
1247 426 1456 502 LIB.
1506 419 2142 522 111,'‘549—-557
2331 431 2486 513 525

240 618 445 688 Tum
477 612 760 713 procul
805 638 848 688 e
880 610 1128 689 fluctu
1161 613 1560 689 Trinacria
1596 613 1945 689 cernitur
1973 618 2260 708 Aetna3

231 721 329 793 Et
349 719 741 814 gemitum
771 718 1179 815 ingentem
1211 718 1508 817 pelagi,
1551 716 2014 818 pulsataque
2051 743 2223 793 saxa
2329 723 2483 799 555

233 819 619 896 Audimus
653 820 930 918 longe,
984 818 1429 922 fractasque
1462 820 1559 895 ad
1597 820 1820 895 litora
1852 844 2132 914 voces3

231 923 794 1025 Exsultantque
825 923 1062 1020 vada,
1121 937 1358 1025 atque
1398 937 1619 1000 aestu
1648 925 2085 1000 miscentur
2127 948 2432 1006 arenae.

233 1076 347 1130 ritie
381 1080 705 1149 gutturalem
741 1080 1054 1146 accessisse,
1090 1097 1208 1132 nam
1235 1079 1290 1131 in
1312 1077 1575 1133 Mazochii
1608 1079 1822 1131 somniis
1857 1079 1922 1131 ad
1950 1079 2120 1133 Tabb.
2147 1077 2480 1137 Heracleeus.

233 1165 283 1215 p.
318 1149 420 1203 527
474 1166 626 1219 sqq„
673 1151 765 1202 ubi
815 1168 878 1202 ex
923 1151 1087 1202 Hebr.
1138 1151 1274 1215 Kol,
1322 1151 1390 1201 de
1439 1166 1571 1201 voce
1617 1145 1816 1201 tonitru
1866 1161 2108 1219 accepta,
2155 1150 2328 1211 ducit,
2374 1165 2483 1202 non

232 1219 526 1284 moramur.)
597 1222 674 1270 Ex
710 1221 876 1272 altera
923 1230 1098 1271 tamen
1148 1233 1299 1287 parte
1347 1217 1567 1289 primam
1611 1217 1843 1269 litteram
1893 1218 1947 1268 in
1996 1217 2255 1287 principio
2302 1236 2481 1270 versus

234 1288 479 1339 excidisse
520 1287 575 1339 iu
612 1305 716 1340 uno
753 1290 836 1340 vel
873 1289 1044 1341 altero
1081 1279 1282 1350 codice,
1316 1305 1420 1358 qno
1458 1287 1666 1340 Servius
1703 1288 1965 1351 utebatur,
2001 1305 2106 1338 uon
2139 1289 2307 1339 minus
2349 1305 2481 1356 pro-

232 1356 401 1408 babile
437 1367 539 1408 est.
612 1359 767 1421 Quod
816 1377 899 1428 ap.
940 1361 1122 1410 Horat.
1150 1361 1209 1417 ⁴11
1246 1360 1411 1409 Carm-
1450 1361 1502 1423 6,
1540 1359 1606 1411 18
1654 1356 1882 1409 occurrit
1931 1370 1987 1408 et
2038 1360 2244 1409 (unicus
2292 1358 2482 1409 Aulon

230 1427 422 1477 Fet-tili
455 1427 704 1489 Baccho,
756 1428 845 1478 ubi
881 1430 1002 1479 Vct.
1052 1427 1233 1479 Schol-
1282 1436 1514 1478 montem
1568 1444 1682 1477 esse
1731 1425 2002 1478 Calabriae
2053 1427 2155 1491 ait,
2201 1436 2256 1478 et
2302 1430 2480 1495 Intpp.

231 1495 437 1546 laudant
470 1495 734 1548 Martialis
769 1497 927 1549 illud:
963 1496 1180 1549 Nobilis
1214 1510 1269 1548 ee
1303 1497 1450 1547 lanis
1499 1508 1554 1547 et
1596 1495 1747 1566 felix
1794 1496 1999 1547 vitibus
2045 1497 2262 1560 Aulon,
2310 1496 2367 1546 id
2411 1496 2481 1547 ad

233 1565 566 1616 Tarentinum
605 1584 787 1632 agrum
810 1576 1053 1636 spectat,
1092 1582 1194 1617 uon
1245 1566 1312 1617 ad
1358 1565 1496 1616 huuc
1545 1566 1833 1616 Locrorum
1877 1565 2377 1634 Epizephyriorum,
2425 1575 2481 1616 ut

230 1632 324 1685 iam
357 1634 486 1686 satis
523 1635 672 1687 docti
705 1636 807 1687 viri
842 1637 1163 1700 docuerunt,
1210 1636 1451 1704 adeoque
1485 1633 1562 1685 nil
1605 1634 1775 1697 iuvat,
1838 1635 1978 1705 quod
2034 1635 2090 1686 h.
2136 1635 2175 1686 l.
2223 1636 2482 1687 Caulonis

235 1722 381 1755 arces
415 1704 468 1756 h.
507 1721 744 1756 eculeus
781 1705 862 1756 vel
900 1704 1315 1774 promontorium
1347 1715 1677 1756 memoratur.
1726 1703 1846 1755 eod.
1881 1721 1930 1755 v.
1967 1703 2321 1775 navq‘fragum
2336 1708 2478 1772 Scy-

175 1829 181 1834 .
234 1772 342 1823 lace
379 1793 445 1825 m.
482 1770 850 1828 Σκυλᾶκειον.
923 1775 1142 1825 Multum
1178 1775 1475 1826 aberratum
1512 1783 1594 1825 est
1638 1773 1692 1824 iu
1744 1772 1828 1824 his
1878 1774 2092 1826 vocibus
2142 1793 2172 1826 a
2221 1772 2477 1825 librariis:

233 1860 561 1965 ἰᾍῖἶῶἓὸῗ
582 1883 598 1907 ’
616 1843 1077 1964 ιῖἔζωῖὼῗεὲῖ
1093 1844 1482 1964 ἵζ”ἔξῖἑῖἶὲ
1529 1843 1934 1966 S‘Ji‘ffiffl
1967 1843 2371 1964 ἔὲἶῖξίῗωῖἐο.
2384 1844 2479 1962 3ἒῖ

234 1980 406 2033 llamb.
446 1932 612 2035 ’secet'
649 1952 907 2034 Trinc’zcia
955 1987 1101 2034 Serv.
1150 2001 1263 2051 sup.
1310 1983 1381 2034 ad
1428 1999 1479 2033 v.
1526 1982 1648 2037 384.
1718 1984 1966 2032 cernitur
2016 1983 2159 2033 hora
2216 1999 2314 2049 pro
2379 1999 2479 2034 ora

233 2050 502 2119 Bamburg.
538 2069 626 2122 pr.
664 2061 717 2103 et
750 2054 957 2116 Graev„
993 2051 1136 2122 quod
1184 2063 1240 2104 et
1284 2053 1360 2106 10.
1408 2051 1686 2105 Schrader.
1736 2050 1981 2103 malebat.
2016 2069 2063 2102 v.
2111 2053 2279 2103 Burm.
2326 2051 2477 2103 Leid.

234 2136 342 2170 eum
367 2122 576 2192 procul
590 2122 896 2174 —tollicur
929 2127 1144 2186 Aetna,
1182 2137 1288 2173 non
1322 2121 1477 2172 male.
1546 2121 1791 2172 Rottend.
1843 2129 1968 2171 tert.
2011 2124 2305 2174 Trinacria
2353 2141 2477 2173 cet*-

234 2189 393 2240 m'mr.
426 2196 673 2244 Aetnom
705 2195 780 2242 Et
853 2193 1071 2242 emitum
1097 2210 1158 2261 p.
1230 2191 1467 2259 (—555.
1504 2190 1762 2242 Ne'forte
1798 2190 2041 2259 scriptum
2076 2190 2228 2241 malis
2263 2193 2330 2243 In
2374 2209 2476 2242 en-

236 2267 330 2308 tem
358 2261 622 2330 gemitum
651 2280 731 2332 p..
764 2211 871 2311 νὶῇ.
908 2261 975 2323 Q.
1009 2261 1077 2311 V.
1112 2261 1372 2324 XXXIII,
1423 2263 1507 2315 10.
1560 2268 1692 2312 extr.
1750 2260 1892 2325 Wr.)
2046 2259 2150 2314 556
2196 2258 2265 2312 ab
2348 2264 2478 2314 'tore

235 2324 421 2394 aliquot
452 2328 661 2392 Heius„
695 2328 862 2380 miuus
896 2329 1050 2380 bene.
1121 2328 1208 2381 Sic
1256 2341 1427 2381 tamen
1474 2345 1680 2398 quoque
1725 2328 1918 2380 Medic.
1960 2346 1991 2380 a
2035 2345 2190 2380 manu
2225 2330 2476 2382 emenda-

233 2395 367 2448 triee.
404 2398 463 2466 (i.
498 2415 546 2450 e.
586 2417 621 2450 a
660 2416 811 2450 mauu
847 2415 982 2461 sec.;
1030 2417 1090 2450 ac
1124 2398 1441 2463 videndum,
1489 2416 1555 2449 ne
1591 2415 1650 2449 ea
1686 2397 1756 2448 sit
1802 2397 2027 2465 genuina
2074 2398 2264 2464 lectio,
2315 2399 2475 2451 modo

235 2461 404 2534 iungas
438 2465 508 2520 ab
543 2468 712 2521 litore
743 2469 1027 2534 audimus,
1078 2467 1114 2520 i.
1153 2485 1198 2520 e.
1233 2470 1432 2521 fractas
1469 2467 1538 2520 ad
1582 2466 1742 2519 litora
1799 2479 1853 2519 et
1902 2466 2059 2519 iude
2111 2486 2475 2537 repercussam

235 2537 406 2588 eodem
459 2538 660 2589 ducunt
709 2539 987 2591 Serviane:
1041 2557 1192 2603 „cum
1244 2540 1456 2621 fragore
1504 2537 1934 2589 venientes.“
2009 2539 2174 2601 Quam
2219 2539 2477 2591 rationem

235 2604 314 2673 qui
347 2622 450 2658 uon
484 2606 854 2677 perspiceret,
890 2606 1048 2659 facile
1084 2625 1148 2659 eo
1186 2608 1363 2660 delabi
1396 2618 1639 2678 poterat,
1697 2617 1756 2658 ut
1805 2608 1881 2659 ad
1928 2608 2099 2659 litora
2145 2607 2477 2669 scribendum

236 2674 559 2730 existimaret.
635 2677 695 2727 in
733 2677 895 2729 litore
929 2678 1308 2747 praescriptum
1345 2696 1429 2747 ap.
1467 2676 1729 2728 Donatum
1778 2675 2006 2727 invenio.
2077 2676 2319 2729 Ceterum
2371 2697 2478 2748 que

234 2741 373 2795 deest
405 2746 467 2796 Li
505 2765 549 2797 s.
587 2744 683 2798 alt.
726 2749 810 2801 W
803 2748 873 2816 r.)

234 2827 331 2865 uon
356 2766 550 2868 infelici
574 2815 751 2884 lapsu.

236 2918 342 2980 nia.
383 2920 502 2982 vid.
534 2921 819 2982 Strabon.
845 2922 942 2998 Vl,
979 2944 1036 3003 p.
1079 2927 1199 2989 261
1242 2923 1309 2983 B.

235 3003 469 3067 Pausan.
513 3007 617 3082 Vl,
665 3012 702 3072 3
745 3028 803 3087 p.
845 3007 972 3072 459
1020 3018 1080 3068 et
1113 3008 1309 3088 intpp.

1034 2747 1140 2804 557
1173 2747 1584 2817 Exsultantque
1617 2746 1763 2799 vado
1796 2755 1921 2800 tert.
1956 2746 2171 2798 Mentel.
2207 2765 2238 2801 a
2273 2765 2341 2800 m.
2374 2765 2477 2818 pr„

1393 2919 1518 3005 ctu)
1564 2919 1754 2981 Aetna
1782 2921 2013 2981 Siciliae
2045 2923 2303 2980 comitur
2325 2920 2388 2981 h.
2424 2941 2475 2982 e.

1394 3026 1473 3066 ex
1533 3007 1698 3067 sumo
1758 3015 1821 3066 et
1877 3008 1996 3087 igni
2064 3007 2477 3086 cognoscitur3
2501 3052 2518 3066 .

239 3090 307 3148 ad
333 3092 532 3173 steph.
562 3092 887 3171 Byzant.h.
905 3114 965 3153 v.
1023 3096 1310 3155 Serviana

237 3176 396 3254 plane
448 3179 774 3259 ineptiunt.
886 3179 1029 3238 Mox
1091 3182 1310 3258 Scyla-

241 3283 396 3321 ceum
418 3264 512 3324 vel
537 3266 884 3342 Scylaeium
902 3310 918 3339 ,
954 3266 1098 3325 olim
1127 3268 1307 3345 Scyl-

240 3347 425 3407 letium
446 3395 462 3425 ,
509 3351 574 3409 in
605 3360 987 3430 conspectum
1016 3352 1180 3412 venit
1197 3397 1214 3427 ‚
1243 3353 1307 3412 in

240 3430 510 3495 interiore
535 3436 708 3512 sinu,
750 3438 1149 3515 navfiagum
1176 3435 1239 3496 h.
1267 3439 1309 3498 l.

244 3516 455 3580 dictum
484 3521 614 3581 sive
649 3533 900 3602 propter
928 3525 1307 3603 scopulosum

194 3618 197 3619 ’
241 3601 397 3664 littus
423 3651 438 3682 ,
504 3609 585 3666 ad
626 3608 792 3685 quod
845 3609 992 3668 urbs
1033 3609 1133 3667 illa
1175 3610 1306 3684 sita,

246 3686 419 3768 (quod
463 3701 665 3751 tamen
713 3704 889 3771 negat
935 3714 1058 3753 esse
1105 3696 1307 3752 Susin-

244 3770 430 3858 hume)
466 3776 919 3838 Atheniensium
942 3779 1193 3853 colonia,
1225 3780 1310 3837 si-

245 3877 312 3917 ve
342 3873 579 3943 propter
607 3872 985 3944 tempestates
1012 3867 1167 3924 inter
1191 3865 1309 3924 tria

247 3951 635 4021 promontoria
662 3950 945 4031 Iapygum
983 3959 1045 4011 et
1087 3952 1308 4010 Cocin-

216 4082 229 4089 ,
247 4037 396 4110 tum,
428 4035 765 4113 frequentes
793 4045 854 4095 et
883 4048 1127 4116 graves.
1156 4036 1307 4096 Nam

248 4121 701 4193 promontorium
713 4122 1048 4203 Scylaeium
1064 4124 1311 4200 fntstra,

250 4211 384 4279 puto
405 4249 420 4280 ,
462 4208 719 4285 ponitur.

325 4288 687 4359 554—657.
732 4294 1068 4374 Scylaeium
1111 4294 1308 4355 sinum

249 4378 652 4448 praetervectis
706 4381 823 4439 iam
874 4400 906 4439 e
963 4379 1305 4461 longinquo,

252 4462 533 4538 umquam
563 4463 629 4525 in
654 4465 855 4527 medio
889 4465 1042 4527 mari
1086 4463 1143 4548 (e
1162 4467 1305 4547 flu·-

1394 3092 1641 3153 auditur
1680 3112 1917 3172 quoque
1959 3095 2158 3173 fragor
2184 3093 2366 3152 maris
2397 3091 2478 3151 ad
2505 3164 2510 3169 Φ

1393 3179 1670 3258 scopulos
1712 3180 1943 3258 Scyllae
2000 3178 2178 3254 allisi,
2239 3179 2478 3258 iamque

1395 3263 1575 3348 (557)
1624 3273 1872 3345 apparet
1916 3274 1978 3324 et
2016 3265 2203 3325 oculis
2250 3285 2476 3344 cogno-

1393 3351 1579 3411 scitur
1607 3351 1812 3429 ingens
1851 3353 2033 3410 maris
2080 3360 2311 3427 aestus,
2354 3371 2477 3429 quo

1394 3435 1743 3515 Charybdin
1817 3438 1882 3496 in
1957 3439 2298 3517 propinquo
2352 3457 2477 3496 esse

1389 3522 1672 3601 intelligit
1692 3522 1998 3583 Anchises.
2083 3524 2148 3582 ln
2179 3532 2310 3582 toto
2341 3524 2476 3582 lo'co

1393 3600 1534 3666 ante
1590 3608 1796 3667 oculos
1841 3608 2079 3687 Ulysses
2135 3609 2351 3688 Odyss.
2408 3635 2471 3689 μ,
2570 3677 2580 3689 ,

1393 3697 1515 3758 201
1551 3712 1678 3773 sqq.
1722 3692 1857 3768 sed,
1902 3703 1974 3753 ut
2002 3703 2165 3753 recte
2194 3693 2360 3757 haec,
2385 3702 2476 3753 te-

1391 3796 1568 3853 neas,
1613 3778 1997 3857 cogitandum
2045 3789 2167 3856 est,
2224 3780 2474 3859 legendo

1391 3863 1560 3922 littus
1585 3864 1875 3924 Troianos
1898 3865 2015 3924 iam
2059 3866 2136 3924 ad
2188 3866 2477 3926 interiora

1389 3949 1529 4009 freti
1585 3950 1765 4010 Siculi
1834 3952 2220 4031 pervenisse3
2286 3952 2370 4012 ibi
2419 3961 2477 4011 et

1391 4034 1588 4114 Scylla
1617 4045 1680 4097 et
1714 4036 2051 4117 Charybdis
2097 4036 2263 4097 haud
2304 4037 2477 4118 longe

1395 4122 1664 4183 aberant.
1761 4123 1938 4183 Nunc
1985 4122 2124 4184 vide
2194 4132 2476 4182 ornatum

1392 4208 1754 4269 verborum:
1797 4232 1955 4269 saxa
1985 4211 2241 4287 pulsata
2271 4208 2478 4269 flucti-

1390 4293 1525 4354 bus.
1611 4295 1757 4362 556.
1797 4295 2046 4375 fractas
2088 4315 2259 4353 voces
2277 4338 2295 4368 ,
2337 4312 2476 4353 ma-

1390 4381 1476 4440 ris
1530 4381 1862 4461 fragorem3
1918 4381 2024 4440 ins.
2070 4383 2194 4444 669
2249 4384 2477 4438 sonitus

1389 4469 1575 4559 focis.
1659 4467 1806 4535 557.
1861 4467 2029 4526 vada
2073 4464 2373 4525 exsultant
2410 4464 2474 4527 h.
