2882 5028
484 415 628 487 116

429 700 437 707 ι
478 601 648 674 Nos
680 655 702 687 ‚

988 411 1072 485 P.
1139 408 1677 485 VIRGILII
1735 406 2298 483 MARONIS

799 605 934 669 tua
1026 595 1494 695 progenie5‚
1590 591 1795 670 coeli
1874 591 2162 695 quibus
2245 588 2528 666 adnuis
2613 612 2735 662 ar-

1649 720 1851 792 cem,
2580 699 2738 771 250

471 799 818 878 Navibus
863 796 1353 896 (infandum)
1402 797 1737 896 amissis»,
1792 799 2028 876 unius
2074 796 2242 872 ob
2222 817 2419 870 lram

471 894 943 998 Prodimur‚
993 916 1232 1003 atque
1266 900 1478 979 Italis
1511 900 1751 1000 longe
1791 901 2316 999 disiungimur
2353 898 2532 976 oris».

473 1008 621 1082 Hic
709 1005 958 1081 ietatis
992 1005 1309 1084 honos?
1361 1006 1471 1080 sic
1506 1029 1656 1082 nos
1693 1006 1771 1080 in
1800 1018 2106 1106 sceptra
2138 1029 2227 1079 re
2290 1003 2465 1079 onis
2486 1010 2523 1079 ?

582 1110 657 1187 Ο
692 1107 745 1183 li
783 1108 1204 1186 subridens
1237 1108 1666 1185 hominum
1696 1122 1911 1185 sator
1941 1120 2177 1208 atque
2271 1130 2553 1183 eorum

611 1333 715 1388 251
752 1329 1001 1402 Infando
1029 1333 1339 1386 du.oBurm
1364 1332 1576 1386 etsiea

471 1398 707 1526 Ξέαπάξ
733 1418 886 1483 posui
835 1403 926 1453 uit.
965 1402 1256 1471 (etitacd.
1284 1404 1471 1455 Dresd.
1506 1403 1573 1454 ha

1615 1332 1686 1385 ud
1714 1330 1950 1386 Servium
1974 1330 2281 1402 legendum·
2314 1328 2605 1401 infandum
2629 1345 2736 1399 pro

1613 1413 1685 1455 ct.
1726 1402 1872 1470 Wr.)
1944 1405 2110 1454 antiss
2111 1405 2161 1454 is
2187 1400 2480 1482 infandum
2506 1398 2735 1451 Dux-vill.

612 1474 658 1523 D
696 1473 833 1522 bitat
858 1474 934 1522 Bu
904 1490 1044 1523 urma
1047 1491 1203 1537 unus,
1243 1490 1312 1525 an
1353 1491 1495 1543 aque
1535 1472 1606 1524 sit
1644 1472 1850 1524 acriben
1854 1472 1994 1523 dum.
2075 1473 2159 1525 Ve
2129 1489 2273 1523 erum
2315 1469 2416 1521 etsi
2452 1487 2617 1521 nous
2591 1469 2733 1521 scri-

474 1540 648 1606 bitur,
681 1539 948 1592 subintelli
931 1559 1018 1609 nge
989 1542 1175 1593 endum
1200 1552 1401 1594 tamen:
1443 1554 1609 1611 aeque
1578 1542 1709 1593 eab
1748 1541 1916 1593 Italis
1957 1560 2021 1594 or
1991 1543 2073 1593 ris
2112 1541 2358 1612 disiungi
2336 1559 2478 1591 :mut
2554 1539 2736 1589 inter-

472 1610 680 1662 iacente
651 1610 842 1661 emari
873 1621 929 1662 et
956 1610 1073 1663 aliis
1105 1610 1275 1663 terris.
1346 1631 1503 1663 arms
1475 1612 1604 1663 sLe
1606 1609 1677 1662 id.
1715 1627 1846 1662 uuus
1892 1620 1948 1662 et
1973 1610 2159 1662 Hamb.
2206 1629 2287 1679 pr.

1029 1681 1229 1736 253112
1258 1700 1321 1734 re
1317 1700 1436 1753 gna
1457 1698 1556 1750 pro
1580 1699 1690 1733 var.
1715 1679 1842 1733 lect.
1864 1681 2054 1732 Hamb.
2079 1697 2183 1732 sec.
2218 1689 2274 1730 et
2301 1679 2519 1731 Oudart.

475 1680 557 1746 (et
582 1680 701 1733 Alb.
746 1682 888 1748 W)

471 1875 590 1934 que
624 1856 923 1917 condiditz
967 1856 1219 1933 Aeneae,
1263 1857 1360 1917 cui
1398 1856 1558 1916 mul-

472 1950 543 2001 to
582 1941 808 2001 maiora
853 1951 1035 2021 atque
1078 1944 1279 2024 ipsum
1325 1943 1560 2002 coelum

471 2026 778 2107 pollicitus
809 2045 904 2103 es,
949 2048 1028 2087 ne
1068 2029 1283 2109 pedem
1316 2027 1559 2106 quidem

472 2113 539 2172 in
558 2111 730 2171 ltalia
754 2132 978 2192 ponere
1002 2115 1315 2192 contingit.
1346 2113 1514 2195 Wr.)

561 2199 803 2264 250-
826 2199 971 2263 253.
1082 2199 1561 2279 Argumentatur

471 2284 678 2344 Venus
703 2283 779 2342 ab
809 2283 1082 2364 exemplo
1108 2285 1300 2345 simili.
1342 2284 1559 2365 Magno

474 2380 679 2429 autem
702 2389 840 2428 cum
869 2369 1126 2430 artificio
1167 2391 1230 2431 se
1251 2372 1446 2471 ipsam
1474 2374 1561 2432 fa-

475 2455 562 2514 cit
588 2473 773 2514 unam
803 2473 880 2513 ex
910 2456 1203 2535 Troianis,
1249 2457 1352 2535 qui
1391 2457 1558 2518 iniu-

471 2540 626 2601 riam
659 2541 938 2603 tulerint.
981 2543 1146 2619 Nos,
1193 2556 1302 2603 tua
1330 2564 1559 2623 proge-

471 2631 623 2775 {⁸1²2}
658 2627 1558 2794 ffiffl'zssssffi‘fflz‘ss:

470 2807 612 2879 post
637 2808 891 2859 mortem
919 2799 1081 2861 inter
1110 2801 1253 2860 deos
1282 2801 1359 2860 iri
1396 2802 1558 2860 rela-

471 2893 626 2944 tum'.
680 2886 752 2944 cf.
803 2905 951 2945 mox
996 2906 1058 2947 ι.
1098 2888 1245 2953 259.
1332 2887 1559 2946 Callide

470 2978 537 3028 et
574 2970 864 3030 invidiose
892 2972 1073 3030 etiam
1103 2972 1233 3034 illax
1275 2976 1455 3032 unius
1480 2972 1558 3031 ob

471 3054 626 3114 iram
662 3074 743 3114 sc.
781 3056 1045 3131 lunonis,
1097 3067 1162 3116 et
1198 3058 1457 3117 navibus
1495 3079 1555 3117 a.

471 3159 587 3220 pro
628 3140 876 3200 navium
910 3150 1085 3221 parte
1125 3151 1188 3202 et
1215 3145 1553 3221 prodimur,

471 3245 583 3306 per
607 3225 849 3285 fraude·
876 3227 1218 3305 perdimur‚
1266 3249 1373 3308 per
1405 3228 1558 3288 insi-

472 3311 603 3370 dias
623 3310 869 3371 Iunonis
896 3313 1333 3373 calamitatibus
1363 3334 1558 3374 vexa-

471 3416 629 3457 mur.
725 3398 870 3462 253.
926 3400 1215 3474 Pietatis,
1270 3420 1386 3477 qua
1437 3399 1559 3459 Ae-

471 3502 617 3543 neas
643 3481 906 3561 insignis.
957 3482 1043 3543 At
1067 3483 1197 3564 ipsa
1220 3504 1390 3543 suam
1410 3504 1557 3565 per-

470 3588 682 3629 sonam
710 3568 1132 3649 interponens:
1175 3568 1327 3630 haec
1360 3571 1557 3650 pieta-

470 3655 553 3714 tis
594 3664 655 3715 et
696 3656 918 3714 amoris
961 3675 1099 3735 erga
1142 3664 1204 3715 te
1244 3657 1554 3736 praemia?

471 3744 539 3799 in
567 3753 822 3819 sceptra,
867 3741 935 3800 in
962 3742 1324 3821 promissum
1350 3743 1554 3802 ltaliae

470 3845 743 3905 reguum,
768 3846 908 3885 cum
937 3826 1200 3888 Troiano
1226 3829 1555 3907 exciderat,

470 3914 729 3989 reponis,
774 3932 887 3992 pro
911 3913 1162 3990 vulgari,
1193 3916 1481 3975 restituis.

557 3997 942 4064 254—296.
986 3999 1268 4077 Sequitur
1305 4001 1555 4061 nobilis-

470 4082 657 4142 simus
684 4082 868 4160 locus,
912 4085 975 4143 in
1002 4104 1121 4162 quo
1152 4086 1263 4144 sub
1287 4087 1555 4147 vaticinii

470 4169 699 4250 speeie,
759 4177 889 4229 arte
956 4190 1082 4229 non
1157 4171 1554 4273 improbabili,

469 4255 849 4335 explicantur
883 4256 1107 4316 Romae
1138 4256 1412 4337 origines,
1453 4260 1557 4318 in-

470 4350 775 4404 crementa
847 4341 1250 4423 splendorque
1318 4344 1554 4428 imperii

472 4425 743 4507 Augusti.

2320 1626 2567 1678 provar.
2603 1608 2734 1660 lect.

1729 1853 2119 1922 254—256.
2172 1854 2367 1915 Aliter
2404 1849 2556 1912 haec
2586 1851 2733 1913 vir-

1641 1941 1814 2022 gilius
1850 1940 2175 2015 adstruxit,
2218 1960 2398 2019 quam
2429 1939 2735 1999 Homerus

1643 2047 1782 2102 sua,
1829 2047 1967 2087 cum
2003 2025 2241 2085 Thetidi
2290 2034 2585 2086 annueret
2624 2025 2735 2084 lu-

1642 2114 1799 2194 piter
1825 2112 1994 2172 Iliad.
2025 2136 2082 2188 a,
2114 2114 2241 2177 517
2260 2132 2383 2191 sqq.
2416 2111 2479 2170 in
2509 2111 2734 2188 quibus

1643 2199 1802 2258 Iovis
1827 2199 2101 2258 maiestas
2129 2199 2456 2277 augustior.
2516 2195 2600 2254 At
2626 2194 2735 2255 hic

1642 2284 1893 2384 placidi,
1937 2284 2259 2365 μειλιχίον,
2313 2283 2472 2344 Iovis
2525 2283 2734 2341 suavis

1642 2391 1858 2450 m.1ago
1974 2369 2263 2429 Osculum
2322 2368 2572 2430 Veneris
2633 2367 2734 2428 ori

1641 2456 1997 2538 impressum
2030 2475 2107 2516 ex
2116 2454 2304 2516 Iliad.
2338 2478 2381 2532 ε,
2420 2459 2545 2521 372
2575 2450 2774 2535 poe-⁰

1641 2552 1742 2602 tae
1785 2542 1848 2603 in
1891 2552 2151 2602 mentem
2185 2541 2417 2600 venisse
2460 2541 2730 2618 videtur,

1641 2628 1748 2687 ubi
1791 2629 1977 2687 Dione
2020 2637 2211 2687 mater
2252 2628 2543 2687 Venerem
2592 2647 2731 2685 am-

1638 2713 1943 2795 plectitur.
2003 2713 2070 2772 In
2099 2713 2345 2792 singulis
2383 2722 2581 2773 tamen
2611 2712 2734 2772 ob-

1640 2819 1815 2859 serva
1842 2799 2136 2859 decorem.
2223 2800 2322 2861 Vs.
2348 2797 2473 2864 254
2502 2818 2731 2857 secun-

1641 2884 1788 2944 dum
1853 2886 2142 2945 Ennium:
2226 2884 2358 2944 Olli
2413 2885 2735 2963 respondet

1638 2992 1744 3030 res·
1771 2970 1965 3030 Albai
2003 2972 2221 3049 longai
2248 2979 2310 3030 et
2346 2970 2480 3030 alia.
2523 2970 2736 3029 subri-

1638 3056 1806 3132 dens,
1856 3053 2163 3138 μειδιόων.
2250 3056 2319 3116 In
2352 3078 2411 3117 v.
2439 3058 2564 3123 255
2597 3057 2732 3116 Eu-

1638 3142 1808 3202 nium
1862 3151 2000 3202 ante
2052 3142 2259 3201 oculos
2311 3143 2492 3202 fuisse
2543 3153 2733 3202 notat

1641 3228 1914 3289 Servius:
1959 3230 2194 3307 Iupiter
2219 3228 2321 3287 hic
2354 3232 2521 3300 ηἐἰω
2568 3244 2729 3287 tem-

1634 3326 2017 3393 pestalesque
2106 3334 2348 3373 somnae
2431 3316 2734 3374 Riserunt

1643 3420 1845 3457 onmes
1899 3402 2025 3458 risu
2068 3401 2235 3459 Iovia
2281 3404 2727 3478 omnipotentie.

1642 3485 1761 3544 Sed
1789 3484 2037 3560 Ennius,
2081 3494 2226 3545 utut
2246 3486 2442 3545 oratio
2469 3484 2733 3545 horrida

1639 3570 1736 3645 sit,
1780 3571 1973 3630 multo
2010 3570 2276 3631 vividius
2309 3592 2437 3631 rem
2470 3591 2731 3651 expres-

1639 3656 1749 3716 sit:
1792 3658 1980 3716 Ridet
2005 3659 2282 3735 Iupiter-,-
2312 3672 2371 3716 et
2392 3671 2731 3736 tempesta-

1638 3755 1725 3801 tes
1752 3743 2029 3802 anzklent.
2116 3741 2298 3823 Apud
2323 3743 2589 3803 Gudium
2616 3742 2733 3802 Iu-

1640 3848 1754 3888 scr.
1799 3849 1858 3909 p.
1887 3828 1958 3904 V,
1990 3848 2055 3890 n.
2079 3833 2117 3892 8
2162 3831 2304 3889 Iovi
2350 3829 2491 3907 Opt.
2532 3827 2722 3889 Max.

1639 3915 1977 3973 Ser-enaton‘
2008 3914 2245 3992 legitur.
2334 3914 2457 3994 (Ad
2489 3917 2732 3974 coelum

1638 4008 1702 4059 et
1723 4011 2131 4078 tempestatem
2159 4001 2394 4061 diversa
2428 3999 2601 4060 verbi
2623 4022 2732 4059 se—

1635 4108 1841 4145 renare
1870 4085 2205 4163 requiritm
2221 4086 2591 4177 significatio.
2621 4087 2731 4146 Si-

1636 4172 1797 4232 milia
1836 4173 2160 4250 zeugmatis
2213 4192 2430 4252 genera
2489 4171 2621 4231 vid.
2678 4173 2727 4247 I,

1637 4257 1783 4323 855.
1827 4257 2006 4318 Ovid.
2032 4259 2172 4318 Met.
2196 4259 2266 4334 11,
2290 4263 2437 4324 312„
2468 4267 2530 4317 et
2556 4258 2727 4338 apud

1639 4343 1900 4419 '1⁸1b.111,
1932 4348 1990 4420 3,
2013 4350 2116 4409 21.
2167 4342 2395 4425 Wch.)
2492 4344 2729 4404 Oscula

1638 4429 1827 4490 libm
1860 4439 2061 4511 potest
2089 4449 2231 4489 sane
2270 4450 2409 4491 cum
2431 4430 2729 4490 Salmasio
