2882 5028
486 346 641 420 718
1052 332 1955 414 EXCURSUS
2058 336 2145 412 11

491 528 657 609 quod
711 527 922 590 matris
982 547 1188 588 caussa
1228 527 1377 588 mari
1423 537 1760 589 emerserat.
1849 528 2023 587 Certe
2065 535 2127 586 et
2170 525 2294 586 aliis
2336 534 2419 584 est
2454 527 2673 585 ιαιαιία

494 616 706 676 Delos.
794 615 921 674 Iam
976 614 1041 673 in
1101 615 1283 674 sacris
1340 615 1489 674 nihil
1547 624 1635 673 est
1676 616 1981 691 augustius
2038 614 2214 672 choro
2235 657 2252 687 ,
2316 613 2416 689 qui
2457 612 2673 685 ducitu,

494 700 644 762 nihil
701 700 763 759 in
823 701 1014 780 poetis
1068 709 1402 760 memoratu
1467 700 1804 760 iucundius.
1906 703 2229 773 itwtaurac,
2294 719 2425 757 cum
2482 698 2677 768 dilectu,

493 783 977 866 quandoquidem
1001 795 1092 844 est
1118 807 1250 846 voc.
1282 807 1551 863 sacrum3
1594 786 1777 845 habet
1802 795 2007 844 autem
2037 785 2171 864 plus
2210 783 2517 863 dignitatis,
2551 779 2678 860 quod

493 872 616 951 ipse
677 868 824 931 deus
880 880 1053 953 parat
1110 870 1360 948 choros,
1418 892 1599 949 quam
1656 870 1874 931 choros
1929 872 1990 929 in
2049 872 2172 929 eius
2228 869 2508 930 honorem
2555 866 2677 926 duci.

496 955 679 1016 Chori
718 958 876 1016 inter
931 975 1058 1017 rem
1117 978 1346 1016 sacram
1390 958 1794 1016 instituuntur
1837 956 1913 1014 ab
1968 955 2070 1030 iis,
2125 956 2229 1034 qui
2273 976 2433 1015 sacra
2491 960 2678 1025 curant,

494 1043 716 1122 partim
776 1043 879 1120 qui
935 1043 1225 1121 primitias
1283 1045 1522 1120 frugum
1574 1043 1636 1102 in
1690 1043 1950 1102 insulam
1996 1051 2351 1122 apportant3
2405 1060 2462 1100 v.
2503 1039 2678 1098 Gallim.

495 1129 557 1187 in
605 1126 726 1186 Del.
769 1148 830 1187 v.
872 1132 997 1192 279
1027 1149 1182 1206 sqq.;
1224 1127 1335 1187 hos
1374 1129 1645 1207 designat
1685 1140 1864 1208 poeta
1904 1147 2012 1207 per
2062 1129 2294 1203 Cretes,
2358 1130 2600 1205 Dryopes
2637 1132 2680 1179 et

498 1213 894 1291 Agathytsos.
986 1214 1319 1294 Simplicius
1374 1214 1545 1273 Iones
1588 1222 2023 1273 memoraverat
2067 1214 2348 1292 Hymnus
2390 1210 2682 1271 Homericus

498 1299 562 1357 in
608 1298 796 1377 Apoll.
844 1298 967 1361 147
1004 1320 1088 1377 sq.
1176 1300 1346 1358 Facit
1388 1301 1561 1358 etiam
1607 1300 1913 1359 nominum
1959 1300 2286 1377 antiquitas
2340 1299 2415 1357 ad
2454 1298 2679 1355 maiorem

501 1384 777 1443 carminis
820 1383 1184 1461 dignitatem.
1276 1386 1469 1444 Cretes
1523 1385 1841 1444 memorari
1886 1384 2176 1444 videntur
2236 1383 2548 1443 secundum
2582 1380 2681 1458 Hy-

501 1490 708 1530 mnum
754 1469 1134 1529 Homericum
1180 1472 1245 1529 in
1301 1470 1495 1551 Apoll.
1540 1492 1599 1530 v.
1645 1473 1769 1534 388
1814 1490 1941 1549 sqq.
1993 1470 2115 1534 535
2161 1492 2314 1549 sqq„
2384 1469 2480 1529 ubi
2518 1464 2680 1546 Apollo

503 1556 665 1637 apud
713 1555 967 1635 Delphos
1023 1576 1330 1615 sacrorum
1387 1556 1693 1617 ministros
1748 1555 1858 1614 sibi
1916 1556 2191 1614 adsciscit
2246 1558 2538 1615 Cretenses
2582 1548 2681 1610 navi

503 1644 716 1722 Pylum
773 1650 1070 1719 petentes;
1134 1661 1309 1719 quem
1349 1642 1553 1702 locum
1609 1643 1781 1700 etiam
1826 1641 2099 1700 Tibullus
2141 1643 2391 1722 respicit
2433 1640 2522 1714 1V,
2575 1637 2677 1711 1,8

504 1737 565 1787 et
602 1732 661 1792 9.
746 1730 1055 1805 Dryopes,
1104 1727 1375 1786 Troianis
1406 1729 1768 1806 temporibus
1807 1725 2137 1785 Thessaliae
2180 1729 2343 1787 circa
2384 1724 2683 1805 Spercheum

503 1812 907 1887 habitatores,
966 1813 1104 1871 inde
1145 1813 1415 1872 Parnassi
1460 1813 1725 1888 accolae,
1784 1832 1901 1890 qua
1942 1813 2043 1871 ille
2086 1833 2303 1873 versus
2345 1813 2539 1872 Oetam
2574 1828 2682 1888 pro-

506 1900 728 1973 currit,
773 1917 840 1955 ea
883 1900 1153 1974 regione,
1210 1917 1361 1976 quae
1409 1899 1577 1957 Doris
1621 1898 1909 1977 appellata
1955 1907 2061 1957 est.
2151 1899 2243 1957 Ab
2288 1898 2532 1958 Hercule
2563 1897 2684 1955 suere

507 1985 692 2059 victi,
739 2003 873 2044 cum
916 1983 1016 2042 ille
1057 1983 1352 2043 Trachine
1395 1995 1755 2044 versaretur.
1842 1985 1959 2042 Res
1986 1985 2222 2064 copiose
2261 2006 2335 2044 ac
2358 1985 2567 2043 diverse
2593 1989 2685 2039 tra-

506 2080 671 2131 ctata
726 2088 849 2126 esse
891 2069 1135 2129 videtur
1177 2070 1401 2146 abiis,
1461 2071 1564 2148 qui
1622 2070 1934 2129 Heracleas
1994 2071 2437 2145 condiderunt;
2505 2069 2687 2127 diver-¹

508 2157 664 2216 enim
706 2154 865 2213 inter
909 2174 970 2212 se
1013 2165 1341 2215 narrantur
1382 2156 1543 2235 apud
1572 2157 1863 2215 Herodot.
1896 2156 2046 2232 VIII,
2092 2162 2195 2220 31.
2244 2162 2347 2220 73.
2403 2149 2690 2233 Apollodor-

509 2243 683 2317 11,f7.
714 2244 770 2300 7.
828 2240 1025 2299 Strab.
1057 2241 1206 2315 VIII,
1251 2262 1306 2319 p.
1335 2247 1458 2305 373
1491 2243 1553 2301 C.
1599 2243 1871 2321 Apollon.
1898 2241 1944 2313 I,
1995 2247 2155 2307 1213
2187 2263 2320 2321 sqq.
2365 2253 2424 2301 et
2452 2238 2618 2299 Schol.
2646 2242 2691 2291 et

509 2328 672 2386 alios.
716 2326 789 2387 cs.
821 2325 897 2383 ad
927 2327 1199 2405 Apollod.
1228 2328 1363 2386 Not.
1395 2348 1454 2406 p.
1495 2329 1621 2393 475
1659 2348 1746 2404 sq.
1833 2327 1952 2386 Sed
1983 2348 2060 2386 ex
2090 2327 2161 2386 iis
2205 2340 2394 2391 unum
2435 2337 2530 2401 est,
2567 2317 2693 2400 quod

508 2411 787 2490 Virgilius
823 2429 899 2468 ex
927 2420 1095 2490 parte
1132 2412 1431 2490 sequitur,
1479 2413 1639 2492 apud
1668 2414 1915 2472 Pausan.
1955 2412 2055 2487 IV,
2099 2412 2203 2487 34,
2248 2415 2509 2494 Dryopes
2545 2410 2693 2468 victo·

510 2499 586 2558 ab
643 2497 900 2556 Hercule
958 2496 1214 2578 Delphos
1271 2499 1561 2576 subcinctos
1622 2508 1684 2558 et
1750 2498 2011 2579 Apollini
2068 2497 2325 2560 devotos
2381 2500 2574 2572 fuisse,
2629 2492 2693 2573 τᾷ

506 2578 842 2650 Ἀπόλλωνι
885 2577 1004 2645 sivo}
1017 2592 1182 2663 θημα
1223 2581 1508 2664 ἤχθησαν
1548 2585 1609 2658 ἐς
1636 2580 1936 2659 Δελφούς.
2022 2585 2155 2644 Hoc
2181 2596 2243 2645 et
2270 2587 2503 2646 Servius
2529 2580 2693 2644 habet:

509 2675 609 2732 Ha·
639 2670 897 2747 populi,
979 2669 1057 2728 ab
1098 2672 1361 2728 Hercule
1417 2674 1563 2729 vicli
1587 2715 1605 2743 ,
1675 2672 1953 2747 Apollini
2008 2672 2226 2729 donati
2277 2694 2396 2730 esse
2447 2673 2689 2728 dabuntur-

517 2760 604 2817 Ex
649 2755 743 2814 dei
799 2765 1001 2813 tamen
1054 2774 1339 2833 responso
1403 2756 1478 2814 ab
1538 2756 1799 2815 Hercule
1858 2756 1924 2814 in
1978 2757 2449 2835 Peloponnesum
2502 2744 2694 2813 deducti

511 2843 772 2924 primum
821 2841 1036 2899 Asinen
1072 2839 1398 2919 Argolidis,
1450 2862 1595 2900 mox
1635 2841 1855 2901 Asinen
1896 2841 2218 2901 Messeniae
2261 2846 2617 2922 occuparunt,
2648 2839 2696 2890 el

514 2928 775 3009 Apollini
819 2948 889 2985 ac
931 2927 1154 3006 Dryopi
1200 2926 1488 3006 Apollinis
1536 2929 1573 2986 s.
1620 2928 1837 3006 templa
1883 2928 2164 2986 dicarunt
2200 2930 2415 3007 insigni
2453 2924 2694 3002 religione-

512 3015 770 3078 Videtur
809 3013 990 3090 igitur
1033 3013 1109 3071 ab
1157 3012 1354 3090 aliquo
1399 3022 1573 3092 poeta
1625 3014 1916 3072 traditum
1961 3014 2120 3072 forte
2165 3023 2228 3073 et
2271 3014 2417 3089 hoc,
2469 3007 2695 3071 mansisse

514 3099 676 3180 apud
721 3097 977 3177 Delphos
1018 3098 1288 3177 Dryopes
1330 3099 1653 3157 nonnullos
1692 3101 1854 3158 inter
1902 3117 2036 3173 eos,
2084 3100 2187 3176 qui
2243 3120 2407 3159 sacra
2447 3097 2694 3159 curarent»

513 3195 584 3246 ut
639 3183 821 3243 modo
881 3183 955 3240 de
1014 3184 1390 3242 Cretensibus
1445 3184 1726 3250 vidimus.
1825 3185 2124 3243 Traduxit
2178 3196 2380 3246 autem
2434 3194 2489 3242 et
2526 3181 2617 3241 hos
2650 3181 2695 3231 et

513 3273 648 3332 illos
692 3269 769 3326 ad
815 3269 1024 3326 Delum
1067 3288 1233 3328 suam
1277 3280 1456 3348 poeta
1499 3271 1701 3348 paullo
1747 3270 2038 3329 licentius.
2123 3270 2204 3330 At
2250 3271 2565 3350 Agathyrsi
2584 3280 2696 3342 pro·

514 3358 644 3436 prie
688 3355 897 3412 Delum
946 3362 1236 3430 spectant.
1321 3355 1469 3422 Nam
1512 3359 1602 3414 uti
1644 3354 2039 3414 Callimachus
2061 3354 2428 3436 Arimaspos,
2463 3356 2540 3412 ita
2568 3350 2696 3408 Μίΐθ

517 3439 880 3521 Agathyrsos
922 3459 1033 3517 pro
1084 3440 1482 3517 Iiyperboreaeis
1524 3442 1753 3520 posuit,
1806 3462 2070 3519 quorum
2114 3447 2347 3521 θεωρία
2400 3460 2497 3500 seu
2534 3432 2694 3513 legatio
2804 3479 2807 3488 .

515 3547 683 3586 sacra
728 3525 807 3582 ad
851 3524 1044 3582 Delios
1085 3544 1181 3583 res
1244 3535 1335 3584 est
1377 3526 1519 3584 satis
1563 3537 1726 3587 nota.
1815 3528 1963 3587 Vide
2018 3527 2114 3586 vel
2172 3528 2412 3586 Gesner-i
2465 3520 2693 3583 praelect-

516 3613 569 3673 Π
613 3612 688 3672 de
732 3609 990 3687 navigat.
1048 3621 1222 3669 extra
1280 3612 1497 3671 colum.
1541 3613 1715 3672 Herc.
1775 3622 1837 3671 et
1876 3613 1989 3671 loc.
2034 3613 2197 3672 class.
2245 3613 2461 3672 Gallim.
2501 3610 2553 3667 in
2600 3598 2691 3661 Del-

516 3701 636 3763 281
698 3715 824 3772 sqq.
913 3694 1008 3753 Ad
1062 3695 1409 3774 Scythicum
1468 3717 1685 3757 nomen
1739 3699 1951 3757 retulit
2008 3698 2422 3777 Hyperboreos
2472 3688 2692 3770 Virgilii„

518 3802 657 3841 cum
698 3778 1056 3839 Callimacho
1117 3790 1179 3839 et
1221 3782 1380 3857 aliis,
1438 3784 1549 3842 etsi
1609 3805 1641 3841 a
1698 3784 2064 3842 Graecorum
2107 3785 2185 3843 ad
2224 3780 2615 3864 Borysthenem
2648 3777 2691 3827 d

518 3867 766 3925 Tanaim
809 3865 1053 3925 coloniis
1095 3869 1363 3948 θεωρίας
1402 3868 1547 3927 istas
1590 3872 1820 3929 venisse
1862 3870 2168 3949 probabile
2209 3872 2303 3930 sit.
2358 3869 2574 3927 Allan'a
2601 3861 2689 3917 cir·

517 3974 657 4013 cum.
700 3960 842 4010 sunt
889 3950 1061 4010 chori
1121 3948 1395 4025 κύκλιοι,
1455 3954 1530 4012 de
1590 3956 1804 4033 quibus
1859 3976 1919 4015 v.
1966 3956 2162 4036 Intpp.
2223 3957 2304 4020 ad,
2342 3952 2545 4013 Gallim.
2581 3944 2613 4003 l·
2650 3958 2688 3997 ⁶·

516 4058 578 4099 v.
623 4041 768 4102 313.
854 4035 994 4113 περὶ
1044 4036 1253 4118 βωμὸν
1311 4039 1493 4098 etiam
1549 4040 1825 4119 Apollon.
1878 4041 1918 4099 l.
1977 4061 2027 4100 c.
2084 4042 2187 4101 lib.
2248 4043 2271 4100 I
2286 4088 2302 4117 ,
2355 4040 2485 4105 538.
2557 4031 2689 4102 Q⁸¹⁰⁸

518 4123 761 4183 Servius
791 4141 866 4181 ex
891 4121 1126 4182 Melisso
1146 4126 1551 4184 Grammatico
1568 4126 1854 4186 Achahas
1884 4136 2194 4202 memorat,
2225 4120 2451 4208 Ἀβίους
2476 4111 2685 4178 ‘md'-

520 4209 739 4270 Versus
788 4206 927 4272 147.
980 4207 1117 4271 148.
1167 4207 1287 4272 149
1337 4209 1610 4289 inprimis
1662 4212 1862 4271 ornati
1923 4212 1999 4271 de
2042 4233 2262 4272 corona
2316 4212 2520 4280 huten,
2565 4196 2685 4257 Vim

414 4328 420 4334 -
518 4313 702 4354 aurea
744 4301 802 4351 et
845 4291 1146 4372 pharetra.
1230 4293 1562 4373 Argutatur
1603 4305 1665 4355 et
1705 4298 1772 4356 iu
1813 4295 1870 4355 h.
1928 4298 1968 4357 l.
2012 4300 2294 4378 Spencius
2332 4293 2466 4355 Dial.
2503 4284 2608 4348 v111
2637 4286 2685 4335 ΙΙ

516 4389 758 4459 poetam
799 4378 983 4439 modo
1026 4378 1105 4439 ad
1147 4378 1437 4460 Apollinis
1492 4383 1848 4443 Vaticanum
1900 4387 2131 4462 signnm
2186 4381 2359 4446 modo
2407 4376 2476 4437 ad
2518 4374 2681 4445 ΑΨ
