2882 5028
465 353 566 424 46
844 341 1181 434 DISQU.
1236 341 1311 414 11
1360 342 1498 416 DE
1549 339 1923 417 RERUM
1973 341 2082 416 IN
2135 338 2338 417 AEN
2462 372 2465 375 “

461 529 851 631 Lycophr.
922 535 1120 611 1250
1180 554 1353 631 sqq.
1416 528 1605 625 (ubi
1650 526 1861 604 male
1926 530 2245 631 πύργους
2318 523 2787 630 tocnitona*

466 638 841 733 iungunt,
907 634 1064 708 iam
1126 633 1316 708 inde
1368 658 1408 707 a
1472 632 1946 724 Scholiaste;
2023 632 2166 709 sed
2215 657 2364 733 per
2409 630 2762 734 πύργους

470 739 757 839 exponi
807 750 997 837 puta
1049 739 1326 837 χώραν,
1381 749 1463 811 et
1510 739 1916 839 τριάκοντ’,
1971 737 2469 837 ἐξαριθμήσας
2508 735 2762 833 γοναῖς

467 842 571 919 ad
617 866 847 917 suem
898 853 1310 941 spectare).
1417 843 1640 915 Inter
1693 852 1953 916 cetera
2017 852 2292 914 tamen
2353 839 2756 914 omnium

466 945 810 1021 maxime
866 944 1218 1020 notabile
1257 941 1575 1041 videtur
1615 943 1848 1034 illud,
1924 940 2145 1044 quod
2195 943 2474 1019 Graeci
2532 942 2758 1016 scri-

467 1063 742 1151 ptores
784 1048 1094 1124 dudum
1135 1061 1318 1122 ante
1357 1048 1686 1144 Augusti
1718 1061 2086 1148 tempora
2128 1047 2518 1144 originem
2556 1046 2758 1122 Ro·

468 1176 896 1228 manorum
958 1177 998 1226 a
1050 1152 1414 1226 Troianis
1458 1156 1894 1251 Aeneaque
1941 1149 2378 1247 duxerunt,
2448 1162 2528 1224 et
2574 1150 2749 1223 im-

468 1257 786 1358 perium
822 1255 1035 1332 orbis
1063 1268 1455 1331 terrarum
1500 1277 1593 1328 ex
1628 1254 2075 1329 Homericis
2106 1253 2209 1329 de
2245 1259 2514 1329 Aenea
2543 1277 2759 1327 ver-
2801 1325 2821 1329 -

470 1360 686 1436 sibus
749 1358 850 1434 ad
927 1383 1066 1434 eos
1145 1356 1750 1450 transtulerunt3
1827 1357 1983 1435 vid.
2065 1360 2356 1448 Conon
2427 1362 2757 1436 Narrat.

470 1472 574 1544 46
623 1476 703 1538 et
759 1462 1119 1563 inprimis
1163 1460 1644 1560 Lycophron
1697 1487 1765 1540 v.
1819 1471 2018 1542 1226
2067 1486 2238 1562 sqq.
2343 1464 2759 1561 Appone-

470 1592 649 1642 rem
687 1564 897 1659 loca,
953 1566 1101 1641 nisi
1133 1565 1498 1640 brevitati
1541 1564 1991 1657 studerem3
2048 1567 2196 1640 erit
2236 1565 2472 1639 etiam
2514 1587 2759 1638 non-—

471 1669 687 1747 nulla
733 1694 825 1744 ex
869 1669 991 1743 his
1032 1667 1568 1769 persequendi
1619 1662 2131 1744 commodior
2175 1666 2423 1764 locuS,
2479 1687 2758 1767 quan-

475 1775 583 1850 do
633 1772 733 1848 de
784 1772 1104 1871 singulis
1147 1786 1437 1870 agetur.
1543 1776 1683 1848 Est
1727 1774 1944 1849 enim
1993 1771 2225 1847 nobis
2266 1769 2428 1846 hoc
2486 1771 2756 1871 inpri-

473 1870 626 1952 mis
668 1878 1210 1977 propositum,
1260 1890 1354 1951 ut
1398 1875 1751 1973 vestigia,
1811 1878 2051 1951 etiam
2098 1874 2474 1969 obscura,
2517 1887 2759 1951 vete-

472 1982 580 2055 ris
643 1979 1018 2054 historiae
1078 2004 1699 2078 persequamur,
1788 1980 2075 2081 quibus
2135 1979 2500 2053 institisse
2556 1978 2760 2071 ubi-

476 2107 638 2186 que
686 2096 926 2183 poeta
967 2082 1218 2158 videri
1269 2094 1556 2183 potest.
1637 2088 1803 2160 Nec
1852 2084 2070 2157 enim
2107 2082 2240 2158 ille
2281 2078 2509 2156 facile
2556 2083 2760 2159 sine

474 2198 797 2263 auctore
859 2185 1234 2288 loquitur.
1342 2183 1599 2260 Simul
1657 2185 2210 2262 adolescentes
2270 2183 2758 2284 exemplum

354 2386 359 2391 Ι
471 2302 784 2366 mature
828 2289 1126 2365 habere
1179 2290 1579 2388 cupimuS,
1635 2313 1825 2365 nam
1867 2288 2310 2391 praeceptis
2351 2288 2552 2362 haec
2603 2315 2761 2366 res

472 2418 644 2471 non
693 2391 926 2469 facile
977 2392 1330 2492 expediri
1386 2405 1688 2493 potest,
1756 2418 1920 2494 quo
1963 2392 2331 2490 consilio,
2399 2417 2556 2494 qua
2603 2417 2756 2470 ra-

472 2499 719 2590 tione,
776 2521 863 2573 ac
910 2521 1073 2597 quo
1118 2495 1383 2572 studio
1432 2497 1515 2571 in
1557 2497 2141 2573 narrationibus
2179 2495 2545 2594 mythicis
2594 2522 2759 2574 co·-

474 2599 951 2700 gnoscendis
999 2600 1480 2676 versandum
1524 2601 1640 2679 sit.
1719 2601 1931 2678 Nihil
1986 2600 2205 2676 enim
2246 2600 2457 2676 aliud
2493 2623 2759 2698 agere

473 2703 721 2800 velle,
793 2729 1034 2806 quam
1087 2727 1575 2801 cognoscere
1617 2728 1706 2778 ac
1774 2727 2164 2804 quaerere
2210 2715 2291 2779 et
2344 2705 2427 2779 in
2470 2729 2762 2783 unum

475 2807 749 2885 locum
792 2830 1271 2911 congerere,
1326 2807 1520 2908 quid
1572 2805 1701 2882 hic
1742 2807 1881 2902 vel,
1907 2807 2038 2884 ille
2082 2820 2164 2883 et
2212 2809 2557 2884 sexcenti
2609 2810 2759 2888 alii
2845 2873 2850 2878 .

477 2911 764 2988 eadem
826 2912 907 2986 in
967 2936 1056 2987 re
1116 2911 1622 3003 tradiderint,
1709 2911 2197 3004 censuerint,
2280 2910 2762 2990 somniave-

472 3017 677 3111 rint,
740 3013 902 3089 hoc
949 3027 1106 3107 est,
1180 3039 1425 3114 opera
1476 3027 1556 3089 et
1610 3016 1804 3091 otio¹
1832 3016 2067 3092 abuti.
2174 3019 2471 3093 Contra
2515 3016 2763 3094 utili-

473 3119 652 3194 tatis
725 3116 838 3192 illi
891 3116 1157 3192 studio
1210 3129 1292 3192 et
1343 3115 1780 3194 honestatis
1842 3120 2048 3194 in'est
2110 3119 2599 3220 plurimum,
2681 3125 2759 3199 si

472 3219 730 3296 modo
802 3232 1117 3296 veteres
1189 3219 1553 3304 historias
1619 3222 2284 3324 populorumque
2361 3225 2759 3322 origineS,

473 3323 731 3401 modo
806 3323 1253 3425 priscorum
1311 3321 1743 3401 hominum
1803 3351 2075 3404 mores
2140 3352 2231 3403 ac
2296 3328 2536 3403 vitam
2598 3330 2759 3406 vel

475 3451 941 3505 sermonem
993 3424 1123 3504 vel
1164 3426 1630 3525 relig-iones,
1679 3431 1936 3507 modo
1976 3444 2398 3532 poetarum
2449 3432 2763 3508 inven-

474 3545 595 3628 ta,
645 3531 1055 3626 notiones,
1119 3532 1586 3627 sententias,
1652 3533 2269 3633 inde‘illustreS,
2340 3534 2763 3612 addiscas-

478 3659 638 3737 que
692 3658 897 3736 quae
943 3633 1089 3728 illi,
1146 3658 1349 3735 quos
1395 3634 1630 3711 nobis
1666 3633 1990 3715 fortuna
2031 3640 2397 3732 servavit,
2453 3662 2548 3714 ex
2592 3664 2760 3716 an-

476 3737 953 3840 tiquioribus
998 3739 1258 3838 poetis
1329 3737 1774 3836 hauserint,
1851 3755 2034 3818 ante
2084 3742 2364 3818 oculos
2422 3741 2760 3822 habue-

476 3843 674 3939 rint,
743 3841 1164 3943 quomodo
1220 3841 1351 3917 illa
1408 3844 1911 3942 variaverint,
1983 3846 2478 3944 ornaverint,
2533 3849 2759 3947 quid

476 3947 559 4021 in
611 3969 931 4047 quaque
994 3970 1124 4042 re,
1196 3946 1279 4019 in
1327 3967 1658 4048 quoque
1721 3948 2087 4048 consiliu,
2158 3949 2382 4050 quod
2438 3974 2756 4051 seque-

477 4062 797 4145 rentur,
850 4050 1410 4148 spectaverint;
1466 4064 1718 4151 utque
1766 4052 1863 4127 ab
1907 4053 2267 4151 ingenuis
2307 4066 2754 4154 poetarum

479 4149 764 4227 sabulis
823 4150 1282 4251 ineptailla
1324 4156 2068 4255 grammaticorum,
2136 4156 2754 4238 monachorum

479 4268 562 4330 et
638 4255 1203 4354 interpretum,
1286 4271 1745 4333 commenta
1817 4259 2237 4357 diligenter
2310 4260 2754 4346 discernas,

479 4357 731 4436 Simili
773 4356 1039 4434 studio
1096 4358 1579 4437 versandum
1635 4361 1786 4438 sibi
1839 4386 2013 4440 esse
2072 4376 2403 4440 teneant
2456 4365 2784 4446 adole-.
