2882 5028
574 364 1212 444 AENEmos
1267 366 1478 444 Lm.
1541 367 1675 464 lv,
1736 376 1796 445 1.
1850 379 1919 449 a

2216 376 2368 453 593

164 601 290 725 At
318 652 575 749 regina
608 650 822 748 gravi
860 650 1018 726 iam
1054 649 1364 729 dudum
1397 654 1654 729 saucia
1688 677 1873 730 cura
1998 742 2017 760 Ι

165 749 436 831 Volnus
472 754 605 830 alit
636 754 892 851 veni3‚
949 767 1030 831 et
1058 779 1294 833 caeco
1330 756 1676 857 carpitur
1700 757 1879 856 igni.

280 939 306 990 1
337 940 424 991 Ad
444 941 595 993 multi
611 981 627 1008 ,
661 950 720 994 nt
744 943 859 994 fere
885 942 1016 996 alias
1040 942 1284 996 variatur.
1330 961 1380 996 v.
1403 942 1542 995 Pier.
1568 943 1624 998 h.
1651 943 1690 995 1.
1735 953 1791 995 et
1814 946 2087 997 Burmann.
2156 945 2364 998 iauda-

162 1005 267 1056 dum
291 1007 468 1064 Medic.
538 1013 642 1080 (-
672 1015 725 1067 2.
759 1014 882 1084 igni
905 1030 972 1065 an
999 1016 1132 1085 igne
1174 1013 1230 1066 in
1266 1014 1452 1082 fragm.
1485 1016 1608 1069 Vnt.
1635 1012 1876 1084 legatur,
1920 1014 2125 1067 dubitat
2159 1015 2361 1069 Bottar.

166 1077 287 1142 πῆ.)

158 1213 395 1277 Subsidit
418 1227 623 1279 tamen
669 1219 796 1299 ira,
848 1221 898 1282 si
935 1224 1198 1286 satorum

159 1305 528 1364 necessitatem
545 1351 565 1382 ,
622 1307 921 1367 vaticiniis
965 1318 1029 1368 et
1061 1328 1203 1368 ora-

157 1386 279 1445 culis
326 1388 556 1449 Aeneae
614 1391 759 1450 satis
816 1392 1201 1470 declaratam,

157 1472 362 1550 cogitas.
422 1477 542 1536 Sed
577 1479 819 1537 omnino
859 1498 954 1538 res
980 1480 1202 1538 nostris

155 1559 386 1619 moribus
413 1582 484 1620 ac
507 1563 778 1622 sensibus
814 1584 938 1623 non
985 1574 1074 1624 est
1099 1565 1201 1624 iu-

156 1639 404 1723 dicands3
461 1649 530 1707 et'
569 1666 650 1706 ex
693 1650 996 1709 veteribus
1041 1651 1201 1711 vitae

156 1724 414 1791 institutis
437 1731 662 1794 multas
677 1737 1090 1795 excusationes
1104 1755 1200 1795 res

151 1809 408 1896 habebat,
477 1821 527 1877 si
589 1820 837 1878 amicam
885 1821 1199 1881 desereres.

152 1895 330 1971 Quid?
391 1904 565 1982 quod
614 1905 900 1968 maiorem
930 1901 1018 1965 'ex
1070 1907 1201 1986 ipsa

150 1982 349 2046 Aeneae
371 1989 744 2050 truchlentia
782 2000 844 2050 et
884 1993 1201 2072 asperitate

151 2067 470 2148 dignitatem
525 2093 768 2135 carmen
826 2076 1050 2154 duxit3
1138 2087 1201 2138 et

148 2153 367 2219 deorum
392 2162 747 2238 voluntate,
789 2161 1054 2222 fatorum
1088 2183 1199 2223 or-

147 2239 279 2320 dine,
319 2246 447 2326 ipsa
477 2251 543 2306 in
578 2247 808 2307 Didone
836 2248 1054 2307 amoris
1078 2249 1198 2308 im-

143 2333 410 2408 potentia,
456 2343 518 2393 et
545 2333 710 2392 facta
736 2333 800 2392 in
843 2352 980 2392 eum
1015 2333 1196 2394 finem

143 2411 345 2474 Aeneae
376 2419 655 2478 oratione
676 2439 734 2480 v.
759 2421 888 2486 832
904 2438 1030 2497 sqq.
1061 2420 1210 2484 cul-.

141 2516 206 2576 ps
234 2501 351 2561 eius
380 2505 678 2565 elevatur.
762 2503 1045 2583 Dignitati
1081 2505 1199 2565 he-

141 2585 240 2645 rois
264 2590 353 2648 sui
383 2601 566 2670 poeta
595 2589 863 2670 providit
904 2592 1085 2650 etiam
1129 2593 1198 2651 in

143 2666 265 2746 hoc,
314 2676 478 2753 quod
492 2721 512 2755 ,
573 2696 696 2755 quo
751 2677 969 2736 amoris
1027 2687 1197 2737 aestu

139 2752 218 2814 ille
249 2761 458 2821 arserit
473 2807 493 2839 ,
551 2781 855 2840 nusquam
882 2772 1194 2839 memorat,

142 2844 233 2901 eui
270 2845 318 2903 is
356 2857 573 2907 tantus
620 2866 746 2905 esse
799 2847 1039 2924 debuit,
1124 2858 1199 2909 ut

143 2925 341 2991 Aeneas
377 2953 622 2994 omnem
671 2931 747 2990 de
782 2943 1117 2993 monstrata
1163 2955 1198 2993 a

141 3011 254 3073 satis
282 3018 345 3076 in
377 3019 551 3078 Italia
597 3018 739 3076 sede
782 3019 1200 3097 cogitationem

142 3099 316 3161 animo
348 3104 700 3164 dimitteret.
743 3103 1022 3165 Dolorem
1051 3125 1199 3166 vero

141 3202 198 3242 ae
221 3187 674 3251 sollicitudinem
717 3209 898 3269 super
940 3191 1201 3252 discessu

142 3287 231 3330 mo
284 3294 350 3333 ac
392 3276 650 3339 discidio
708 3276 909 3356 paullo
953 3276 1201 3336 liberius

140 3360 467 3423 manifestat.
573 3360 728 3422 Vide
786 3382 847 3422 v.
893 3364 1017 3426 279
1070 3381 1196 3442 sqq.

143 3443 245 3506 893
271 3467 392 3525 sqq.
432 3448 564 3512 448
593 3467 723 3525 sqq.
808 3447 886 3505 Et
910 3447 1036 3526 ipse
1071 3448 1199 3507 dis-

141 3530 309 3590 oes‘sus
327 3553 449 3592 non
481 3533 664 3592 nimis
690 3533 1069 3609 acceleratus,
1087 3553 1201 3593 nec

140 3612 234 3672 nisi
257 3637 409 3678 novo
424 3618 712 3678 Mercurii
738 3618 975 3677 monitu
1003 3620 1197 3679 sactus

140 3713 190 3759 v.
222 3702 336 3767 554
373 3725 522 3783 sqq„
568 3704 817 3763 tacitam
851 3704 1199 3765 reluctantis

142 3783 354 3847 affectus
369 3789 559 3848 habet
576 3789 1081 3868 significationem.
1125 3790 1197 3850 In

141 3885 244 3945 quo
270 3892 408 3935 vero
437 3895 738 3934 summam
771 3885 962 3935 artem
994 3876 1195 3935 decla-

139 3957 282 4016 ravit
323 3971 534 4040 poeta,
592 3969 717 4037 est,
775 3961 939 4038 quod
996 3962 1196 4042 episo-

142 4037 289 4101 dium
308 4045 454 4124 hoc,
499 4064 616 4126 per
652 4066 712 4107 se
756 4048 1019 4105 alienum
1046 4068 1078 4105 a
1107 4067 1195 4123 re,

139 4134 200 4183 ut
255 4133 421 4192 multi
477 4132 635 4191 adeo
688 4133 998 4210 conquesti
1055 4133 1195 4209 sint,

137 4208 274 4272 iun-d
300 4217 374 4275 ad
396 4219 668 4277 animum
698 4218 772 4278 ab
798 4218 1044 4278 Aeneae
1053 4237 1198 4298 per-

137 4312 266 4358 sons
288 4320 357 4361 ac
397 4303 585 4363 rebus
626 4304 896 4381 gerendis
937 4324 1200 4364 avocan-

140 4379 267 4444 dum
300 4388 516 4465 valere,
562 4407 703 4447 cum
730 4389 975 4449 consilio
997 4409 1109 4450 suo
1137 4397 1202 4449 et

231 4484 543 4605 Vnica..
595 4489 806 4567 Tou.
857 4489 953 4566 II.

1286 1242 1423 1283 cum
1458 1223 1588 1303 ipso
1630 1233 1983 1303 argumento
2029 1234 2157 1284 tam
2201 1233 2363 1286 arcte

1285 1309 1755 1388 coagmentavit,
1792 1305 1867 1369 ut
1903 1311 2148 1370 lunonis
2191 1312 2362 1371 frau-

1287 1393 1391 1452 des
1437 1414 1509 1453 ac
1560 1394 1804 1453 consilia
1857 1394 2106 1455 actionis
2144 1396 2360 1476 epicae,

1286 1478 1451 1557 quod
1483 1478 1685 1555 aiunt,
1728 1498 1958 1540 novum
2001 1480 2231 1540 nodum
2265 1483 2360 1542 sa-

1285 1565 1463 1640 ciant,
1505 1573 1713 1643 utque,
1767 1584 1845 1624 ne
1884 1567 2261 1647 interruptus
2298 1577 2362 1628 et

1286 1651 1531 1711 omnino
1584 1650 1951 1730 interceptus
2009 1653 2239 1711 Aeneae
2295 1653 2361 1713 in

1282 1736 1514 1795 ltaliam
1558 1734 1857 1796 adventus
1904 1737 2009 1812 sit,
2071 1737 2191 1796 iam
2228 1756 2359 1796 me-

1281 1830 1455 1881 tuere
1478 1820 1742 1901 incipias.
1824 1817 1969 1881 Mox
1991 1841 2168 1896 vero,
2210 1823 2360 1882 sub-

1281 1907 1408 1966 lato
1460 1905 1703 1983 quidem
1745 1923 1816 1968 eo
1860 1916 2061 1982 metu,
2112 1907 2360 1968 Didonis

1285 1989 1467 2066 dirae,
1498 2009 1650 2068 quae
1672 1991 1938 2051 vaticinii
1966 1994 2218 2072 speciem
2242 1993 2358 2052 ha-

1279 2077 1426 2136 bent
1457 2094 1635 2155 super
1665 2076 1819 2135 odiis
1847 2079 2168 2157 perpetuis,
2206 2099 2358 2158 quae

1276 2163 1437 2222 inter
1472 2163 1775 2222 Romanos
1817 2171 1877 2220 et
1905 2163 2358 2244 Carthaginien-

1278 2266 1369 2307 ses
1416 2248 1813 2307 intercessura
1869 2257 2071 2324 erant,
2136 2270 2357 2311 novam

1278 2342 1341 2392 et
1383 2332 1780 2413 inspectatam
1824 2333 2184 2395 suavitatem
2240 2335 2357 2396 ha-

1276 2419 1440 2479 bent.

1368 2511 1401 2570 1
1420 2537 1502 2549 —-
1519 2501 1578 2568 5.
1625 2502 1948 2584 Splendida
1990 2504 2129 2566 libri
2169 2507 2354 2585 frons,

1281 2598 1344 2649 et
1374 2589 1592 2648 eximia
1627 2590 1957 2670 gravissimi
1985 2593 2202 2652 amoris
2243 2596 2355 2653 de-

1280 2675 1554 2735 claratio:
1619 2676 1708 2734 Ac
1744 2676 1988 2756 respicit
2030 2677 2141 2737 ult.
2196 2697 2351 2739 vers.

1278 2781 1410 2841 sup.
1440 2760 1603 2820 libri:
1647 2761 1873 2820 Aeneas
1900 2762 2078 2821 finem
2119 2763 2357 2823 dicendi

1282 2845 1383 2906 hic
1424 2846 1563 2905 fecit
1600 2846 1763 2923 (nam
1806 2849 2033 2926 quievit
2051 2891 2069 2920 ,
2123 2849 2355 2907 dormi-

1283 2941 1411 2991 tum
1438 2932 1568 3007 ivit,
1609 2931 1866 2991 ieiunius
1888 2931 2116 2991 dictum
2145 2933 2321 3016 esset)
2336 2955 2355 3012 ;

1281 3018 1484 3098 regina
1511 3036 1658 3076 vero
1698 3036 1775 3077 ex
1811 3018 2154 3077 narratione
2192 3020 2356 3079 mul-

1279 3114 1347 3164 to
1372 3103 1556 3183 magis
1582 3103 1699 3161 fuit
1722 3103 1965 3162 incensa
1992 3123 2192 3163 amore
2217 3105 2354 3182 viri,

1278 3210 1447 3249 eura.
1481 3188 1957 3270 (Wunderlichio
1984 3199 2185 3250 tamen
2205 3211 2355 3270 pro-

1277 3285 1413 3354 pter
1439 3277 1563 3335 vim
1607 3275 1931 3354 particulae
1959 3276 2047 3334 At
2069 3275 2218 3335 haec
2258 3276 2355 3337 vi-

1282 3361 1503 3420 dentur
1566 3361 1654 3419 ita
1712 3361 2015 3441 opposita:
2077 3364 2356 3437 „Aeneas

1281 3466 1490 3506 somno
1540 3446 1803 3525 quievit3
1861 3456 1925 3505 at
1962 3446 2114 3506 Dido
2153 3466 2355 3508 amore

1281 3532 1583 3592 concitata
1625 3531 1856 3611 placide
1888 3534 2186 3611 quiescere
2232 3554 2356 3593 non

1277 3617 1540 3698 potuit.“
1626 3619 1708 3675 At
1738 3637 1861 3676 non
1889 3619 2083 3677 solum
2112 3628 2356 3678 contra-

1278 3704 1372 3764 ria
1415 3701 1642 3762 indicat
1680 3700 1830 3761 haec
1868 3704 2194 3783 particula,
2248 3703 2357 3764 sed

1277 3808 1451 3869 saepe
1477 3787 1655 3847 etiam
1681 3788 1879 3848 locum
1907 3787 2107 3866 habet,
2154 3790 2261 3849 ubi
2280 3791 2354 3850 ab

1279 3875 1396 3935 alio
1457 3882 1809 3953 argumento
1884 3875 2207 3936 transimus
2276 3877 2355 3937 ad

1278 3959 1461 4035 aliud,
1507 3961 1763 4019 maxime
1787 3960 1851 4018 in
1882 3960 2170 4021 ordienda
2196 3981 2352 4022 nova

1280 4046 1658 4123 narratione3
1698 4044 1821 4107 vid.
1847 4045 1924 4119 Q.
1949 4046 2018 4107 V.
2048 4047 2353 4123 XXXVII,

1281 4136 1378 4196 2α
1409 4141 1468 4190 et
1495 4130 1572 4205 ὂς
1618 4128 1995 4191 tumNotad
2019 4132 2058 4192 l.
2085 4133 2352 4209 111,extr.

1287 4214 1465 4297 Wr.)
1546 4218 1823 4291 Vulnus,
1870 4218 2067 4296 quod,
2111 4226 2180 4276 ut
2209 4216 2353 4275 alias

1282 4311 1557 4383 pectore,
1627 4302 1885 4379 ossibus,
1951 4322 2115 4362 nunc
2171 4301 2353 4360 alitur

1282 4391 1451 4450 venis
1464 4431 1484 4465 ,
1528 4395 1782 4468 propter
1807 4386 2151 4465 sanguinem
2181 4405 2352 4446 amo·

1838 4487 1943 4559 88
