<?xml version="1.0" encoding="UTF-8"?>
<!DOCTYPE html PUBLIC "-//W3C//DTD XHTML 1.0 Transitional//EN"
    "http://www.w3.org/TR/xhtml1/DTD/xhtml1-transitional.dtd">
<html xmlns="http://www.w3.org/1999/xhtml" xml:lang="en" lang="en">
 <head>
  <title>
</title>
<meta http-equiv="Content-Type" content="text/html;charset=utf-8" />
  <meta name='ocr-system' content='tesseract 3.04.00' />
  <meta name='ocr-capabilities' content='ocr_page ocr_carea ocr_par ocr_line ocrx_word'/>
</head>
<body>
  <div class='ocr_page' id='page_1' title='image "./pvblivsvirgiliv00sillgoog/pvblivsvirgiliv00sillgoog_0401.png"; bbox 0 0 2882 5028; ppageno 0'>
   <div class='ocr_carea' id='block_1_1' title="bbox 659 1343 2447 1497">
    <p class='ocr_par' dir='ltr' id='par_1_1' title="bbox 659 1343 2447 1497">
     <span class='ocr_line' id='line_1_1' title="bbox 659 1343 2447 1497; baseline -0.003 -30"><span class='ocrx_word' id='word_1_1' title='bbox 659 1375 1386 1467; x_wconf 74' lang='lat' dir='ltr'><strong>Excunsus</strong></span> <span class='ocrx_word' id='word_1_2' title='bbox 1447 1377 1489 1463; x_wconf 92' lang='lat'>1</span> <span class='ocrx_word' id='word_1_3' title='bbox 1551 1375 1672 1463; x_wconf 74' lang='lat' dir='ltr'><strong>ad</strong></span> <span class='ocrx_word' id='word_1_4' title='bbox 1732 1343 1959 1464; x_wconf 65' lang='lat' dir='ltr'><strong>Aen.</strong></span> <span class='ocrx_word' id='word_1_5' title='bbox 2023 1373 2101 1463; x_wconf 92' lang='lat'><strong>11</strong></span> <span class='ocrx_word' id='word_1_6' title='bbox 2160 1378 2447 1497; x_wconf 73' lang='lat' dir='ltr'><strong>prino.</strong></span> 
     </span>
    </p>
   </div>
   <div class='ocr_carea' id='block_1_2' title="bbox 515 1563 2602 1634">
    <p class='ocr_par' dir='ltr' id='par_1_2' title="bbox 515 1563 2602 1634">
     <span class='ocr_line' id='line_1_2' title="bbox 515 1563 2602 1634; baseline -0.003 -2"><span class='ocrx_word' id='word_1_7' title='bbox 515 1565 654 1634; x_wconf 83' lang='lat' dir='ltr'><strong>De</strong></span> <span class='ocrx_word' id='word_1_8' title='bbox 738 1565 1361 1633; x_wconf 77' lang='lat' dir='ltr'><strong>auctoribus</strong></span> <span class='ocrx_word' id='word_1_9' title='bbox 1448 1585 1779 1631; x_wconf 80' lang='lat' dir='ltr'><strong>rerum</strong></span> <span class='ocrx_word' id='word_1_10' title='bbox 1873 1563 2602 1632; x_wconf 79' lang='lat' dir='ltr'><strong>Troianarnm</strong></span> 
     </span>
    </p>
   </div>
   <div class='ocr_carea' id='block_1_3' title="bbox 1196 1701 1906 1786">
    <p class='ocr_par' dir='ltr' id='par_1_3' title="bbox 1196 1701 1906 1786">
     <span class='ocr_line' id='line_1_3' title="bbox 1196 1701 1906 1786; baseline -0.011 -18"><span class='ocrx_word' id='word_1_11' title='bbox 1196 1702 1380 1786; x_wconf 69' lang='grc' dir='ltr'><strong>(τῶν</strong></span> <span class='ocrx_word' id='word_1_12' title='bbox 1477 1701 1906 1785; x_wconf 76' lang='grc' dir='ltr'><strong>Τρωΐκῶν).</strong></span> 
     </span>
    </p>
   </div>
   <div class='ocr_carea' id='block_1_4' title="bbox 422 1875 2686 3547">
    <p class='ocr_par' dir='ltr' id='par_1_4' title="bbox 422 1875 2686 3547">
     <span class='ocr_line' id='line_1_4' title="bbox 428 1875 2686 2005; baseline -0.001 -21"><span class='ocrx_word' id='word_1_13' title='bbox 428 1875 509 1977; x_wconf 87' lang='lat' dir='ltr'>P</span> <span class='ocrx_word' id='word_1_14' title='bbox 512 1934 607 1984; x_wconf 87' lang='lat' dir='ltr'><strong>ost</strong></span> <span class='ocrx_word' id='word_1_15' title='bbox 660 1925 950 1985; x_wconf 87' lang='lat' dir='ltr'><strong>sermonis</strong></span> <span class='ocrx_word' id='word_1_16' title='bbox 1005 1924 1222 2005; x_wconf 87' lang='lat' dir='ltr'><strong>poetici</strong></span> <span class='ocrx_word' id='word_1_17' title='bbox 1273 1923 1620 2002; x_wconf 83' lang='lat' dir='ltr'><strong>elegantiam</strong></span> <span class='ocrx_word' id='word_1_18' title='bbox 1641 1967 1658 1999; x_wconf 92' lang='lat'><strong>,</strong></span> <span class='ocrx_word' id='word_1_19' title='bbox 1729 1929 1936 2000; x_wconf 89' lang='lat' dir='ltr'><strong>poetae</strong></span> <span class='ocrx_word' id='word_1_20' title='bbox 1986 1921 2326 1981; x_wconf 79' lang='lat' dir='ltr'><strong>doctrinam</strong></span> <span class='ocrx_word' id='word_1_21' title='bbox 2372 1921 2686 1982; x_wconf 77' lang='lat' dir='ltr'><strong>declarare</strong></span> 
     </span>
     <span class='ocr_line' id='line_1_5' title="bbox 429 2005 2685 2090; baseline -0.002 -20"><span class='ocrx_word' id='word_1_22' title='bbox 429 2010 604 2070; x_wconf 86' lang='lat' dir='ltr'><strong>nobis</strong></span> <span class='ocrx_word' id='word_1_23' title='bbox 646 2011 916 2090; x_wconf 77' lang='lat' dir='ltr'><strong>inprimis</strong></span> <span class='ocrx_word' id='word_1_24' title='bbox 962 2029 1085 2068; x_wconf 86' lang='lat' dir='ltr'><strong>esse</strong></span> <span class='ocrx_word' id='word_1_25' title='bbox 1130 2011 1534 2090; x_wconf 88' lang='lat' dir='ltr'><strong>propositum,</strong></span> <span class='ocrx_word' id='word_1_26' title='bbox 1582 2005 1658 2066; x_wconf 90' lang='lat' dir='ltr'><strong>ab</strong></span> <span class='ocrx_word' id='word_1_27' title='bbox 1713 2007 1886 2067; x_wconf 88' lang='lat' dir='ltr'><strong>initio</strong></span> <span class='ocrx_word' id='word_1_28' title='bbox 1929 2028 2135 2067; x_wconf 89' lang='lat' dir='ltr'><strong>sumus</strong></span> <span class='ocrx_word' id='word_1_29' title='bbox 2174 2009 2441 2087; x_wconf 77' lang='lat' dir='ltr'><strong>professi.</strong></span> <span class='ocrx_word' id='word_1_30' title='bbox 2529 2009 2685 2066; x_wconf 90' lang='lat' dir='ltr'><strong>Cum</strong></span> 
     </span>
     <span class='ocr_line' id='line_1_6' title="bbox 428 2093 2686 2175; baseline -0.002 -21"><span class='ocrx_word' id='word_1_31' title='bbox 428 2097 630 2175; x_wconf 86' lang='lat' dir='ltr'><strong>itaque</strong></span> <span class='ocrx_word' id='word_1_32' title='bbox 672 2097 738 2154; x_wconf 89' lang='lat' dir='ltr'><strong>in</strong></span> <span class='ocrx_word' id='word_1_33' title='bbox 781 2097 937 2155; x_wconf 90' lang='lat' dir='ltr'><strong>libro</strong></span> <span class='ocrx_word' id='word_1_34' title='bbox 982 2096 1170 2155; x_wconf 83' lang='lat' dir='ltr'><strong>altero</strong></span> <span class='ocrx_word' id='word_1_35' title='bbox 1214 2095 1313 2154; x_wconf 90' lang='lat' dir='ltr'><strong>ille</strong></span> <span class='ocrx_word' id='word_1_36' title='bbox 1362 2094 1581 2154; x_wconf 79' lang='lat' dir='ltr'><strong>excidii</strong></span> <span class='ocrx_word' id='word_1_37' title='bbox 1624 2093 1869 2152; x_wconf 87' lang='lat' dir='ltr'><strong>Troiani</strong></span> <span class='ocrx_word' id='word_1_38' title='bbox 1914 2114 2084 2152; x_wconf 89' lang='lat' dir='ltr'><strong>casus</strong></span> <span class='ocrx_word' id='word_1_39' title='bbox 2125 2095 2277 2153; x_wconf 90' lang='lat' dir='ltr'><strong>mira</strong></span> <span class='ocrx_word' id='word_1_40' title='bbox 2316 2113 2523 2153; x_wconf 85' lang='lat' dir='ltr'><strong>rerum</strong></span> <span class='ocrx_word' id='word_1_41' title='bbox 2568 2113 2686 2152; x_wconf 80' lang='lat' dir='ltr'><strong>va-</strong></span> 
     </span>
     <span class='ocr_line' id='line_1_7' title="bbox 427 2180 2684 2258; baseline -0.002 -16"><span class='ocrx_word' id='word_1_42' title='bbox 427 2183 643 2242; x_wconf 84' lang='lat' dir='ltr'><strong>rietate</strong></span> <span class='ocrx_word' id='word_1_43' title='bbox 686 2190 747 2240; x_wconf 89' lang='lat' dir='ltr'><strong>et</strong></span> <span class='ocrx_word' id='word_1_44' title='bbox 787 2181 1159 2240; x_wconf 86' lang='lat' dir='ltr'><strong>iucunditate</strong></span> <span class='ocrx_word' id='word_1_45' title='bbox 1201 2190 1497 2257; x_wconf 80' lang='lat' dir='ltr'><strong>exponat,</strong></span> <span class='ocrx_word' id='word_1_46' title='bbox 1540 2180 1879 2257; x_wconf 79' lang='lat' dir='ltr'><strong>multaque,</strong></span> <span class='ocrx_word' id='word_1_47' title='bbox 1942 2198 2094 2258; x_wconf 87' lang='lat' dir='ltr'><strong>quae</strong></span> <span class='ocrx_word' id='word_1_48' title='bbox 2137 2180 2200 2238; x_wconf 92' lang='lat' dir='ltr'><strong>in</strong></span> <span class='ocrx_word' id='word_1_49' title='bbox 2241 2180 2507 2238; x_wconf 82' lang='lat' dir='ltr'><strong>Homero</strong></span> <span class='ocrx_word' id='word_1_50' title='bbox 2555 2199 2684 2238; x_wconf 92' lang='lat' dir='ltr'><strong>non</strong></span> 
     </span>
     <span class='ocr_line' id='line_1_8' title="bbox 429 2265 2684 2344; baseline -0.002 -17"><span class='ocrx_word' id='word_1_51' title='bbox 429 2276 792 2341; x_wconf 86' lang='lat' dir='ltr'><strong>occurrunt,</strong></span> <span class='ocrx_word' id='word_1_52' title='bbox 868 2276 1293 2326; x_wconf 89' lang='lat' dir='ltr'><strong>commemoret</strong></span> <span class='ocrx_word' id='word_1_53' title='bbox 1306 2288 1322 2343; x_wconf 79' lang='lat'>5</span> <span class='ocrx_word' id='word_1_54' title='bbox 1388 2265 1876 2344; x_wconf 89' lang='lat' dir='ltr'><strong>quandoquidem</strong></span> <span class='ocrx_word' id='word_1_55' title='bbox 1934 2266 1999 2323; x_wconf 91' lang='lat' dir='ltr'><strong>in</strong></span> <span class='ocrx_word' id='word_1_56' title='bbox 2060 2265 2433 2324; x_wconf 74' lang='lat' dir='ltr'><strong>inveniendis</strong></span> <span class='ocrx_word' id='word_1_57' title='bbox 2498 2265 2684 2323; x_wconf 85' lang='lat' dir='ltr'><strong>rebus</strong></span> 
     </span>
     <span class='ocr_line' id='line_1_9' title="bbox 428 2350 2683 2432; baseline -0.001 -20"><span class='ocrx_word' id='word_1_58' title='bbox 428 2363 537 2413; x_wconf 87' lang='lat' dir='ltr'><strong>aut</strong></span> <span class='ocrx_word' id='word_1_59' title='bbox 578 2355 641 2412; x_wconf 91' lang='lat' dir='ltr'><strong>in</strong></span> <span class='ocrx_word' id='word_1_60' title='bbox 683 2352 938 2412; x_wconf 88' lang='lat' dir='ltr'><strong>aliorum</strong></span> <span class='ocrx_word' id='word_1_61' title='bbox 977 2353 1241 2411; x_wconf 83' lang='lat' dir='ltr'><strong>inventis</strong></span> <span class='ocrx_word' id='word_1_62' title='bbox 1282 2353 1581 2432; x_wconf 79' lang='lat' dir='ltr'><strong>sapienter</strong></span> <span class='ocrx_word' id='word_1_63' title='bbox 1626 2350 2018 2430; x_wconf 72' lang='lat' dir='ltr'><strong>adoptandiS,</strong></span> <span class='ocrx_word' id='word_1_64' title='bbox 2070 2351 2403 2425; x_wconf 80' lang='lat' dir='ltr'><strong>variandis,</strong></span> <span class='ocrx_word' id='word_1_65' title='bbox 2447 2370 2683 2409; x_wconf 88' lang='lat' dir='ltr'><strong>ornan·</strong></span> 
     </span>
     <span class='ocr_line' id='line_1_10' title="bbox 429 2434 2683 2520; baseline -0.002 -21"><span class='ocrx_word' id='word_1_66' title='bbox 429 2440 553 2516; x_wconf 89' lang='lat' dir='ltr'><strong>dis,</strong></span> <span class='ocrx_word' id='word_1_67' title='bbox 607 2438 1024 2520; x_wconf 83' lang='lat' dir='ltr'><strong>disponendis,</strong></span> <span class='ocrx_word' id='word_1_68' title='bbox 1084 2434 1462 2516; x_wconf 84' lang='lat' dir='ltr'><strong>eloquendis,</strong></span> <span class='ocrx_word' id='word_1_69' title='bbox 1519 2437 1621 2496; x_wconf 86' lang='lat' dir='ltr'><strong>vel</strong></span> <span class='ocrx_word' id='word_1_70' title='bbox 1659 2437 1918 2496; x_wconf 81' lang='lat' dir='ltr'><strong>maxime</strong></span> <span class='ocrx_word' id='word_1_71' title='bbox 1962 2446 2172 2516; x_wconf 88' lang='lat' dir='ltr'><strong>poetae</strong></span> <span class='ocrx_word' id='word_1_72' title='bbox 2222 2436 2522 2517; x_wconf 86' lang='lat' dir='ltr'><strong>ingenium</strong></span> <span class='ocrx_word' id='word_1_73' title='bbox 2570 2457 2683 2495; x_wconf 87' lang='lat' dir='ltr'><strong>co-</strong></span> 
     </span>
     <span class='ocr_line' id='line_1_11' title="bbox 426 2523 2684 2606; baseline -0.002 -21"><span class='ocrx_word' id='word_1_74' title='bbox 426 2527 769 2606; x_wconf 87' lang='lat' dir='ltr'><strong>gnoscitur;</strong></span> <span class='ocrx_word' id='word_1_75' title='bbox 823 2533 897 2583; x_wconf 89' lang='lat' dir='ltr'><strong>ut</strong></span> <span class='ocrx_word' id='word_1_76' title='bbox 936 2524 1333 2603; x_wconf 81' lang='lat' dir='ltr'><strong>intelligatur,</strong></span> <span class='ocrx_word' id='word_1_77' title='bbox 1403 2543 1700 2602; x_wconf 85' lang='lat' dir='ltr'><strong>quaenam</strong></span> <span class='ocrx_word' id='word_1_78' title='bbox 1735 2523 1833 2582; x_wconf 93' lang='lat' dir='ltr'><strong>ille</strong></span> <span class='ocrx_word' id='word_1_79' title='bbox 1873 2523 1948 2581; x_wconf 92' lang='lat' dir='ltr'><strong>ab</strong></span> <span class='ocrx_word' id='word_1_80' title='bbox 1993 2523 2430 2600; x_wconf 83' lang='lat' dir='ltr'><strong>antiquioribus</strong></span> <span class='ocrx_word' id='word_1_81' title='bbox 2479 2523 2684 2602; x_wconf 86' lang='lat' dir='ltr'><strong>poetis</strong></span> 
     </span>
     <span class='ocr_line' id='line_1_12' title="bbox 423 2609 2683 2690; baseline -0.003 -17"><span class='ocrx_word' id='word_1_82' title='bbox 423 2614 543 2673; x_wconf 92' lang='lat' dir='ltr'><strong>iam</strong></span> <span class='ocrx_word' id='word_1_83' title='bbox 589 2620 725 2672; x_wconf 91' lang='lat' dir='ltr'><strong>ante</strong></span> <span class='ocrx_word' id='word_1_84' title='bbox 767 2610 1040 2690; x_wconf 84' lang='lat' dir='ltr'><strong>exposita</strong></span> <span class='ocrx_word' id='word_1_85' title='bbox 1084 2609 1163 2668; x_wconf 90' lang='lat' dir='ltr'><strong>ad</strong></span> <span class='ocrx_word' id='word_1_86' title='bbox 1204 2610 1296 2670; x_wconf 91' lang='lat' dir='ltr'><strong>sui</strong></span> <span class='ocrx_word' id='word_1_87' title='bbox 1345 2610 1622 2668; x_wconf 87' lang='lat' dir='ltr'><strong>carminis</strong></span> <span class='ocrx_word' id='word_1_88' title='bbox 1667 2619 1978 2684; x_wconf 85' lang='lat' dir='ltr'><strong>naturam,</strong></span> <span class='ocrx_word' id='word_1_89' title='bbox 2021 2610 2318 2669; x_wconf 89' lang='lat' dir='ltr'><strong>rationem</strong></span> <span class='ocrx_word' id='word_1_90' title='bbox 2362 2629 2431 2666; x_wconf 91' lang='lat' dir='ltr'><strong>ac</strong></span> <span class='ocrx_word' id='word_1_91' title='bbox 2474 2609 2683 2667; x_wconf 86' lang='lat' dir='ltr'><strong>consi-</strong></span> 
     </span>
     <span class='ocr_line' id='line_1_13' title="bbox 427 2695 2681 2776; baseline -0.003 -18"><span class='ocrx_word' id='word_1_92' title='bbox 427 2699 608 2773; x_wconf 89' lang='lat' dir='ltr'><strong>lium,</strong></span> <span class='ocrx_word' id='word_1_93' title='bbox 668 2696 1185 2776; x_wconf 87' lang='lat' dir='ltr'><strong>attemperaverit,</strong></span> <span class='ocrx_word' id='word_1_94' title='bbox 1243 2717 1366 2755; x_wconf 88' lang='lat' dir='ltr'><strong>non</strong></span> <span class='ocrx_word' id='word_1_95' title='bbox 1423 2695 1912 2774; x_wconf 87' lang='lat' dir='ltr'><strong>intempestivum</strong></span> <span class='ocrx_word' id='word_1_96' title='bbox 1968 2696 2100 2753; x_wconf 84' lang='lat' dir='ltr'><strong>sore</strong></span> <span class='ocrx_word' id='word_1_97' title='bbox 2149 2695 2548 2768; x_wconf 84' lang='lat' dir='ltr'><strong>arbitramur,</strong></span> <span class='ocrx_word' id='word_1_98' title='bbox 2589 2695 2681 2769; x_wconf 51' lang='lat' dir='ltr'><strong>mi,</strong></span> 
     </span>
     <span class='ocr_line' id='line_1_14' title="bbox 426 2780 2682 2863; baseline -0.002 -20"><span class='ocrx_word' id='word_1_99' title='bbox 426 2786 529 2863; x_wconf 90' lang='lat' dir='ltr'><strong>qui</strong></span> <span class='ocrx_word' id='word_1_100' title='bbox 572 2794 711 2843; x_wconf 90' lang='lat' dir='ltr'><strong>ante</strong></span> <span class='ocrx_word' id='word_1_101' title='bbox 757 2782 1063 2861; x_wconf 88' lang='lat' dir='ltr'><strong>Virgilium</strong></span> <span class='ocrx_word' id='word_1_102' title='bbox 1107 2792 1348 2861; x_wconf 88' lang='lat' dir='ltr'><strong>praeter</strong></span> <span class='ocrx_word' id='word_1_103' title='bbox 1392 2782 1724 2840; x_wconf 86' lang='lat' dir='ltr'><strong>Homerum</strong></span> <span class='ocrx_word' id='word_1_104' title='bbox 1783 2800 1879 2839; x_wconf 90' lang='lat' dir='ltr'><strong>res</strong></span> <span class='ocrx_word' id='word_1_105' title='bbox 1922 2781 2240 2853; x_wconf 87' lang='lat' dir='ltr'><strong>Troianas,</strong></span> <span class='ocrx_word' id='word_1_106' title='bbox 2311 2780 2531 2839; x_wconf 78' lang='lat' dir='ltr'><strong>excidii</strong></span> <span class='ocrx_word' id='word_1_107' title='bbox 2576 2781 2682 2839; x_wconf 90' lang='lat' dir='ltr'><strong>in-</strong></span> 
     </span>
     <span class='ocr_line' id='line_1_15' title="bbox 424 2866 2682 2950; baseline -0.002 -21"><span class='ocrx_word' id='word_1_108' title='bbox 424 2870 662 2950; x_wconf 87' lang='lat' dir='ltr'><strong>primis,</strong></span> <span class='ocrx_word' id='word_1_109' title='bbox 724 2869 798 2927; x_wconf 88' lang='lat' dir='ltr'><strong>de</strong></span> <span class='ocrx_word' id='word_1_110' title='bbox 834 2888 955 2946; x_wconf 92' lang='lat' dir='ltr'><strong>quo</strong></span> <span class='ocrx_word' id='word_1_111' title='bbox 1002 2888 1163 2927; x_wconf 86' lang='lat' dir='ltr'><strong>nunc</strong></span> <span class='ocrx_word' id='word_1_112' title='bbox 1204 2868 1578 2948; x_wconf 84' lang='lat' dir='ltr'><strong>potissimum</strong></span> <span class='ocrx_word' id='word_1_113' title='bbox 1622 2866 1848 2945; x_wconf 86' lang='lat' dir='ltr'><strong>agitur,</strong></span> <span class='ocrx_word' id='word_1_114' title='bbox 1926 2866 2348 2945; x_wconf 83' lang='lat' dir='ltr'><strong>exposuerint,</strong></span> <span class='ocrx_word' id='word_1_115' title='bbox 2372 2928 2379 2934; x_wconf 72' lang='grc'><strong>,</strong></span> <span class='ocrx_word' id='word_1_116' title='bbox 2406 2886 2682 2944; x_wconf 82' lang='lat' dir='ltr'><strong>quosque</strong></span> 
     </span>
     <span class='ocr_line' id='line_1_16' title="bbox 425 2952 2682 3034; baseline -0.001 -20"><span class='ocrx_word' id='word_1_117' title='bbox 425 2976 504 3015; x_wconf 82' lang='lat' dir='ltr'><strong>ex</strong></span> <span class='ocrx_word' id='word_1_118' title='bbox 545 2957 617 3015; x_wconf 90' lang='lat' dir='ltr'><strong>iis</strong></span> <span class='ocrx_word' id='word_1_119' title='bbox 657 2954 1031 3034; x_wconf 82' lang='lat' dir='ltr'><strong>potissimum</strong></span> <span class='ocrx_word' id='word_1_120' title='bbox 1078 2954 1321 3032; x_wconf 86' lang='lat' dir='ltr'><strong>Virgilio</strong></span> <span class='ocrx_word' id='word_1_121' title='bbox 1365 2961 1506 3012; x_wconf 82' lang='lat' dir='ltr'><strong>ante</strong></span> <span class='ocrx_word' id='word_1_122' title='bbox 1553 2952 1756 3012; x_wconf 88' lang='lat' dir='ltr'><strong>oculos</strong></span> <span class='ocrx_word' id='word_1_123' title='bbox 1796 2952 1972 3011; x_wconf 78' lang='lat' dir='ltr'><strong>fuisse</strong></span> <span class='ocrx_word' id='word_1_124' title='bbox 1997 2952 2306 3031; x_wconf 87' lang='lat' dir='ltr'><strong>probabile</strong></span> <span class='ocrx_word' id='word_1_125' title='bbox 2350 2952 2445 3027; x_wconf 81' lang='lat' dir='ltr'><strong>sit,</strong></span> <span class='ocrx_word' id='word_1_126' title='bbox 2494 2952 2682 3031; x_wconf 74' lang='lat' dir='ltr'><strong>paul-</strong></span> 
     </span>
     <span class='ocr_line' id='line_1_17' title="bbox 423 3037 2679 3117; baseline -0.002 -17"><span class='ocrx_word' id='word_1_127' title='bbox 423 3042 485 3101; x_wconf 93' lang='lat' dir='ltr'><strong>lo</strong></span> <span class='ocrx_word' id='word_1_128' title='bbox 530 3040 865 3100; x_wconf 75' lang='lat' dir='ltr'><strong>accuratius</strong></span> <span class='ocrx_word' id='word_1_129' title='bbox 906 3039 1284 3117; x_wconf 86' lang='lat' dir='ltr'><strong>indagemus;</strong></span> <span class='ocrx_word' id='word_1_130' title='bbox 1357 3039 1468 3098; x_wconf 86' lang='lat' dir='ltr'><strong>etsi</strong></span> <span class='ocrx_word' id='word_1_131' title='bbox 1521 3037 1583 3097; x_wconf 89' lang='lat' dir='ltr'><strong>in</strong></span> <span class='ocrx_word' id='word_1_132' title='bbox 1630 3037 1932 3097; x_wconf 89' lang='lat' dir='ltr'><strong>nonnullis</strong></span> <span class='ocrx_word' id='word_1_133' title='bbox 1975 3059 2083 3097; x_wconf 87' lang='lat' dir='ltr'><strong>nos</strong></span> <span class='ocrx_word' id='word_1_134' title='bbox 2128 3038 2414 3098; x_wconf 86' lang='lat' dir='ltr'><strong>doctioris</strong></span> <span class='ocrx_word' id='word_1_135' title='bbox 2460 3037 2679 3116; x_wconf 87' lang='lat' dir='ltr'><strong>dispu-</strong></span> 
     </span>
     <span class='ocr_line' id='line_1_18' title="bbox 424 3123 2681 3202; baseline -0.002 -17"><span class='ocrx_word' id='word_1_136' title='bbox 424 3128 670 3185; x_wconf 85' lang='lat' dir='ltr'><strong>tationis</strong></span> <span class='ocrx_word' id='word_1_137' title='bbox 712 3133 954 3183; x_wconf 90' lang='lat' dir='ltr'><strong>tantum</strong></span> <span class='ocrx_word' id='word_1_138' title='bbox 996 3124 1180 3181; x_wconf 88' lang='lat' dir='ltr'><strong>lineas</strong></span> <span class='ocrx_word' id='word_1_139' title='bbox 1225 3123 1477 3199; x_wconf 89' lang='lat' dir='ltr'><strong>ducere,</strong></span> <span class='ocrx_word' id='word_1_140' title='bbox 1535 3125 1596 3182; x_wconf 86' lang='lat' dir='ltr'><strong>in</strong></span> <span class='ocrx_word' id='word_1_141' title='bbox 1639 3124 2134 3200; x_wconf 57' lang='lat' dir='ltr'><strong>aliis‘nonnulla,</strong></span> <span class='ocrx_word' id='word_1_142' title='bbox 2180 3144 2332 3202; x_wconf 90' lang='lat' dir='ltr'><strong>quae</strong></span> <span class='ocrx_word' id='word_1_143' title='bbox 2375 3124 2681 3201; x_wconf 79' lang='lat' dir='ltr'><strong>copiosius</strong></span> 
     </span>
     <span class='ocr_line' id='line_1_19' title="bbox 422 3208 2539 3288; baseline -0.002 -18"><span class='ocrx_word' id='word_1_144' title='bbox 422 3213 542 3270; x_wconf 90' lang='lat' dir='ltr'><strong>iam</strong></span> <span class='ocrx_word' id='word_1_145' title='bbox 587 3212 661 3269; x_wconf 89' lang='lat' dir='ltr'><strong>ab</strong></span> <span class='ocrx_word' id='word_1_146' title='bbox 707 3210 834 3268; x_wconf 85' lang='lat' dir='ltr'><strong>aliis</strong></span> <span class='ocrx_word' id='word_1_147' title='bbox 878 3208 1039 3267; x_wconf 86' lang='lat' dir='ltr'><strong>dicta</strong></span> <span class='ocrx_word' id='word_1_148' title='bbox 1075 3210 1258 3282; x_wconf 82' lang='lat' dir='ltr'><strong>&#39;sunt,</strong></span> <span class='ocrx_word' id='word_1_149' title='bbox 1319 3210 1658 3269; x_wconf 86' lang='lat' dir='ltr'><strong>summatim</strong></span> <span class='ocrx_word' id='word_1_150' title='bbox 1706 3209 1978 3288; x_wconf 89' lang='lat' dir='ltr'><strong>colligere</strong></span> <span class='ocrx_word' id='word_1_151' title='bbox 2022 3230 2144 3268; x_wconf 90' lang='lat' dir='ltr'><strong>non</strong></span> <span class='ocrx_word' id='word_1_152' title='bbox 2185 3210 2539 3288; x_wconf 83' lang='lat' dir='ltr'><strong>ignoremus.</strong></span> 
     </span>
     <span class='ocr_line' id='line_1_20' title="bbox 591 3292 2676 3375; baseline -0 -21"><span class='ocrx_word' id='word_1_153' title='bbox 591 3298 707 3354; x_wconf 83' lang='lat' dir='ltr'><strong>Res</strong></span> <span class='ocrx_word' id='word_1_154' title='bbox 761 3293 941 3373; x_wconf 88' lang='lat' dir='ltr'><strong>igitur</strong></span> <span class='ocrx_word' id='word_1_155' title='bbox 999 3292 1245 3352; x_wconf 86' lang='lat' dir='ltr'><strong>Troiani</strong></span> <span class='ocrx_word' id='word_1_156' title='bbox 1292 3295 1433 3353; x_wconf 92' lang='lat' dir='ltr'><strong>belli</strong></span> <span class='ocrx_word' id='word_1_157' title='bbox 1491 3296 1734 3354; x_wconf 85' lang='lat' dir='ltr'><strong>omnino</strong></span> <span class='ocrx_word' id='word_1_158' title='bbox 1787 3306 1926 3375; x_wconf 90' lang='lat' dir='ltr'><strong>post</strong></span> <span class='ocrx_word' id='word_1_159' title='bbox 1977 3298 2343 3370; x_wconf 73' lang='lat' dir='ltr'><strong>Homerum,</strong></span> <span class='ocrx_word' id='word_1_160' title='bbox 2407 3295 2676 3374; x_wconf 83' lang='lat' dir='ltr'><strong>primum</strong></span> 
     </span>
     <span class='ocr_line' id='line_1_21' title="bbox 424 3378 2677 3461; baseline -0 -21"><span class='ocrx_word' id='word_1_161' title='bbox 424 3378 852 3461; x_wconf 73' lang='lat' dir='ltr'><strong>auctorem*),</strong></span> <span class='ocrx_word' id='word_1_162' title='bbox 915 3379 1093 3457; x_wconf 84' lang='lat' dir='ltr'><strong>longo</strong></span> <span class='ocrx_word' id='word_1_163' title='bbox 1135 3388 1335 3438; x_wconf 88' lang='lat' dir='ltr'><strong>tamen</strong></span> <span class='ocrx_word' id='word_1_164' title='bbox 1379 3390 1719 3461; x_wconf 85' lang='lat' dir='ltr'><strong>temporum</strong></span> <span class='ocrx_word' id='word_1_165' title='bbox 1761 3381 2112 3457; x_wconf 79' lang='lat' dir='ltr'><strong>intervallo,</strong></span> <span class='ocrx_word' id='word_1_166' title='bbox 2179 3390 2416 3440; x_wconf 89' lang='lat' dir='ltr'><strong>centum</strong></span> <span class='ocrx_word' id='word_1_167' title='bbox 2460 3378 2677 3439; x_wconf 85' lang='lat' dir='ltr'><strong>saltem</strong></span> 
     </span>
     <span class='ocr_line' id='line_1_22' title="bbox 423 3464 2679 3547; baseline -0.002 -19"><span class='ocrx_word' id='word_1_168' title='bbox 423 3487 740 3541; x_wconf 87' lang='lat' dir='ltr'><strong>annorum,</strong></span> <span class='ocrx_word' id='word_1_169' title='bbox 784 3483 895 3524; x_wconf 88' lang='lat' dir='ltr'><strong>nec</strong></span> <span class='ocrx_word' id='word_1_170' title='bbox 935 3464 1047 3523; x_wconf 87' lang='lat' dir='ltr'><strong>nisi</strong></span> <span class='ocrx_word' id='word_1_171' title='bbox 1092 3474 1403 3544; x_wconf 89' lang='lat' dir='ltr'><strong>postquam</strong></span> <span class='ocrx_word' id='word_1_172' title='bbox 1449 3468 1628 3545; x_wconf 88' lang='lat' dir='ltr'><strong>vulgo</strong></span> <span class='ocrx_word' id='word_1_173' title='bbox 1673 3467 2040 3526; x_wconf 80' lang='lat' dir='ltr'><strong>circumferri</strong></span> <span class='ocrx_word' id='word_1_174' title='bbox 2082 3476 2403 3547; x_wconf 89' lang='lat' dir='ltr'><strong>coeperant</strong></span> <span class='ocrx_word' id='word_1_175' title='bbox 2425 3465 2679 3525; x_wconf 85' lang='lat' dir='ltr'><strong>Homeri</strong></span> 
     </span>
    </p>
   </div>
   <div class='ocr_carea' id='block_1_5' title="bbox 428 3629 837 3645">
    <p class='ocr_par' dir='ltr' id='par_1_5' title="bbox 428 3629 837 3645">
     <span class='ocr_line' id='line_1_23' title="bbox 428 3629 837 3645; baseline 0 1383"><span class='ocrx_word' id='word_1_176' title='bbox 428 3629 837 3645; x_wconf 95' lang='lat' dir='ltr'><strong> </strong></span> 
     </span>
    </p>
   </div>
   <div class='ocr_carea' id='block_1_6' title="bbox 417 3716 2677 4490">
    <p class='ocr_par' dir='ltr' id='par_1_6' title="bbox 417 3716 2677 4490">
     <span class='ocr_line' id='line_1_24' title="bbox 562 3716 2676 3790; baseline -0.001 -16"><span class='ocrx_word' id='word_1_177' title='bbox 562 3725 605 3790; x_wconf 80' lang='lat'><strong>’)</strong></span> <span class='ocrx_word' id='word_1_178' title='bbox 643 3724 721 3774; x_wconf 91' lang='lat' dir='ltr'><strong>De</strong></span> <span class='ocrx_word' id='word_1_179' title='bbox 747 3716 831 3774; x_wconf 87' lang='lat' dir='ltr'><strong>his</strong></span> <span class='ocrx_word' id='word_1_180' title='bbox 856 3721 1142 3773; x_wconf 83' lang='lat' dir='ltr'><strong>accuratius</strong></span> <span class='ocrx_word' id='word_1_181' title='bbox 1189 3720 1491 3789; x_wconf 88' lang='lat' dir='ltr'><strong>disputandi</strong></span> <span class='ocrx_word' id='word_1_182' title='bbox 1520 3720 1666 3773; x_wconf 92' lang='lat' dir='ltr'><strong>locus</strong></span> <span class='ocrx_word' id='word_1_183' title='bbox 1703 3722 1806 3773; x_wconf 87' lang='lat' dir='ltr'><strong>erit</strong></span> <span class='ocrx_word' id='word_1_184' title='bbox 1847 3721 1915 3773; x_wconf 89' lang='lat' dir='ltr'><strong>ad</strong></span> <span class='ocrx_word' id='word_1_185' title='bbox 1951 3722 2121 3790; x_wconf 86' lang='lat' dir='ltr'><strong>ipsum</strong></span> <span class='ocrx_word' id='word_1_186' title='bbox 2151 3722 2450 3771; x_wconf 84' lang='lat' dir='ltr'><strong>Homerum.</strong></span> <span class='ocrx_word' id='word_1_187' title='bbox 2516 3721 2676 3772; x_wconf 81' lang='lat' dir='ltr'><strong>Nunc</strong></span> 
     </span>
     <span class='ocr_line' id='line_1_25' title="bbox 422 3788 2677 3862; baseline -0.003 -16"><span class='ocrx_word' id='word_1_188' title='bbox 422 3792 608 3862; x_wconf 85' lang='lat' dir='ltr'><strong>reliqui</strong></span> <span class='ocrx_word' id='word_1_189' title='bbox 640 3793 833 3844; x_wconf 82' lang='lat' dir='ltr'><strong>intacta</strong></span> <span class='ocrx_word' id='word_1_190' title='bbox 867 3808 946 3853; x_wconf 87' lang='lat' dir='ltr'><strong>ea,</strong></span> <span class='ocrx_word' id='word_1_191' title='bbox 980 3809 1113 3859; x_wconf 88' lang='lat' dir='ltr'><strong>quae</strong></span> <span class='ocrx_word' id='word_1_192' title='bbox 1138 3803 1257 3843; x_wconf 89' lang='lat' dir='ltr'><strong>ante</strong></span> <span class='ocrx_word' id='word_1_193' title='bbox 1287 3790 1503 3842; x_wconf 88' lang='lat' dir='ltr'><strong>Iliadem</strong></span> <span class='ocrx_word' id='word_1_194' title='bbox 1528 3809 1641 3842; x_wconf 88' lang='lat' dir='ltr'><strong>cum</strong></span> <span class='ocrx_word' id='word_1_195' title='bbox 1670 3791 1899 3843; x_wconf 82' lang='lat' dir='ltr'><strong>Scholiis</strong></span> <span class='ocrx_word' id='word_1_196' title='bbox 1924 3789 2142 3843; x_wconf 85' lang='lat' dir='ltr'><strong>Venetis</strong></span> <span class='ocrx_word' id='word_1_197' title='bbox 2169 3810 2200 3842; x_wconf 87' lang='lat' dir='ltr'><strong>a</strong></span> <span class='ocrx_word' id='word_1_198' title='bbox 2228 3788 2525 3842; x_wconf 85' lang='lat' dir='ltr'><strong>Villoisono</strong></span> <span class='ocrx_word' id='word_1_199' title='bbox 2550 3789 2677 3841; x_wconf 83' lang='lat' dir='ltr'><strong>edi-</strong></span> 
     </span>
     <span class='ocr_line' id='line_1_26' title="bbox 422 3859 2676 3931; baseline -0.002 -16"><span class='ocrx_word' id='word_1_200' title='bbox 422 3875 529 3915; x_wconf 84' lang='lat' dir='ltr'><strong>tam</strong></span> <span class='ocrx_word' id='word_1_201' title='bbox 559 3862 684 3914; x_wconf 86' lang='lat' dir='ltr'><strong>mihi</strong></span> <span class='ocrx_word' id='word_1_202' title='bbox 713 3859 1009 3931; x_wconf 88' lang='lat' dir='ltr'><strong>probabilia</strong></span> <span class='ocrx_word' id='word_1_203' title='bbox 1038 3879 1151 3912; x_wconf 88' lang='lat' dir='ltr'><strong>esse</strong></span> <span class='ocrx_word' id='word_1_204' title='bbox 1179 3860 1510 3912; x_wconf 84' lang='lat' dir='ltr'><strong>videbantur.</strong></span> <span class='ocrx_word' id='word_1_205' title='bbox 1579 3861 1694 3912; x_wconf 76' lang='lat' dir='ltr'><strong>Alia</strong></span> <span class='ocrx_word' id='word_1_206' title='bbox 1726 3861 1838 3912; x_wconf 88' lang='lat' dir='ltr'><strong>dies</strong></span> <span class='ocrx_word' id='word_1_207' title='bbox 1870 3861 2064 3923; x_wconf 87' lang='lat' dir='ltr'><strong>docuit,</strong></span> <span class='ocrx_word' id='word_1_208' title='bbox 2100 3859 2435 3929; x_wconf 87' lang='lat' dir='ltr'><strong>docebitque,</strong></span> <span class='ocrx_word' id='word_1_209' title='bbox 2471 3869 2528 3909; x_wconf 86' lang='lat' dir='ltr'><strong>ut</strong></span> <span class='ocrx_word' id='word_1_210' title='bbox 2558 3860 2676 3910; x_wconf 81' lang='lat' dir='ltr'><strong>lieri</strong></span> 
     </span>
     <span class='ocr_line' id='line_1_27' title="bbox 422 3926 2676 3999; baseline -0.002 -14"><span class='ocrx_word' id='word_1_211' title='bbox 422 3950 637 3986; x_wconf 84' lang='lat' dir='ltr'><strong>necesse</strong></span> <span class='ocrx_word' id='word_1_212' title='bbox 678 3930 841 3983; x_wconf 82' lang='lat' dir='ltr'><strong>estin</strong></span> <span class='ocrx_word' id='word_1_213' title='bbox 870 3928 968 3992; x_wconf 80' lang='lat' dir='ltr'><strong>iis,</strong></span> <span class='ocrx_word' id='word_1_214' title='bbox 1013 3947 1145 3996; x_wconf 84' lang='lat' dir='ltr'><strong>quae</strong></span> <span class='ocrx_word' id='word_1_215' title='bbox 1183 3940 1380 3983; x_wconf 86' lang='lat' dir='ltr'><strong>tantum</strong></span> <span class='ocrx_word' id='word_1_216' title='bbox 1418 3930 1769 3999; x_wconf 86' lang='lat' dir='ltr'><strong>probabiliter</strong></span> <span class='ocrx_word' id='word_1_217' title='bbox 1810 3930 2056 3982; x_wconf 86' lang='lat' dir='ltr'><strong>constitui</strong></span> <span class='ocrx_word' id='word_1_218' title='bbox 2090 3947 2221 3995; x_wconf 87' lang='lat' dir='ltr'><strong>nec,</strong></span> <span class='ocrx_word' id='word_1_219' title='bbox 2267 3926 2372 3980; x_wconf 83' lang='lat' dir='ltr'><strong>fide</strong></span> <span class='ocrx_word' id='word_1_220' title='bbox 2418 3928 2676 3980; x_wconf 75' lang='lat' dir='ltr'><strong>historie·</strong></span> 
     </span>
     <span class='ocr_line' id='line_1_28' title="bbox 419 3998 2676 4070; baseline -0.002 -15"><span class='ocrx_word' id='word_1_221' title='bbox 419 4003 698 4055; x_wconf 84' lang='lat' dir='ltr'><strong>deficiente</strong></span> <span class='ocrx_word' id='word_1_222' title='bbox 714 4039 730 4065; x_wconf 99' lang='lat'><strong>,</strong></span> <span class='ocrx_word' id='word_1_223' title='bbox 764 3999 897 4050; x_wconf 89' lang='lat' dir='ltr'><strong>ultra</strong></span> <span class='ocrx_word' id='word_1_224' title='bbox 923 3998 1343 4068; x_wconf 84' lang='lat' dir='ltr'><strong>probabilitatem</strong></span> <span class='ocrx_word' id='word_1_225' title='bbox 1368 4018 1641 4067; x_wconf 82' lang='lat' dir='ltr'><strong>assurgere</strong></span> <span class='ocrx_word' id='word_1_226' title='bbox 1663 4012 1898 4070; x_wconf 85' lang='lat' dir='ltr'><strong>possunt.</strong></span> <span class='ocrx_word' id='word_1_227' title='bbox 1967 3999 2200 4051; x_wconf 78' lang='lat' dir='ltr'><strong>Servabo</strong></span> <span class='ocrx_word' id='word_1_228' title='bbox 2227 4010 2398 4049; x_wconf 89' lang='lat' dir='ltr'><strong>autem</strong></span> <span class='ocrx_word' id='word_1_229' title='bbox 2414 4036 2431 4061; x_wconf 95' lang='lat'><strong>,</strong></span> <span class='ocrx_word' id='word_1_230' title='bbox 2466 4008 2525 4049; x_wconf 86' lang='lat' dir='ltr'><strong>ut</strong></span> <span class='ocrx_word' id='word_1_231' title='bbox 2548 3998 2676 4050; x_wconf 83' lang='lat' dir='ltr'><strong>ubi-</strong></span> 
     </span>
     <span class='ocr_line' id='line_1_29' title="bbox 419 4067 2674 4143; baseline -0.001 -22"><span class='ocrx_word' id='word_1_232' title='bbox 419 4091 522 4143; x_wconf 74' lang='lat' dir='ltr'><strong>que</strong></span> <span class='ocrx_word' id='word_1_233' title='bbox 548 4072 651 4125; x_wconf 80' lang='lat' dir='ltr'><strong>feei</strong></span> <span class='ocrx_word' id='word_1_234' title='bbox 670 4110 686 4132; x_wconf 90' lang='lat'><strong>,</strong></span> <span class='ocrx_word' id='word_1_235' title='bbox 721 4080 778 4120; x_wconf 89' lang='lat' dir='ltr'><strong>et</strong></span> <span class='ocrx_word' id='word_1_236' title='bbox 805 4069 860 4119; x_wconf 88' lang='lat' dir='ltr'><strong>iu</strong></span> <span class='ocrx_word' id='word_1_237' title='bbox 889 4078 1161 4136; x_wconf 88' lang='lat' dir='ltr'><strong>posterum</strong></span> <span class='ocrx_word' id='word_1_238' title='bbox 1190 4087 1397 4137; x_wconf 87' lang='lat' dir='ltr'><strong>quoque</strong></span> <span class='ocrx_word' id='word_1_239' title='bbox 1424 4068 1642 4134; x_wconf 84' lang='lat' dir='ltr'><strong>faciam,</strong></span> <span class='ocrx_word' id='word_1_240' title='bbox 1675 4088 1865 4121; x_wconf 89' lang='lat' dir='ltr'><strong>nomen</strong></span> <span class='ocrx_word' id='word_1_241' title='bbox 1892 4071 2142 4132; x_wconf 78' lang='lat' dir='ltr'><strong>Homeri,</strong></span> <span class='ocrx_word' id='word_1_242' title='bbox 2176 4067 2507 4136; x_wconf 80' lang='lat' dir='ltr'><strong>laudaboque</strong></span> <span class='ocrx_word' id='word_1_243' title='bbox 2539 4087 2674 4119; x_wconf 79' lang='lat' dir='ltr'><strong>cat-</strong></span> 
     </span>
     <span class='ocr_line' id='line_1_30' title="bbox 418 4136 2674 4208; baseline -0.004 -12"><span class='ocrx_word' id='word_1_244' title='bbox 418 4145 568 4196; x_wconf 78' lang='lat' dir='ltr'><strong>mina</strong></span> <span class='ocrx_word' id='word_1_245' title='bbox 604 4139 831 4193; x_wconf 79' lang='lat' dir='ltr'><strong>Homeri</strong></span> <span class='ocrx_word' id='word_1_246' title='bbox 838 4156 853 4200; x_wconf 69' lang='grc' dir='ltr'>ς</span> <span class='ocrx_word' id='word_1_247' title='bbox 905 4136 959 4188; x_wconf 88' lang='lat' dir='ltr'><strong>in</strong></span> <span class='ocrx_word' id='word_1_248' title='bbox 1001 4155 1059 4188; x_wconf 90' lang='lat' dir='ltr'><strong>re</strong></span> <span class='ocrx_word' id='word_1_249' title='bbox 1092 4137 1229 4188; x_wconf 87' lang='lat' dir='ltr'><strong>euim</strong></span> <span class='ocrx_word' id='word_1_250' title='bbox 1264 4139 1467 4190; x_wconf 87' lang='lat' dir='ltr'><strong>incerta</strong></span> <span class='ocrx_word' id='word_1_251' title='bbox 1511 4158 1718 4191; x_wconf 88' lang='lat' dir='ltr'><strong>suarum</strong></span> <span class='ocrx_word' id='word_1_252' title='bbox 1762 4139 2064 4208; x_wconf 85' lang='lat' dir='ltr'><strong>opinionum</strong></span> <span class='ocrx_word' id='word_1_253' title='bbox 2097 4136 2325 4189; x_wconf 87' lang='lat' dir='ltr'><strong>ludibria</strong></span> <span class='ocrx_word' id='word_1_254' title='bbox 2360 4137 2674 4200; x_wconf 74' lang='lat' dir='ltr'><strong>immiscere,</strong></span> 
     </span>
     <span class='ocr_line' id='line_1_31' title="bbox 418 4206 2673 4294; baseline -0.003 -29"><span class='ocrx_word' id='word_1_255' title='bbox 418 4232 514 4267; x_wconf 86' lang='lat' dir='ltr'><strong>neo</strong></span> <span class='ocrx_word' id='word_1_256' title='bbox 545 4212 702 4294; x_wconf 74' lang='lat' dir='ltr'><strong>modo</strong></span> <span class='ocrx_word' id='word_1_257' title='bbox 727 4209 1099 4275; x_wconf 87' lang='lat' dir='ltr'><strong>interponere,</strong></span> <span class='ocrx_word' id='word_1_258' title='bbox 1136 4208 1230 4259; x_wconf 87' lang='lat' dir='ltr'><strong>sed</strong></span> <span class='ocrx_word' id='word_1_259' title='bbox 1258 4218 1521 4276; x_wconf 87' lang='lat' dir='ltr'><strong>tamquam</strong></span> <span class='ocrx_word' id='word_1_260' title='bbox 1547 4227 1643 4277; x_wconf 87' lang='lat' dir='ltr'><strong>pro</strong></span> <span class='ocrx_word' id='word_1_261' title='bbox 1669 4207 1951 4291; x_wconf 71' lang='lat' dir='ltr'><strong>exploratis</strong></span> <span class='ocrx_word' id='word_1_262' title='bbox 1982 4207 2299 4289; x_wconf 65' lang='lat' dir='ltr'><strong>substituere</strong></span> <span class='ocrx_word' id='word_1_263' title='bbox 2332 4206 2470 4258; x_wconf 81' lang='lat' dir='ltr'><strong>velle</strong></span> <span class='ocrx_word' id='word_1_264' title='bbox 2501 4225 2566 4259; x_wconf 87' lang='lat' dir='ltr'><strong>ea</strong></span> <span class='ocrx_word' id='word_1_265' title='bbox 2605 4208 2673 4258; x_wconf 85' lang='lat' dir='ltr'><strong>iis</strong></span> 
     </span>
     <span class='ocr_line' id='line_1_32' title="bbox 417 4275 2673 4416; baseline -0.004 -10"><span class='ocrx_word' id='word_1_266' title='bbox 417 4283 753 4406; x_wconf 58' lang='grc' dir='ltr'><strong>ἓῖἒΐέἇῖἕ</strong></span> <span class='ocrx_word' id='word_1_267' title='bbox 770 4315 837 4399; x_wconf 60' lang='grc' dir='ltr'><strong>ξι,</strong></span> <span class='ocrx_word' id='word_1_268' title='bbox 846 4275 1167 4415; x_wconf 56' lang='grc' dir='ltr'><strong>(13,ῖᾷᾞὲ</strong></span> <span class='ocrx_word' id='word_1_269' title='bbox 1192 4275 2673 4416; x_wconf 47' lang='lat' dir='ltr'><strong>{zmpzffsss..¹¹¹.J5353222¹3¹0522¹2¹¹l1l⁸5¹3&amp;ss</strong></span> 
     </span>
     <span class='ocr_line' id='line_1_33' title="bbox 417 4415 2672 4490; baseline -0.004 -15"><span class='ocrx_word' id='word_1_270' title='bbox 417 4422 728 4475; x_wconf 80' lang='lat' dir='ltr'><strong>carminibus</strong></span> <span class='ocrx_word' id='word_1_271' title='bbox 746 4415 977 4490; x_wconf 81' lang='lat' dir='ltr'><strong>pectoris</strong></span> <span class='ocrx_word' id='word_1_272' title='bbox 1003 4424 1249 4486; x_wconf 82' lang='lat' dir='ltr'><strong>tanquam</strong></span> <span class='ocrx_word' id='word_1_273' title='bbox 1286 4415 1524 4469; x_wconf 79' lang='lat' dir='ltr'><strong>claustris</strong></span> <span class='ocrx_word' id='word_1_274' title='bbox 1573 4416 1860 4470; x_wconf 81' lang='lat' dir='ltr'><strong>custoditas</strong></span> <span class='ocrx_word' id='word_1_275' title='bbox 1901 4433 2006 4469; x_wconf 89' lang='lat' dir='ltr'><strong>uon</strong></span> <span class='ocrx_word' id='word_1_276' title='bbox 2046 4415 2150 4467; x_wconf 88' lang='lat' dir='ltr'><strong>nisi</strong></span> <span class='ocrx_word' id='word_1_277' title='bbox 2181 4415 2301 4467; x_wconf 86' lang='lat' dir='ltr'><strong>loco</strong></span> <span class='ocrx_word' id='word_1_278' title='bbox 2340 4433 2436 4467; x_wconf 83' lang='lat' dir='ltr'><strong>suo</strong></span> <span class='ocrx_word' id='word_1_279' title='bbox 2457 4454 2473 4480; x_wconf 90' lang='lat'><strong>,</strong></span> <span class='ocrx_word' id='word_1_280' title='bbox 2519 4425 2576 4466; x_wconf 78' lang='lat' dir='ltr'><strong>et</strong></span> <span class='ocrx_word' id='word_1_281' title='bbox 2601 4416 2672 4467; x_wconf 78' lang='lat' dir='ltr'><strong>ad</strong></span> 
     </span>
    </p>
   </div>
  </div>
 </body>
</html>
