2882 5028
525 359 681 430 732
1009 348 1093 420 Ρ.
1146 345 1656 423 VIRGILII
1708 342 2253 418 MARONIS

530 540 871 634 Semper
899 532 1381 606 honoratum
1413 533 1557 626 (sic
1588 529 1666 605 di
1697 528 2115 626 voluistis),
2173 528 2487 605 habebo,
2623 531 2696 604 50

521 642 755 715 Hunc
787 659 975 735 ege,
1030 634 1373 711 Gaetulis
1407 658 1724 733 agerem
1764 634 1826 707 si
1861 632 2212 730 Syrtibus
2247 632 2467 725 exsul,

519 856 629 899 tam
662 843 841 914 paucis
877 841 1129 912 exemplis
1164 861 1251 895 res
1288 860 1394 895 non
1430 852 1612 910 potest
1646 844 1811 895 omnis
1848 841 2052 894 confici.
2120 842 2308 893 Contra
2353 842 2414 892 πί
2455 836 2699 908 particulam

520 933 627 968 non
662 915 803 967 solet
835 913 1044 980 negatio
1082 914 1417 980 praecedere.
1487 913 1668 963 Multis
1706 930 1735 963 e
1769 912 1902 963 locis
1940 928 2031 963 eos
2066 920 2264 961 tantum
2302 909 2486 971 affero,
2530 908 2604 957 ubi
2632 923 2699 972 per

518 993 740 1037 metrum
774 994 991 1051 utraque
1028 982 1283 1049 particula
1317 981 1490 1033 locum
1525 982 1785 1033 habebat:
1833 983 1930 1033 Ge.
1971 982 2012 1046 1,
2050 982 2166 1035 198.
2200 982 2292 1045 lv,
2331 981 2441 1035 116.
2474 976 2577 1032 455.
2604 980 2698 1028 Aen.

519 1056 613 1116 vl,
648 1053 733 1109 34.
767 1053 890 1107 292.
943 1053 1080 1115 vm,
1116 1052 1235 1105 510.
1319 1052 1492 1104 Semel
1540 1061 1716 1102 tamen
1764 1052 1827 1102 ni
1874 1050 2143 1118 negationi
2190 1049 2472 1101 subiectum
2515 1052 2619 1099 Aen.
2654 1046 2699 1105 Il,

521 1124 657 1187 178„
691 1122 787 1173 sed
821 1122 924 1183 ita,
960 1130 1019 1171 ut
1051 1120 1346 1173 adiunctam
1392 1121 1619 1186 habeat,
1669 1130 1727 1171 ut
1776 1120 1984 1189 saepius
2033 1120 2170 1189 apud
2221 1118 2510 1180 Horatium,
2550 1115 2699 1166 cohor-

518 1192 666 1245 tandi
700 1189 983 1242 notionem.
1055 1189 1188 1241 Hinc
1222 1190 1385 1242 videri
1423 1190 1595 1259 possit
1628 1192 1690 1241 ni
1731 1206 1845 1241 cum
1891 1189 2156 1240 deteriore
2206 1189 2436 1239 codicum
2479 1196 2605 1254 parte
2640 1182 2698 1233 le-

518 1262 744 1330 gendnm
780 1277 912 1311 esse.
981 1264 1152 1327 Atque
1189 1269 1246 1310 ut
1279 1260 1566 1311 concedam
1600 1261 1713 1310 nisi
1744 1269 1801 1310 et
1848 1261 1909 1310 ni
1959 1259 2221 1309 interdum
2273 1257 2548 1327 promiscue
2588 1270 2700 1304 usur-

517 1332 666 1402 pari,
703 1340 900 1382 certum
934 1340 1105 1380 tamen
1158 1330 1417 1396 quoddam
1464 1327 1744 1379 intercedit
1795 1328 1932 1379 inter
1980 1329 2074 1379 has
2130 1326 2411 1396 particulas
2455 1323 2697 1376 discrimen:

517 1405 581 1452 ni
617 1401 750 1452 enim
787 1398 1120 1461 affirmantis,
1161 1428 1222 1437 —-
1262 1399 1431 1449 addo:
1470 1398 1699 1466 graviter
1732 1396 2007 1462 minantis,
2053 1407 2112 1447 nt
2154 1414 2241 1463 ap.
2293 1396 2436 1463 Virg.
2486 1400 2597 1445 Aen.
2633 1392 2699 1452 lX,

516 1471 637 1524 805.
675 1470 794 1531 ΧΠ,
828 1468 950 1522 568.
987 1497 1054 1506 -
1090 1469 1201 1518 nisi
1231 1468 1470 1535 negantis
1507 1476 1599 1520 aut
1647 1466 1961 1534 ambigentis
2009 1476 2105 1517 est.
2187 1465 2326 1517 Hinc
2373 1468 2579 1526 mirum,
2617 1479 2697 1511 mo-

516 1541 667 1604 riar,
692 1556 946 1610 peream,
997 1538 1086 1599 ni,
1139 1536 1316 1587 dicere
1366 1537 1630 1599 solemus,
1682 1553 1784 1586 uon
1841 1538 2069 1598 mirum,
2119 1546 2210 1585 aut
2257 1538 2479 1597 moriat,
2516 1548 2697 1605 peream,

516 1608 652 1671 nisi,
715 1623 1021 1678 quamquam
1075 1605 1185 1656 scio
1233 1605 1341 1674 legi
1387 1606 1489 1657 hoc
1536 1605 1797 1656 nonnullis
1844 1604 2005 1667 locis3
2052 1614 2236 1655 contra
2280 1608 2388 1656 nisi
2438 1622 2583 1664 vero,
2625 1599 2699 1651 nisi

495 1676 693 1748 ’sot-te,
730 1693 833 1727 non
868 1676 932 1726 ni
963 1694 1122 1737 vero,
1176 1678 1238 1726 ni
1278 1675 1444 1744 sorte.
1517 1675 1641 1725 Inde
1691 1675 1775 1735 fit,
1823 1686 1880 1726 ut
1927 1676 1989 1725 ni
2033 1692 2191 1741 saepe
2241 1692 2357 1725 cnm
2401 1670 2625 1741 particula
2658 1677 2698 1715 a!

511 1745 794 1815 permutari
829 1743 1033 1813 possit,
1075 1751 1139 1793 ut
1175 1744 1313 1813 apud
1362 1744 1552 1812 virgil.
1605 1745 1702 1795 Ge.
1753 1746 1845 1807 IV,
1895 1747 2011 1797 116.
2061 1744 2181 1796 455.
2231 1750 2361 1795 Aen.
2412 1744 2474 1808 11,
2515 1741 2616 1796 599.
2653 1736 2697 1797 V·

510 1817 633 1870 233.
668 1816 791 1870 355.
828 1816 919 1875 vl,
955 1814 1039 1867 34.
1080 1814 1202 1868 359.
1255 1815 1394 1873 vm.
1428 1816 1550 1868 510.
1634 1815 1746 1863 Hac
1792 1831 1851 1863 re
1901 1813 1967 1862 ad
2014 1823 2250 1863 nostrum
2296 1812 2463 1864 locum
2509 1807 2697 1861 translata

507 1884 820 1952 intelligitur
855 1893 1123 1951 praestare
1176 1883 1446 1933 meliorum
1500 1883 1735 1933 codicum
1769 1882 2049 1933 lectionem
2084 1900 2115 1932 a
2149 1900 2236 1932 me
2284 1892 2562 1932 revocatam
2600 1877 2697 1931 nisa}

508 1972 616 2004 non
653 1955 787 2005 enim
823 1961 975 2021 putat
1010 1968 1066 2001 se
1117 1951 1261 2008 salli.
1309 1955 1371 2003 ni
1401 1951 1588 2033 [αζΙον
1635 1951 1800 2002 foret:
1851 1951 2008 2002 facile
2054 1962 2231 2002 tamen
2284 1951 2397 2002 fieri
2448 1957 2626 2019 potest,
2659 1952 2699 1992 ⁰1
2794 1998 2795 2001 ,

505 2023 678 2075 fallar.
715 2022 822 2073 Cic.
859 2022 927 2071 ad
963 2027 1070 2072 Att.
1099 2023 1235 2084 vm,
1265 2024 1344 2075 7.:
1382 2023 1565 2085 „nisi
1601 2038 1693 2070 me
1731 2019 1949 2071 omnia
1986 2020 2314 2073 fallunt.“
2351 2014 2698 2073 adeund.x1V‚

510 2096 622 2146 12:
657 2091 794 2155 „Sed
829 2106 959 2151 nos,
1008 2090 1274 2140 nisime
1315 2089 1546 2151 fallit,
1601 2089 1937 2141 iacebimns.“
1987 2091 2053 2141 ad
2102 2091 2250 2142 Fam.
2300 2093 2366 2154 V,
2412 2091 2520 2142 2o.:
2562 2081 2698 2149 „nisi

507 2161 675 2230 quid
709 2178 803 2211 me
843 2158 1105 2208 fallit.“
1143 2159 1314 2210 Plaut.
1351 2160 1673 2211 Menaechm.
1710 2160 1776 2221 V,
1812 2161 1864 2222 9,
1898 2161 2011 2213 23.:
2066 2161 2240 2225 „Nam
2278 2158 2540 2211 nisime
2587 2151 2698 2206 ani·
2794 2158 2795 2169 ¹

504 2248 643 2282 mus
679 2229 933 2282 fallit.⁴‘
971 2228 1108 2279 adde
1145 2231 1365 2279 Terent.
1402 2231 1685 2279 Heautont.
1721 2230 1813 2291 lv,
1854 2234 1901 2291 1,
1941 2232 1987 2282 1.
2035 2229 2246 2280 Phorm.
2286 2230 2351 2291 V,
2403 2232 2447 2291 1,
2492 2230 2537 2280 8.
2595 2221 2697 2275 Nolo

502 2311 673 2351 tamen
717 2297 1075 2359 dissimulare,
1111 2301 1173 2349 ω’
1194 2296 1403 2369 fallor,
1454 2308 1624 2349 metro
1676 2298 1900 2349 fortasse
1957 2309 2210 2366 cogente,
2261 2298 2369 2366 legi
2417 2296 2546 2363 apud
2587 2290 2696 2343 Ovid-

503 2371 645 2435 East.
681 2370 772 2432 lv,
810 2368 930 2420 623.
973 2367 1119 2433 Wr.)
1260 2371 1324 2424 51
1375 2369 1541 2420 Nunc
1591 2386 1693 2437 ego
1740 2367 2001 2418 refellitur
2048 2387 2078 2420 a
2126 2370 2299 2419 Burm.
2370 2368 2528 2435 (hunc
2566 2376 2697 2415 omnes

501 2439 688 2499 codd.;
740 2455 889 2489 nune
923 2437 1161 2486 mendum
1198 2438 1250 2487 in
1288 2437 1444 2488 Fabri
1482 2436 1756 2487 Thesauro
1794 2454 1826 2488 a
1860 2438 2030 2487 Bnrm.
2068 2448 2357 2504 repertum.
2402 2435 2534 2499 Wr.)
2593 2449 2696 2500 age-

502 2528 593 2560 rer
629 2510 830 2575 Hugeu.
899 2505 1296 2558 Distinctionem
1333 2521 1456 2577 post
1504 2509 1668 2557 Hunc
1703 2525 1804 2577 ego
1857 2506 2068 2557 sustulit
2116 2508 2325 2572 Burm.,
2374 2516 2431 2556 ut
2474 2504 2591 2555 adeo
2624 2498 2696 2551 sit.

501 2582 666 2630 Hunc
699 2596 800 2648 ego
837 2594 872 2627 α
913 2595 1084 2640 erem,
1123 2578 1174 2628 si
1204 2578 1366 2628 exsul
1398 2595 1631 2646 agerem.
1686 2576 1916 2643 (putiau
1953 2579 2121 2627 IIunc
2155 2596 2262 2647 ego
2312 2579 2364 2629 si
2408 2575 2555 2626 exsul
2596 2588 2695 2639 age-

500 2667 626 2698 rem.
672 2646 812 2713 Wr.)
872 2595 1105 2708 ἥλὼίῑο,
1160 2663 1225 2697 an
1261 2645 1336 2696 sic
1371 2655 1533 2714 poeta
1570 2645 1820 2696 senserit:
1877 2644 1964 2714 qui
2017 2647 2157 2696 forte
2207 2664 2307 2714 per
2358 2638 2696 2697 oe'vtoexo'dotov

496 2717 645 2786 loqui
682 2715 889 2769 maluit:
925 2718 1092 2766 Hune
1127 2733 1259 2786 ego,
1295 2717 1345 2765 si
1367 2744 1431 2752 —
1466 2725 1521 2764 et
1553 2731 1688 2765 nunc
1721 2724 1981 2770 structura
2017 2725 2250 2766 mutata:
2287 2733 2474 2766 annua
2500 2725 2694 2762 -exse-

496 2806 706 2856 queret.
778 2784 989 2854 (Heynii
1024 2781 1157 2835 ratio
1194 2784 1375 2835 eadem
1414 2796 1523 2846 est,
1560 2801 1692 2851 quae
1728 2784 1928 2847 Servii,
1979 2803 2199 2854 agerem
2236 2802 2333 2853 per
2366 2802 2527 2835 essem
2564 2776 2694 2847 expli·

496 2856 695 2917 cantis3
733 2866 787 2905 et
823 2865 947 2923 post
982 2873 1083 2924 ego
1124 2852 1278 2905 etiam
1311 2853 1367 2903 in
1406 2853 1644 2904 Mediceo
1680 2853 2082 2921 interpungitur.
2150 2855 2261 2905 lam
2321 2871 2469 2922 quum
2508 2851 2568 2901 de
2609 2844 2693 2897 sol⁴

493 2924 655 2976 lemni
691 2944 750 2976 ac
786 2925 924 2975 festo
960 2923 1047 2973 die
1087 2922 1170 2974 hic
1217 2933 1433 2990 agatur,
1482 2922 1728 2990 displicet
1775 2922 2118 2990 ambiguitas,
2167 2941 2305 2992 qnae
2357 2931 2437 2972 est
2479 2922 2530 2972 in
2569 2914 2691 2970 verbo

499 3014 733 3063 agerem,
772 2993 913 3062 quod
952 2992 1055 3044 hoc
1090 2993 1145 3042 in
1181 2992 1436 3042 orationis
1474 3010 1606 3042 nexu
1642 2991 1846 3043 facilius
1882 3010 1980 3060 pro
2021 2991 2355 3044 celebrarem
2380 2991 2559 3042 dictum
2583 2983 2690 3039 soci-

491 3064 640 3132 pias,
676 3064 818 3131 quod
851 3073 1023 3112 tamen
1059 3063 1289 3113 refutant
1322 3080 1424 3113 vss.
1463 3062 1531 3115 53
1565 3080 1644 3129 sq.
1715 3065 1898 3129 Itaque
1940 3061 2084 3111 nolui
2134 3062 2201 3112 ab
2244 3060 2438 3128 Heynii
2487 3053 2691 3111 sentent'n

491 3133 780 3185 discedere.
850 3133 917 3180 Et
953 3130 1122 3182 simile
1160 3142 1266 3194 est,
1322 3132 1465 3198 quod
1508 3131 1701 3198 legitur
1749 3131 1886 3182 infra
1934 3133 2050 3194 Vn,
2098 3133 2203 3185 611
2255 3149 2394 3199 sqq.:
2444 3131 2615 3193 „Has
2644 3151 2689 3160 -

403 3257 406 3260 Δ
530 3216 791 3264 ortas—,
827 3200 913 3250 ubi
951 3211 1091 3250 certa
1127 3201 1278 3250 sedet
1316 3200 1549 3262 patribus
1586 3200 1845 3251 sententia
1882 3218 2120 3268 pugnae,
2171 3204 2195 3250 Ι
2236 3219 2297 3251 se
2336 3198 2577 3263 Quirinali
2605 3208 2689 3245 tra·

481 3222 588 3322 bea
640 3272 911 3338 cinctuque
964 3270 1168 3320 Gabino
1219 3269 1441 3336 Insignis
1495 3281 1698 3321 reserat
1747 3269 2145 3322 stridentia
2195 3220 2434 3320 rimina
2476 3263 2688 3323 oonsnl;“

487 3341 578 3392 ubi
629 3357 755 3390 cave
805 3338 962 3389 verba
1012 3339 1305 3390 stridentia
1355 3340 1546 3390 limina
1592 3339 1888 3409 pronomini
1941 3342 2063 3392 Has
2106 3340 2359 3410 apposita
2406 3356 2514 3389 esse
2558 3346 2687 3405 pute&

486 3408 695 3460 Iahnius
728 3408 963 3477 sequitur
993 3409 1354 3460 But-mannum.
1392 3412 1478 3462 W
1472 3409 1541 3476 r.)

483 3609 541 3658 et
605 3598 860 3657 cinerem
941 3620 1089 3659 urna
1167 3599 1568 3675 condendum,
1652 3609 1777 3675 tas,
1812 3600 2033 3661 nisiex
2063 3612 2223 3679 arte,
2266 3609 2369 3658 est.
2451 3600 2683 3656 Ceterum

480 3685 752 3743 Manibus
782 3685 980 3745 fiebat.
1026 3687 1097 3745 cf.
1132 3707 1189 3745 v.
1227 3690 1334 3751 86.
1419 3686 1566 3744 Mox
1650 3706 1755 3745 vv.
1783 3687 1865 3751 49
1894 3708 2053 3765 seqq.
2095 3684 2447 3747 ornatissimi
2484 3691 2610 3742 sunt
2641 3685 2681 3734 el

477 3775 546 3829 m'
554 3771 757 3848 fallor·
786 3772 935 3828 male
957 3772 1031 3829 ad
1075 3771 1214 3829 anni
1259 3772 1565 3830 confusio-
1649 3772 1863 3850 pathos
1894 3773 2154 3848 habent3
2190 3793 2251 3830 se
2281 3772 2432 3830 diem
2459 3768 2681 3827 celebra·

477 3877 645 3930 nem,
704 3875 855 3932 quae
900 3865 1031 3914 erat
1087 3857 1248 3934 apud
1294 3858 1564 3931 maiores,
1648 3868 1857 3916 turum
1886 3880 2007 3917 esse
2042 3877 2273 3936 semper
2297 3867 2360 3914 et
2384 3850 2675 3931 ubique,in

474 3944 662 4001 refert
689 3942 949 4000 Servius.
1028 3941 1293 4000 Hei-oieis
1322 3952 1561 4021 tempo·
1650 3943 1889 4002 deserto
1920 3990 1935 4017 ‚
1996 3945 2057 4003 in
2113 3945 2262 4002 mari
2315 3951 2372 3999 et
2411 3939 2596 4000 mediis
2630 3936 2674 3991 in

476 4030 642 4088 ribus
675 4047 791 4086 non
823 4027 932 4085 nisi
964 4026 1040 4085 ad
1080 4027 1218 4086 solis
1260 4028 1558 4086 siderum·
1644 4028 1933 4089 hostibus.

470 4134 587 4191 que
620 4112 1066 4184 conversiones,
1113 4113 1315 4190 quales
1353 4115 1557 4172 cuius-
1732 4116 1806 4178 51
1846 4152 1924 4162 —-
1956 4113 2055 4179 54.
2149 4114 2439 4173 Gaetulae
2513 4109 2673 4184 Sym

469 4199 584 4279 que
614 4199 802 4259 oculis
834 4198 1264 4272 occurrebant,
1304 4219 1558 4278 compu-
1643 4201 1845 4280 paullo
1893 4201 2067 4259 latius
2134 4200 2359 4272 dictae,
2428 4215 2496 4253 ex
2537 4204 2671 4249 more

465 4288 752 4344 tabantur
785 4284 928 4342 anni
959 4295 1019 4343 et
1046 4284 1185 4342 dies,
1276 4285 1456 4362 Atqui
1495 4286 1557 4343 in
1645 4296 1975 4367 poetarum.
2050 4288 2196 4344 Nam
2234 4282 2459 4343 Gaetuli
2498 4291 2668 4336 vernn

463 4370 555 4430 his
595 4393 714 4430 nou
765 4390 995 4451 semper
1042 4391 1272 4429 summa
1315 4370 1558 4430 subtili·
1646 4372 2014 4432 occidentem
2061 4373 2289 4433 Africae
2328 4379 2387 4427 et
2422 4368 2478 4425 in
2516 4357 2666 4421 mai·
