2882 5028
528 343 1138 422 AENEIDOS
1189 345 1400 422 LIB.
1454 344 1590 440 ΙΙΙ,
1646 349 2084 426 519-534
2300 352 2450 429 521

209 537 437 610 Ferte
473 532 679 608 viam
715 546 957 609 vento
990 530 1345 624 facilem,
1404 542 1486 606 et
1515 532 1804 630 spirate
1838 532 2191 612 secundi.

213 636 735 715 Crebrescunt
767 649 1080 738 optatae
1124 659 1396 730 aurae,
1453 637 2259 736 portusquepatescit
2302 642 2457 718 530

211 744 371 816 Iam
403 797 409 804 .
441 740 776 841 propior
800 799 822 837 ‚
906 739 1470 840 templumque
1529 738 1855 839 adparet
1927 741 2008 814 in
2073 764 2251 817 arce
2305 744 2459 819 Mi-

1373 865 1687 918 nervae.

214 945 393 1024 Vela
430 946 707 1043 legunt
745 944 977 1041 socii,
1028 956 1107 1021 et
1132 968 1410 1045 proras
1453 945 1551 1020 ad
1583 945 1812 1021 litora
1848 956 2252 1046 torquent.

213 1053 488 1126 Portus
526 1049 625 1124 ab
652 1051 923 1125 Euroo
958 1045 1210 1124 fluctu
1237 1062 1598 1125 curvatus
1631 1050 1709 1123 in
1748 1073 2059 1141 arcum3

217 1154 592 1231 Obiectae
621 1151 817 1227 salsa
844 1164 1221 1253 spumant
1253 1150 1717 1252 adspargine
1759 1166 2061 1229 cautes:

337 1361 441 1416 529
489 1359 653 1412 venei
683 1358 941 1411 Montalb.
983 1360 1048 1411 ab
1090 1358 1490 1428 interpolatore.
1561 1378 1613 1411 ν.
1647 1358 1730 1411 vel
1774 1358 1932 1413 nobie
1971 1357 2171 1410 zulich.
2233 1357 2463 1428 sacllem

217 1443 373 1482 veneo
397 1429 626 1484 non-iu.
696 1441 750 1480 et
784 1427 1068 1500 adspirate
1091 1430 1256 1482 wall.
1328 1430 1566 1481 secunde
1607 1428 1742 1481 alter
1787 1429 2036 1481 Rottend.
2176 1427 2281 1481 530
2329 1432 2464 1479 Cre-

217 1497 427 1552 bucam
457 1499 615 1550 multi
641 1508 697 1549 et
725 1498 811 1549 hic
842 1498 995 1549 male.
1032 1499 1097 1552 cs.
1130 1499 1198 1550 ad
1228 1501 1424 1566 Georg.
1449 1501 1492 1562 1,
1521 1499 1643 1552 359.
1781 1500 1882 1553 531
1921 1516 2026 1568 que
2063 1497 2215 1549 uheet
2253 1515 2284 1548 a
2311 1496 2463 1550 Leid.

216 1569 310 1623 ⁵32
343 1582 395 1619 et
429 1569 588 1620 deest
619 1567 785 1622 wall.
848 1570 1059 1639 prioris
1084 1569 1244 1620 Goth.
1277 1586 1382 1620 aec.
1406 1586 1437 1619 a
1470 1587 1535 1620 m.
1563 1585 1644 1636 pr.
1715 1569 1791 1620 ud
1821 1568 1858 1619 l.
1899 1580 2125 1619 vertunt
2150 1577 2261 1618 tres
2292 1568 2464 1617 Burm.

215 1638 310 1692 533
341 1639 518 1706 Vulgo
552 1642 689 1690 Eoo.
740 1636 838 1704 (sic
876 1636 1044 1689 Palat.
1099 1638 1240 1706 lVr.)
1310 1643 1381 1690 At
1420 1641 1609 1690 Euroo
1651 1653 1830 1689 omues
1871 1654 2040 1704 paene
2090 1636 2243 1688 codd.
2287 1635 2467 1700 Pierii,

214 1708 390 1760 Medic.
419 1719 476 1759 et
520 1706 693 1759 ceteri
729 1706 1043 1758 vetustiores
1084 1707 1266 1760 Heine.
1305 1716 1361 1758 et
1400 1724 1496 1758 sex
1543 1708 1713 1759 Burm.
1787 1709 1962 1773 (Euro
1999 1708 2054 1760 2.
2092 1707 2142 1760 3.
2182 1708 2265 1760 11.
2318 1705 2466 1773 Wr.)

217 1778 354 1828 Nova
381 1787 564 1828 tamen
595 1794 658 1827 ea
689 1777 858 1827 forma
892 1777 956 1827 ab
989 1781 1205 1840 Eurus,
1255 1777 1356 1828 etei
1385 1775 1676 1843 analogiam
1708 1775 1870 1828 habet
1921 1775 1977 1826 in
2025 1780 2297 1838 Arctous,
2348 1778 2466 1827 Le·-

218 1844 367 1897 sbous
390 1857 445 1898 et
472 1847 566 1910 al„
603 1855 658 1896 et
690 1846 1074 1898 confunduntur
1101 1848 1215 1898 fere
1245 1850 1434 1897 Eurus
1461 1855 1515 1895 et
1541 1850 1725 1907 Eoun
1774 1854 2092 1927 poteratque
2115 1845 2285 1911 primo
2314 1861 2466 1895 erra-

217 1924 312 1965 tum
336 1933 450 1967 esee
483 1920 615 1967 Euo
646 1932 743 1984 pro
770 1919 920 1979 Eoo,
957 1925 1015 1966 ut
1039 1921 1123 1968 Eo
1156 1924 1237 1967 est
1268 1915 1321 1966 in
1352 1933 1432 1984 pr.
1463 1915 1652 1967 Hamb.
1685 1926 1738 1966 et
1776 1932 1831 1965 m
1867 1914 2045 1966 multia
2087 1919 2258 1965 Euro.
2328 1912 2468 1966 Vide

216 1984 380 2037 Heius.
408 1986 476 2037 ad
514 1985 577 2036 h.
606 1983 662 2048 l.,
698 1984 785 2054 qni
814 1989 959 2048 Eoo,
1006 1984 1149 2053 quod
1176 1985 1428 2052 ,vulgatae
1475 1984 1595 2036 edd.
1627 1985 1925 2047 habebant,
1966 2001 2079 2036 cum
2116 1983 2291 2034 Pierio
2330 1983 2469 2034 reti—

217 2053 344 2115 nuit;
379 2073 482 2107 non
514 2065 725 2120 tamen,
759 2052 862 2105 nisi
888 2053 943 2103 in
973 2054 1137 2105 tribus
1169 2066 1454 2122 quatuorve
1472 2092 1489 2118 ,
1522 2053 1692 2123 iisque
1714 2052 2098 2105 recentioribus
2126 2052 2307 2114 libris,
2335 2052 2470 2104 illud

217 2134 505 2192 repererat3
555 2122 690 2175 adde
719 2123 823 2174 duo
854 2123 1017 2175 Goth.
1048 2134 1104 2174 at
1135 2124 1270 2175 alter
1318 2141 1465 2175 eroo.
1538 2128 1728 2175 Euroo
1755 2133 1931 2174 tamen
1959 2122 2116 2174 etiam
2145 2121 2353 2174 Servius
2380 2123 2469 2173 iu-

216 2200 557 2263 terpretatur3
596 2201 651 2244 et
678 2209 798 2243 usus
835 2202 916 2244 eet
960 2211 1022 2244 ea
1052 2210 1183 2244 voce
1210 2192 1460 2244 Priscian.
1488 2192 1543 2243 in
1573 2192 1860 2260 Periegesi.
1891 2211 1938 2242 v.
1967 2194 2090 2248 871.
2147 2194 2303 2261 flatu
2342 2195 2468 2245 Exc.

217 2263 343 2315 cort.
368 2282 429 2315 ex
454 2262 654 2315 Hamb.
684 2280 805 2325 aec„
840 2262 997 2331 idque
1029 2262 1303 2313 videbatur
1337 2262 1391 2312 in
1418 2261 1658 2313 Parrhas-
1686 2262 1846 2313 fuisse
1865 2300 1881 2327 ,
1916 2261 1969 2311 iu
2000 2278 2103 2331 quo
2143 2261 2306 2312 etiam
2352 2267 2470 2315 Eoo

218 2334 490 2401 repositum
555 2340 684 2382 erat.
754 2343 1026 2382 curvatur
1066 2331 1268 2401 aliquot
1310 2330 1493 2383 Heius.
1538 2341 1594 2382 et
1644 2333 1813 2384 Burm.
1860 2348 1973 2382 cum
2017 2331 2138 2382 edd.
2169 2330 2290 2383 Ald.
2332 2334 2471 2384 lunt.

218 2402 491 2467 (curvatur
516 2400 711 2482 pauci,
761 2399 815 2450 in
859 2398 939 2451 hia
977 2401 1146 2452 Putat.
1206 2402 1352 2469 Wr.)
1427 2402 1687 2482 sinuatus
1725 2419 1831 2452 sec.
1871 2402 2067 2481 Moret.
2203 2400 2310 2455 534
2362 2401 2470 2452 ad-

218 2471 948 2610 335;2⁶÷.‘112⁰32253‘2¹5
961 2472 1489 2592 &522322‘03‘533221
1532 2470 1736 2607 Ἢῗὲ,
1757 2468 2469 2609 ⁶:.1332222?<G‘‡¹21¹223

222 2609 315 2662 vid.
344 2614 405 2663 V.
432 2613 493 2662 L.
521 2611 595 2663 ad
622 2611 718 2660 Ge.
748 2611 836 2672 111,
864 2612 984 2663 419.
1028 2612 1175 2673 Wr.)
1248 2612 1325 2662 De
1348 2627 1477 2662 voce
1507 2611 1677 2661 Burm.
1706 2610 1885 2660 laudat
1912 2610 2090 2659 Barth.
2140 2610 2206 2659 ad
2249 2614 2381 2662 Stat.
2424 2612 2472 2662 11

222 2680 380 2762 Theo.
400 2683 528 2763 3375.
600 2678 763 2732 Goth.
802 2696 909 2731 nec.
945 2682 1251 2752 vertigine,
1288 2681 1430 2750 quod
1454 2679 1696 2731 absolute
1725 2678 1798 2730 ita
1840 2677 2037 2730 dictum
2079 2678 2322 2747 equidem
2363 2697 2473 2733 non

220 2766 433 2804 memmi·

223 2925 499 2987 collocata
526 2935 694 3003 erat,
733 2925 797 2987 h.
829 2945 880 2986 e.
919 2926 1151 3008 signum
1183 2946 1304 2985 nu-

224 3011 416 3089 minis,
460 3014 638 3075 cuius
686 3013 914 3072 tutelae
963 3013 1135 3074 navis
1175 3021 1305 3072 erat

227 3097 475 3176 credita3
507 3119 632 3159 una
659 3118 796 3158 cum
821 3099 1021 3159 seculo
1052 3108 1159 3158 aut
1183 3118 1301 3158 ara.

227 3181 314 3240 Ad
348 3181 508 3244 hanc
553 3185 739 3265 igitur
782 3185 990 3245 libatio
1043 3194 1106 3244 et
1160 3203 1304 3265 pre-

228 3287 314 3327 ces
348 3270 526 3330 fiunt.

301 3354 441 3420 529.
484 3356 729 3431 Alfene,
774 3355 934 3432 date,
979 3360 1150 3416 viam
1181 3376 1301 3415 na-

229 3438 578 3518 vigationem
622 3444 880 3501 faustam
927 3455 1096 3503 vento
1141 3440 1205 3503 h.
1251 3460 1303 3503 e.

230 3535 401 3586 vento
430 3528 700 3587 secundo
741 3528 1034 3605 immis803
1079 3537 1140 3587 et
1186 3526 1304 3610 a‚d-

231 3610 460 3688 spirate,
503 3616 724 3689 favete,
762 3614 1022 3693 propitii.
1110 3613 1307 3673 Verba

232 3695 447 3776 singula
490 3719 632 3760 cum
672 3698 916 3759 dilectu.
1000 3699 1146 3759 Mox
1183 3698 1311 3765 530

224 3795 423 3857 portus
470 3788 738 3865 patescit
770 3829 787 3859 ,
863 3785 942 3844 ad
998 3785 1312 3846 oculorum

235 3885 478 3930 teumm.
520 3892 580 3931 v.
608 3891 738 3951 sup.
757 3869 993 3935 ad411.
1056 3872 1224 3936 531.
1252 3874 1311 3932 2.

237 3951 327 4011 Ad
346 3974 506 4035 seqq.
535 3957 621 4017 cf.
644 3957 886 4037 Dionys.
912 3956 1104 4016 Halic.
1134 3956 1179 4031 1,
1207 3958 1311 4029 51,

238 4039 438 4100 Strabo
467 4042 566 4118 VI,
590 4065 649 4124 p.
679 4046 799 4108 281
847 4043 913 4101 Β.
956 4052 1018 4102 et
1061 4044 1313 4102 Excurs.

240 4128 309 4181 de
356 4128 554 4186 Error.
609 4131 765 4189 Aen.
830 4129 942 4190 sub
1005 4130 1046 4188 f.
1140 4126 1313 4190 Adde

241 4208 466 4272 Cluver.
494 4212 637 4275 Ant.
666 4214 803 4275 Ital.
826 4236 962 4296 pag.
999 4216 1164 4280 1240
1201 4222 1312 4273 8ῒο-

242 4296 454 4356 Parma
485 4308 575 4358 eat
600 4304 823 4360 Porcus
861 4304 923 4362 V
924 4305 1132 4359 anet-is.
1182 4302 1314 4358 Arx

244 4397 346 4456 pro
370 4394 574 4445 moute
605 4382 702 4467 (ut
725 4408 855 4469 sup.
896 4389 1041 4453 336.
1082 4407 1143 4447 v.
1183 4405 1314 4466 sup.

1389 2924 1469 2986 ad
1511 2921 1697 3005 521),
1744 2923 1808 2984 in
1851 2944 1972 3003 quo
2019 2924 2311 3004 templum
2351 2924 2474 2984 Mi-

1388 3030 1611 3071 nervae
1663 3021 1825 3085 erat,
1909 3011 2074 3089 quod
2122 3010 2476 3071 Idomeneus

1389 3097 1727 3157 condidisse
1790 3097 2096 3157 serebatur
2161 3094 2476 3177 (Pompon.

1388 3184 1525 3243 Sab.
1566 3183 1647 3241 ad
1690 3202 1748 3242 v.
1787 3184 1913 3248 530
1973 3186 2196 3247 Portus
2236 3185 2471 3242 Aetnei.

1385 3271 1496 3350 leg.
1529 3266 1880 3350 Idomenei).
1980 3268 2125 3332 582.
2168 3268 2265 3344 Ad
2290 3270 2478 3330 verba

1391 3375 1700 3434 compares
1725 3375 1855 3434 sup.
1888 3374 1948 3413 v.
1979 3358 2127 3417 207.
2181 3357 2343 3416 Vela
2363 3362 2479 3415 ca-

1390 3443 1575 3518 dunt,
1621 3443 1798 3501 remis
1826 3441 2216 3518 imwgimus.
2260 3463 2279 3486 ι

1482 3612 1607 3678 538
1628 3643 1700 3656 -·
1726 3610 1870 3675 586.
1925 3613 2182 3670 Portum
2212 3612 2481 3672 ·Veneris

1397 3696 1681 3757 describit
1721 3695 1866 3755 satia
1908 3705 2151 3756 ornate:
2205 3697 2352 3756 situs
2395 3704 2485 3756 est

1394 3802 1607 3843 versus
1646 3781 1971 3842 Orientem.
2057 3782 2334 3842 Efficitur
2384 3782 2483 3842 ille

1397 3870 1637 3928 sinuoso
1682 3868 1901 3928 littoris
1953 3867 2117 3927 flexu
2135 3913 2150 3942 ,
2224 3868 2484 3948 scopulis

1394 3955 1682 4033 utrinque
1709 3955 2205 4034 procurrentibus
2228 3956 2286 4013 in
2321 3973 2484 4014 mare

1398 4049 1459 4100 et
1479 4041 1940 4101 incurvantibus
1968 4060 2060 4116 se,
2104 4050 2177 4101 ut
2202 4041 2486 4119 utrinque

1396 4148 1510 4207 pro
1556 4127 1712 4185 mole
1754 4128 1873 4187 sint
1913 4127 2117 4207 portui
2158 4134 2484 4207 praetenta,

1400 4214 1478 4272 ad
1541 4234 1721 4291 quam
1781 4214 1963 4273 maris
2015 4232 2093 4271 ex
2153 4214 2277 4272 alto
2336 4210 2487 4271 allisi

1399 4299 1619 4360 fluctus
1689 4310 2036 4359 extrorsum
2106 4299 2487 4376 franguntur.

1403 4389 1603 4445 Euroo
1640 4386 1847 4465 fluctu
1873 4385 1947 4444 ab
1977 4384 2139 4445 Euro
2155 4428 2174 4461 ‚
2215 4391 2320 4459 ut,
2366 4380 2487 4444 Ar·-
