2882 5028
515 338 1131 414 AENEIDos
1188 343 1398 417 ma.
1450 343 1547 435 11,
1610 297 2044 424 195-2207
2256 357 2406 427 297

139 531 528 601 Laocoon
552 587 573 618 ‚
623 526 906 602 ductus
934 532 1311 627 Neptuno
1344 541 1558 603 sorte
1599 530 1989 628 sacerd05‚

143 628 590 704 Sollemnis
622 641 940 705 taurum
971 633 1380 727 ingentem
1408 634 1800 709 mactabat
1822 635 1920 711 ad
1951 661 2134 714 aras,

136 736 345 809 Ecce
384 746 664 808 autem
700 734 999 830 gemini
1037 760 1079 809 a
1106 734 1446 811 Tenedo
1478 737 1894 838 tranquilla
1930 765 2078 840 per
2106 739 2252 816 alta

144 840 589 923 (Horresco
622 834 1018 935 referens)
1044 839 1426 914 inmensis
1456 840 1785 916 orbibus
1817 866 2111 940 angues

144 940 641 1016 Iucumbunt
720 940 1007 1041 pelago
1027 1003 1048 1039 ‚
1161 944 1619 1045 pariterque
1707 944 1803 1020 ad
1908 943 2134 1022 litora
2231 958 2409 1022 ten-

1307 1045 1543 1124 dunt:
2255 1055 2407 1130 265

146 1148 484 1222 Pectora
523 1171 876 1248 quorum
906 1148 1114 1224 inter
1147 1147 1437 1225 fluctus
1467 1150 1782 1226 adrecta
1813 1151 2205 1251 iubaeque

155 1251 656 1348 Sanguineae
683 1265 1060 1351 superant
1092 1254 1384 1348 undas;
1438 1279 1620 1355 pars
1649 1266 1909 1330 cetera
1942 1268 2286 1356 pontum

247 1397 424 1467 207.
471 1410 979 1464 usnemun·

284 1581 388 1634 mil
429 1583 713 1645 Laucoon,
748 1582 1009 1634 Lachoon
1034 1583 1088 1634 in
1119 1583 1407 1647 Gothauia5
1456 1594 1511 1636 et
1548 1585 1625 1636 sic
1647 1584 1761 1636 siue
1796 1582 1957 1636 dubio
1994 1583 2150 1635 etiam
2187 1583 2243 1634 iu
2268 1582 2408 1635 alio-

156 1666 263 1699 rum
294 1649 450 1700 libris
485 1649 606 1701 fuit.
680 1654 761 1702 lta
787 1651 923 1701 euim
948 1651 1059 1704 fere
1088 1653 1310 1705 librarii.
1344 1672 1393 1707 v,
1422 1671 1480 1705 eu
1521 1691 1535 1705 .
1559 1654 1645 1708 41.
1698 1655 1764 1705 cf.
1805 1653 1873 1704 ad
1897 1655 2111 1704 Petron.
2140 1654 2228 1716 89,
2261 1670 2310 1703 v.
2342 1655 2412 1708 19

155 1731 201 1770 et
227 1719 315 1776 43.
352 1721 533 1770 Burm.
565 1721 783 1773 Anthol.
812 1720 906 1772 lat.
934 1720 1027 1773 lib.
1058 1725 1100 1787 1,
1137 1741 1221 1791 ep.
1249 1728 1364 1778 no.
1485 1726 1678 1794 eptum'
1701 1723 1873 1789 Bigot.
1912 1731 1966 1773 et
2004 1742 2034 1773 a
2069 1742 2136 1773 m.
2183 1740 2262 1790 pr.
2294 1724 2411 1772 Hu-

154 1807 267 1855 gen.
294 1809 327 1840 a
368 1807 477 1840 nec.
527 1791 716 1842 Hamb.
762 1808 844 1858 pr.
914 1792 1020 1842 Sed
1060 1793 1284 1844 alterum
1321 1793 1547 1845 doctius.
1684 1794 1790 1847 202
1835 1805 2056 1842 caurum
2097 1794 2409 1843 immensum

152 1876 254 1909 see.
294 1860 490 1910 Hamb.
563 1862 821 1930 ingentes
859 1879 928 1911 m.
971 1863 1045 1912 ad
1085 1881 1218 1914 aras
1264 1863 1427 1915 Goth.
1472 1881 1553 1931 pr.
1639 1863 1805 1913 Porro
1847 1861 2111 1912 sollennia
2152 1861 2411 1912 sacerdos

154 1927 272 1979 olim
300 1929 526 1980 iunxere
558 1928 658 1978 viri
684 1928 846 1980 docti.
882 1929 1007 1997 (vid.
1030 1932 1506 2002 Pompou.Sabin.;
1536 1944 1593 1982 at
1616 1933 1682 1983 cf.
1711 1939 1821 1982 not.
1860 1932 2033 1998 (aram
2048 1930 2238 1982 Medic.
2257 1932 2343 1983 W
2335 1930 2406 1997 t.)

150 1999 251 2052 ἏΒ
281 2019 319 2050 a
368 1998 598 2050 Tenedo
639 2000 847 2069 gemini
882 2001 1068 2052 Hamb.
1105 2020 1204 2071 pr„
1251 2002 1394 2070 quod
1434 2000 1660 2056 mollius.
1727 2003 2288 2082 geminae—angues
2326 2017 2409 2068 pr.

152 2069 356 2132 Mon-et„
407 2079 470 2119 ut
514 2067 661 2118 solet
695 2085 1077 2137 nonnunquam.
1158 2073 1263 2123 Sed
1308 2071 1395 2123 uui
1439 2070 1576 2123 libro
1616 2071 1712 2122 tali
1747 2089 1804 2121 m
1842 2087 1900 2119 re
1944 2086 2046 2119 nou
2105 2068 2407 2138 parendum.

149 2137 405 2206 (vulgatus
438 2137 725 2188 verborum
751 2137 884 2189 ordo
912 2149 1163 2207 praestat.
1237 2143 1305 2192 Et
1327 2143 1578 2212 geminae
1610 2140 1783 2192 locum
1831 2139 2030 2190 habere
2070 2139 2214 2190 nullo
2248 2138 2407 2189 modo

225 2218 356 2269 ταῖς
408 2207 517 2258 vid.
562 2225 639 2259 vs-
680 2209 803 2262 206.
845 2206 988 2275 Wr.)
1126 2211 1231 2265 205
1265 2209 1573 2262 incumbent
1606 2208 1823 2262 Mentel.
1960 2210 2065 2262 206
2101 2220 2283 2259 erecta
2325 2226 2408 2275 pr.

204 2277 345 2327 amb.
379 2287 435 2327 et
476 2277 678 2345 Bigot„
735 2278 876 2343 quod
902 2278 1132 2346 vulgare.
1160 2280 1247 2332 «οἱ.
1284 2291 1394 2331 not.
1437 2280 1505 2330 ad
1547 2281 1663 2333 173.
1733 2289 1960 2348 arrepto
1984 2278 2146 2328 Goth.
2171 2287 2312 2339 tert„
2351 2287 2410 2327 ut

151 2345 346 2396 ibidem
381 2347 537 2397 codd.
682 2347 786 2399 207
820 2363 1090 2419 superant
1131 2350 1358 2400 omnium
1397 2349 1652 2401 librorum
1692 2346 1971 2398 lectionem
2020 2364 2133 2397 esse
2168 2356 2409 2414 apparet,

154 2427 364 2497 praeter
390 2426 656 2467 recentem
668 2417 925 2483 Venetam
955 2417 1172 2469 Heiuaii.
1225 2422 1360 2470 Nam
1386 2417 1587 2470 Pierius
1611 2436 1709 2470 nec
1732 2416 1849 2486 ipse
1881 2416 1934 2466 iu
1961 2415 2067 2467 suis
2094 2416 2247 2468 codd.
2267 2414 2409 2466 aliud

153 2485 413 2537 invenisse
437 2486 683 2547 videtur,
719 2494 775 2535 et
799 2501 1067 2556 anper-am
1100 2487 1255 2540 etiam
1285 2487 1337 2538 iu
1384 2488 1576 2559 priscis,
1619 2487 1758 2550 edd„
1808 2503 1935 2555 quas
1977 2485 2177 2550 evolvi,
2231 2497 2408 2538 extare

151 2556 272 2615 vidi.
309 2568 686 2625 praeterquam
712 2556 767 2604 iu
796 2556 1014 2608 luntiuis
1045 2567 1097 2608 et
1122 2558 1388 2628 Stephau.,
1421 2559 1474 2609 in
1505 2558 1690 2625 quibus
1718 2555 1946 2624 vulgaris
1982 2555 2142 2607 lectio
2174 2574 2409 2626 exsupe-

150 2639 280 2677 mut
306 2636 607 2694 comparet,
646 2633 705 2675 ut
728 2642 792 2676 ex
816 2626 1002 2678 Aldina
1031 2627 1165 2678 adeo
1191 2628 1412 2695 primum
1435 2629 1675 2697 profecta
1717 2644 1831 2677 esse
1875 2625 2131 2677 videatur.
2198 2624 2409 2676 Mireris

153 2693 360 2763 itaque,
398 2714 489 2746 cur
515 2713 634 2746 eam
665 2694 910 2746 Heinsius
938 2696 1228 2748 retinuerit.
1265 2698 1372 2751 Sed
1402 2697 1650 2750 varianda
1675 2697 1817 2747 forte
1843 2695 1956 2746 visa
1978 2693 2151 2746 oratio
2183 2704 2409 2761 propter

233 2837 800 2907 201.202.Duclu3
813 2849 983 2895 sorte.
1014 2838 1150 2897 Sive
1165 2856 1242 2896 ex
1329 2838 1488 2897 dian.
1519 2836 1593 2896 de
1626 2836 1726 2897 vl.
1769 2836 1942 2894 Cone.
1972 2834 2132 2893 Hon.
2168 2834 2226 2898 5.
2297 2833 2412 2891 Ce-

160 2916 430 2977 hiztoriis
473 2919 587 2980 hoc
613 2920 863 2996 habuit3
924 2922 1241 2983 interemto
1324 2933 1556 2998 terum,
1617 2921 1784 3000 quod
1835 2921 1898 2979 in
1958 2919 2154 2998 primo
2208 2919 2413 2977 statim

157 3003 591 3083 enimNeptuui
618 3006 952 3083 sacerdote,
984 3028 1059 3066 ex
1091 3008 1240 3084 aliis,
1325 3009 1588 3068 laetitiae
1609 3007 1884 3087 publicae
1907 3004 2176 3065 tumultu
2214 3003 2288 3062 de
2316 3024 2414 3061 sa-

150 3100 231 3151 ut
259 3111 389 3148 mos
411 3103 555 3165 erat,
583 3092 998 3153 sacerdotibus
1013 3095 1237 3153 Laoco-
1328 3117 1465 3171 cro,
1509 3096 1790 3172 Neptuno
1831 3090 2136 3164 faciendo,
2182 3090 2408 3169 cogita-

146 3196 257 3251 on,
285 3176 697 3258 quiApollinis
710 3177 1240 3257 Thymbraeierat,
1325 3191 1463 3254 tur,
1523 3181 1740 3239 mirum
1781 3178 1974 3238 videri
2011 3184 2229 3256 potest.
2305 3176 2415 3236 vi-

143 3272 313 3322 sorte
345 3264 725 3343 obtingente,
773 3265 1045 3344 Neptuni¹
1072 3286 1243 3324 sacra
1328 3266 1506 3325 detur
1560 3266 1680 3326 hoe
1735 3265 1943 3323 Servio
2001 3263 2413 3322 obversatum:

140 3350 424 3425 curabat,
477 3352 557 3409 cs.
591 3354 763 3409 Serv.
790 3371 867 3409 ex
900 3350 1245 3431 Euphorio-
1329 3352 1637 3412 mactabat
1656 3397 1673 3427 ,
1735 3349 1965 3429 inquit,
2028 3348 2254 3407 scilieet
2271 3394 2289 3423 ,
2349 3360 2415 3406 ιιι

142 3453 258 3509 ne,
298 3436 440 3494 Sive
469 3456 667 3496 unum
696 3436 1013 3496 sacerdotii
1046 3437 1243 3517 adipi-

144 3520 363 3578 scendi
389 3523 640 3581 modum
666 3542 696 3580 e
722 3523 997 3602 pluribus
1026 3523 1246 3602 posuit,

147 3613 232 3662 ut
276 3616 468 3683 poeta.
550 3607 741 3683 Quod
798 3619 1000 3668 autem
1037 3610 1101 3668 in
1148 3607 1246 3667 his

147 3689 464 3751 adiunctis
526 3693 732 3773 paullo
786 3695 1081 3773 copiosior
1136 3704 1269 3769 eat,-

143 3776 214 3835 iu
252 3796 327 3836 eo
356 3788 544 3838 artem
570 3790 788 3860 poetae
814 3801 1096 3860 agnosce,
1152 3781 1246 3838 fa-

145 3862 240 3921 cit
297 3864 457 3924 enim
505 3866 1001 3946 expectationem.
1104 3886 1247 3924 aras

144 3948 445 4009 ”Hennes
493 3952 654 4011 dixit
702 3951 915 4029 docte,
972 3950 1051 4010 ad
1100 3970 1247 4029 quas

148 4034 421 4095 sollenne
468 4038 832 4097 sacrificium
889 4036 1248 4118 parabatur:

151 4129 231 4178 ut
268 4124 550 4182 sollennis
588 4127 817 4200 cib-eus,
874 4124 941 4182 iu
972 4143 1090 4201 quo
1122 4123 1246 4182 sol-

155 4202 360 4267 lennes
394 4210 527 4270 ludi
567 4207 875 4270 habentur
891 4254 909 4286 ,
977 4209 1155 4268 ovid.
1200 4208 1249 4269 V

161 4288 326 4356 Fut.
362 4295 515 4361 597:
565 4298 867 4357 sollennia
906 4294 1167 4369 theatra,
1224 4295 1250 4354 1

179 4374 298 4437 Art·
316 4383 457 4446 183:
480 4405 739 4464 campa-‘e
754 4382 1061 4457 sollermis,
1072 4381 1248 4440 Clau-

1336 3441 1586 3498 Graecis
1613 3437 1783 3495 mala
1821 3433 2154 3512 naufragio
2189 3454 2413 3512 prore-

1330 3528 1541 3587 πέτεαι.
1655 3523 1862 3581 Potest
1924 3529 2127 3578 tamen
2186 3518 2414 3598 simpli-

1332 3610 1462 3669 cior
1500 3609 1653 3669 ratio
1693 3606 1898 3680 reddi,
1940 3614 2015 3665 ut
2056 3604 2250 3663 soluta
2301 3604 2416 3663 ob-

1331 3695 1562 3754 sidione
1601 3694 1761 3753 inter
1801 3700 2041 3750 ceteros
2098 3690 2243 3749 deos
2292 3690 2417 3748 Ne-

1332 3789 1525 3861 ptuno
1557 3799 1724 3838 sacra
1750 3786 1959 3856 parata
1988 3776 2108 3836 sint
2136 3769 2417 3855 χαριστή-
2457 3790 2467 3800 ’

1334 3890 1469 3948 ρια,
1532 3874 1595 3924 et
1635 3864 1876 3942 quidem
1915 3862 1977 3921 iu
2022 3861 2149 3940 ipso
2190 3861 2417 3935 littore,

1332 3960 1407 4010 ut
1456 3960 1518 4009 et
1558 3949 1719 4031 apud
1772 3949 1991 4028 Hygin.
2027 3946 2146 4011 135
2202 3960 2268 4005 ιιι
2309 3968 2418 4004 εα-

1332 4059 1501 4097 crum
1511 4037 1743 4115 fac-eret
1772 4037 2062 4113 Neptuno
2096 4032 2185 4090 acl
2213 4033 2378 4091 littus
2389 4054 2416 4104 ,-

1334 4133 1395 4182 et
1422 4124 1510 4183 sic
1543 4123 1698 4182 alibi*
1720 4121 1881 4201 apud
1916 4120 2159 4179 Homer.
2185 4119 2414 4198 Neptu-

1333 4230 1414 4270 no
1446 4229 1615 4270 saera
1642 4207 1817 4268 fiunt.

1420 4299 1544 4362 203
1563 4297 1800 4360 —209.
1855 4288 2288 4351 Omatissimus
2322 4286 2418 4344 lo·-

1340 4401 1461 4441 cus.
1550 4378 1897 4440 incumbunt
1931 4377 2193 4456 pelago,
2236 4391 2417 4452 prae-
