2882 5028
570 377 1177 457 AENE1nos
1230 379 1447 455 ΜΒ.
1499 379 1636 475 111,
1697 383 2127 462 ιιι-126

2297 391 2415 463 46
2428 395 2464 462 1

229 569 466 643 Hoste
496 590 773 660 vacare
805 564 1138 662 domm,
1193 566 1589 667 sedesque
1627 564 1934 645 adstare
1966 566 2293 648 relictas,

227 670 685 770 Linquimus
719 671 1090 768 Ortygiae
1122 684 1441 771 portuS‚
1497 668 1942 770 pelagoque
1976 670 2361 769 volamus,

226 772 844 875 Bacchatamque
921 775 1120 871 iugis
1203 778 1481 852 Naxon
1509 831 1531 867 ‚
1611 772 2116 874 viridemque
2186 780 2465 852 Donu-

1378 900 1571 980 sam,
2317 884 2464 959 125

227 980 567 1056 Olearon
589 1040 611 1079 ,
648 980 1127 1080 niveamque
1156 984 1416 1059 Paron
1437 1040 1460 1078 ,
1495 1003 1957 1081 sparsasque
1986 1005 2138 1083 per
2160 1005 2467 1083 aequor

349 1172 449 1227 123
486 1172 687 1224 domus
719 1169 920 1239 aliquot
972 1168 1153 1223 Heius.
1199 1180 1260 1222 ut
1302 1171 1418 1223 fere
1468 1188 1676 1241 semper
1723 1169 1928 1222 variant
1976 1172 2160 1242 scripti
2207 1172 2262 1224 in
2311 1173 2366 1225 h.
2414 1191 2462 1225 v.

223 1240 419 1293 domum
469 1240 680 1310 aliquot
724 1239 978 1303 Pieriani,
1052 1240 1113 1292 it.
1165 1240 1332 1309 fragm

1057 1322 1224 1378 atque
1268 1329 1473 1362 vacare
1517 1309 1718 1361 Zulich.
1767 1328 1799 1361 a
1834 1328 1902 1361 m.
1953 1328 2057 1363 sec.
2124 1313 2290 1364 Porro
2338 1312 2464 1364 libri

222 1308 344 1361 salso
393 1312 561 1362 refert
611 1311 781 1362 Burm.
843 1310 985 1376 Wt.)

1336 1277 1351 1293 .
1400 1240 1574 1294 Vatic.

1632 1239 1792 1307 (idem
1839 1239 1893 1291 in
1940 1242 2182 1294 Mediceo
2238 1252 2462 1305 exstare,

223 1388 271 1428 et
299 1379 624 1446 grammatici
661 1379 784 1431 olim
821 1379 1193 1430 distinxerunt:
1243 1380 1572 1450 desertaque
1620 1379 1657 1431 l.
1708 1383 1762 1430 0.
1809 1380 2009 1445 Hoste,
2059 1399 2112 1432 v.
2165 1382 2219 1433 d.
2289 1381 2465 1434 Possit

224 1447 363 1500 etiam
398 1449 684 1516 distingui:
745 1449 1072 1517 desertaque
1107 1449 1145 1499 l.
1182 1453 1236 1500 C.
1273 1453 1454 1500 Hoste
1487 1467 1718 1512 vacare,
1767 1448 1957 1499 domos
2000 1450 2263 1520 sedesque
2314 1471 2366 1502 a.
2414 1471 2462 1502 r.

219 1518 313 1568 Sed
344 1519 575 1586 vulgaris
613 1517 969 1587 interpunctio
1005 1517 1131 1568 satis
1167 1518 1460 1570 commoda.

1602 1517 1699 1572 125
1746 1518 2218 1588 Bacchantemque
2249 1521 2460 1587 Menag.

220 1604 289 1706 ἓν.
355 1588 584 1640 Naxum
617 1588 803 1653 fragm.
840 1586 1027 1650 vatic„
1063 1596 1123 1637 nt
1152 1605 1276 1639 mox
1313 1587 1574 1639 oleatum
1621 1595 1676 1637 et
1723 1590 1948 1639 Parum.
2015 1588 2209 1640 Nason
2259 1589 2461 1672 aliquot

255 1656 388 1721 ierii,
424 1676 587 1728 quem
620 1657 759 1709 vide.
830 1662 1109 1725 Donysam
1139 1655 1297 1724 vulgo
1332 1656 1554 1724 legitur:
1608 1656 1704 1707 aed
1739 1662 2020 1708 Donusam
2071 1657 2270 1726 aliquot
2316 1676 2461 1710 ems-

219 1724 351 1789 dem,
395 1737 453 1778 nt
498 1728 557 1779 in
612 1726 768 1778 codd.
820 1726 976 1777 Plinii
1020 1736 1096 1776 -et
1143 1725 1318 1778 Taciti
1369 1724 1644 1786 scn’bitur5
1708 1735 1764 1777 et
1810 1727 2011 1777 Graece
2055 1728 2325 1780 Δονοῦσα
2376 1727 2461 1779 vel

219 1795 519 1859 onwetoe3
579 1812 734 1847 nemo
783 1795 969 1847 scribit
1016 1791 1249 1848 Aonium
1297 1794 1573 1862 (Δονῦσα)
1594 1832 1610 1861 ,
1659 1794 1759 1845 etsi
1811 1813 1875 1846 ex
1924 1796 2198 1848 Διονυσία
2247 1796 2460 1848 ductum

221 1881 320 1915 esse
351 1865 549 1917 volunt.
593 1884 639 1917 v.
675 1865 859 1934 steph.
898 1864 950 1916 h.
985 1882 1034 1917 V.
1102 1866 1400 1926 Dorticum,
1435 1867 1761 1928 Donissam,
1796 1867 2059 1916 Dino-sam
2094 1865 2216 1929 alii,
2252 1865 2459 1918 vitiose.

222 1934 423 2000 (Heinsii
458 1934 645 1997 codd„
678 1935 720 1985 si
758 1952 864 1986 non
899 1950 1111 1997 omnes,
1147 1944 1291 1986 certe
1327 1933 1567 2004 plerique
1604 1938 1882 2002 Donysam
1917 1933 2158 1988 videntur
2192 1935 2459 1998 exhibere,

219 2012 269 2053 ut
298 2004 481 2057 Medic.
520 2013 585 2056 et
619 2005 825 2072 Fragm.
861 2006 983 2055 Vat.
1048 2009 1331 2055 Donusam
1364 2003 1420 2054 in
1455 2002 1753 2066 nonnullis,
1787 2003 1883 2055 sed
1918 2020 2023 2055 non
2058 2004 2215 2069 dicit,
2252 2005 2459 2074 quibus,

221 2082 404 2124 exstare
438 2073 514 2126 ait
552 2074 731 2125 Burm.
772 2074 918 2140 Wr.)

1064 2072 1164 2128 126
1202 2073 1440 2125 olearon
1477 2072 1655 2124 Heius.
1691 2074 1974 2124 secundnm
2021 2074 2210 2127 Medic.
2256 2085 2312 2126 et
2361 2093 2459 2126 ve·-

219 2145 443 2195 tustiores
479 2142 643 2196 alios.
718 2144 973 2194 olearum
1006 2143 1193 2210 fragm.
1228 2142 1398 2195 Vatic.
1471 2148 1536 2193 At
1569 2142 1662 2193 alii
1699 2143 1942 2194 Oliaron.
2009 2145 2212 2196 Graece
2254 2155 2459 2195 utrum-

218 2228 307 2331 gne
337 2213 591 2265 scribitur
620 2206 876 2293 Ώλίαρος
911 2223 965 2264 et
1008 2205 1289 2279 Ὠλέαρος.
1354 2228 1401 2293 v:
1449 2210 1630 2263 Heius.
1680 2223 1736 2263 et
1784 2211 1919 2264 Pier.
1991 2215 2200 2266 Parum
2248 2214 2457 2283 aliquot

254 2298 343 2335 xer.
375 2300 488 2336 cum
522 2283 719 2351 stagm.
752 2284 924 2334 Vauc.
994 2282 1222 2334 Pharon
1254 2281 1448 2333 Medic.
1482 2292 1535 2334 et
1568 2280 1635 2334 al.

216 2462 264 2521 y,
292 2445 420 2505 ¹9¹.
461 2437 640 2524 192.)
676 2440 897 2500 iterum
939 2460 974 2499 a
1013 2439 1135 2499 suis
1179 2440 1296 2501 suit

216 2537 476 2602 exactus,
519 2526 924 2605 tandemque,
979 2536 1053 2587 ut
1085 2526 1193 2586 inf.
1233 2548 1295 2589 v.

216 2608 326 2677 400
358 2612 741 2690 videbimus,
782 2612 849 2672 in
887 2633 1030 2692 agro
1059 2612 1294 2672 Sallen-

216 2697 328 2757 tino
386 2708 701 2759 extremae
757 2698 960 2758 ltaliae
998 2698 1290 2760 consedit.

213 2780 318 2843 Res
343 2794 402 2844 et
437 2804 659 2844 caussa
702 2784 867 2844 varie
906 2785 971 2844 in
1024 2781 1291 2859 Νόστοις

215 2869 419 2929 tradita
466 2889 600 2930 esse
654 2868 932 2947 videtur3
996 2868 1288 2947 siquidem

219 2952 468 3014 diversae
518 2955 904 3015 narrationes
956 2964 1101 3015 sunt
1147 2958 1291 3015 Ser-

217 3040 290 3099 vii
316 3041 391 3100 ad
419 3040 479 3101 h.
508 3042 550 3103 l.
611 3040 928 3101 Strabonis
957 3042 1037 3116 X,
1064 3061 1124 3120 p.
1142 3040 1288 3105 480.

220 3124 397 3186 Schol.
418 3128 641 3207 Odyss.
667 3149 724 3201 ν,
755 3128 901 3193 259.
937 3127 1014 3186 cf.
1045 3126 1148 3185 ins.
1181 3126 1289 3201 xl,

220 3211 348 3276 264.
390 3213 552 3273 Alios
577 3212 720 3272 vide
745 3232 840 3292 ap.
867 3211 1086 3272 Meum.
1108 3212 1292 3271 Creta

223 3293 308 3371 111,
330 3296 388 3360 4.
427 3300 673 3358 adstare
687 3297 954 3377 pleniore
978 3316 1082 3358 ore
1108 3318 1290 3376 quam

221 3393 393 3458 sear-e,
456 3405 605 3443 esse.
698 3382 902 3462 Neque
955 3403 1102 3445 vero
1158 3384 1287 3443 sine

224 3468 445 3529 consilio
483 3469 638 3529 haec
676 3468 753 3528 de
789 3468 1106 3528 Idomeneo
1140 3477 1286 3529 sunt

223 3550 428 3613 adiecta
454 3578 469 3616 z
539 3575 682 3615 nam
736 3555 961 3634 alioqui
1013 3555 1285 3615 Troianis

224 3637 436 3700 Cretam
460 3639 631 3700 adire
667 3641 775 3699 vix
816 3650 1024 3701 tutum
1059 3640 1282 3701 finisset.

303 3725 432 3789 124.
484 3726 743 3804 Ortygia
770 3746 961 3786 unum
992 3746 1070 3785 ex
1100 3735 1284 3787 vetu-

224 3810 318 3868 stis
356 3811 698 3870 nominibus
737 3812 882 3871 Deli.
934 3811 1061 3871 vid.
1090 3813 1290 3891 Span-

224 3890 366 3956 hem.
396 3897 476 3956 ad
504 3897 831 3957 Callim.>et
876 3897 949 3956 al.
1009 3898 1289 3957 Ceterum

226 3977 527 4041 discessum
565 3982 798 4042 Aeneae
858 3982 1129 4042 ornatius
1178 4000 1289 4040 ex-

225 4061 379 4126 hibet
413 4067 593 4129 ovid.
621 4067 763 4129 Met.
798 4068 956 4142 xm,
990 4071 1113 4132 679
1141 4087 1288 4146 sqq„

226 4150 321 4228 qui
344 4153 405 4212 in
429 4153 640 4213 ceteris
660 4153 968 4214 Maronem
983 4161 1125 4212 ante
1137 4173 1288 4213 ocu-

225 4233 307 4296 los
330 4236 537 4314 habet,
569 4248 630 4298 et
657 4248 856 4299 totum
883 4238 1116 4299 Aeneae
1142 4260 1287 4299 cur-

227 4340 347 4383 sum
372 4343 447 4382 ex
470 4342 539 4382 eo
568 4333 900 4386 mutuatur.
970 4325 1111 4391 125.
1138 4327 1283 4393 Na-

229 4428 374 4485 xon,
417 4408 703 4489 insulam,
749 4411 815 4472 in
868 4431 988 4492 qua
1029 4410 1124 4474 vel
1157 4410 1286 4491 ipse

1372 2440 1676 2517 Bacchus,
1732 2458 1810 2498 ex
1849 2438 2019 2500 India
2055 2439 2284 2518 redux,
2341 2440 2459 2499 ali-

1375 2529 1622 2607 quando
1648 2539 1734 2585 eat
1757 2526 2120 2603 bacchatus,
2167 2525 2231 2587 h.
2262 2547 2312 2588 e.
2341 2528 2459 2607 egit

1375 2613 1630 2674 chorum
1681 2611 2035 2671 bacchicum
2060 2655 2078 2688 ,
2138 2609 2308 2693 (vera
2348 2621 2458 2687 eat,

1374 2719 1527 2778 quae
1567 2698 1871 2777 sequitur,
1930 2696 2270 2777 expositio,
2339 2719 2460 2777 qua

1374 2786 1555 2845 etiam
1608 2784 1778 2865 prior
1851 2783 2212 2843 continetur.
2277 2780 2456 2865 Wr.)

1371 2871 1470 2930 vel
1498 2871 1565 2930 in
1606 2889 1725 2948 qna
1769 2869 1997 2946 insula,
2053 2866 2289 2928 Baccho
2330 2869 2461 2929 fre-

1372 2957 1652 3034 quentari
1697 2954 1904 3032 solita,
1946 2953 2238 3015 Bacchica
2276 2954 2460 3014 turba

1372 3041 1660 3101 bacchari
1680 3041 1832 3100 solet
1849 3085 1865 3115 ,
1911 3039 1973 3101 h.
2017 3059 2066 3099 e.
2107 3060 2277 3100 sacra
2306 3041 2458 3100 Bac-

1374 3126 1542 3187 chica
1578 3126 1895 3201 celebrare,
1928 3126 1995 3185 in
2018 3129 2184 3204 iugis
2211 3126 2457 3201 insulae,

1370 3213 1517 3273 inde
1556 3222 1620 3273 et
1656 3212 1778 3293 ipse
1819 3213 1986 3272 locus
2035 3211 2277 3272 dicitur
2308 3231 2457 3292 poe-

1370 3298 1447 3357 tis
1519 3298 1807 3359 bacchari
1822 3343 1841 3373 ,
1933 3298 2167 3378 passiva
2241 3298 2457 3373 forma,

1369 3380 1780 3466 βακχεύεσθαι
1804 3428 1823 3460 ,
1879 3384 2319 3465 βακχευθῆναι.
2385 3394 2458 3444 ut

1368 3471 1581 3549 Georg.
1622 3469 1694 3545 ll,
1732 3468 1858 3535 487
1927 3468 2261 3547 virginibus
2308 3469 2458 3528 bac·-

1366 3555 1553 3614 chata
1578 3556 1885 3613 Lacaenis
1932 3558 2224 3633 Taygeta.
2311 3554 2455 3614 lmi-

1364 3649 1536 3701 tatur
1592 3638 1901 3699 Claudian.
1981 3639 2262 3714 XXXIII,
2330 3638 2456 3705 205

1370 3725 1702 3797 ululatibus
1769 3725 1881 3785 lde
1958 3726 2315 3784 Bacchatur
2393 3735 2457 3785 et

1371 3811 1569 3872 Valet.
1598 3811 1687 3871 ΕΙ.
1713 3810 1917 3886 111‚20
1960 3812 2279 3889 Dindyma
2308 3833 2456 3871 san-

1368 3898 1614 3974 guineis
1641 3896 1966 3974 famulum
2007 3896 2307 3956 bacchata
2353 3897 2455 3957 la-
2533 3928 2537 3932 ·

1373 3984 1544 4041 σενιιέ
1572 4005 1591 4041 .-
1668 3981 1797 4040 loca
1854 3980 1974 4041 iam
2041 3983 2170 4042 aliia
2225 3991 2455 4042 notata.

1372 4066 1566 4127 Ducta
1619 4075 1820 4128 autem
1866 4068 2063 4128 forma
2104 4087 2137 4127 e
2180 4068 2457 4147 Tragicia.

1373 4155 1448 4215 cs.
1503 4153 1747 4233 Longin.
1813 4156 1911 4232 15,
1975 4159 2032 4218 6.
2132 4142 2457 4213 Donusam

1369 4239 1627 4303 insulam
1654 4262 1689 4299 a
1718 4240 1918 4299 colore
1958 4239 2272 4299 marmoris
2305 4241 2456 4296 viri—

1368 4326 1503 4386 dem
1536 4325 1818 4406 appellari
1844 4326 2086 4386 Servius
2123 4331 2354 4398 mouet,
2394 4332 2457 4382 et

1368 4411 1638 4475 Petronii
1708 4416 1829 4479 133
1894 4411 2143 4471 vit-adem
2213 4407 2456 4468 Thason
