2882 5028
509 404 661 478 858

1005 397 1085 470 Ρ.
1140 396 1666 472 VIRGlLlI
1718 397 2284 474 MARONIS

504 583 651 658 Hic
682 580 910 656 labor
938 578 1072 656 ille
1107 581 1433 676 domna,
1490 593 1571 657 et
1597 582 2140 660 inextricabilis
2175 607 2442 676 error;

503 690 882 782 Magnum
907 685 1226 781 reginae
1253 684 1398 762 sed
1433 685 1644 761 enim
1673 688 2087 763 miseratus
2116 711 2480 764 amorem

501 786 937 883 Daedalus»,
991 789 1159 887 ipse
1195 787 1425 864 dolos
1456 790 1642 865 tecti
1682 791 2208 892 ambagesque
2246 790 2608 889 resolvit,

504 894 751 967 Caeca
782 913 1068 990 regens
1094 890 1233 967 filo
1270 893 1608 991 vestigia.

1715 898 1842 970 Tu
1877 919 2201 995 quoque
2239 917 2622 992 magnam
2661 904 2750 974 30

500 996 817 1071 Partem
870 1019 1119 1096 opere
1178 996 1258 1070 in
1313 1009 1577 1092 tanto,
1631 998 1925 1076 sineret
1975 998 2246 1094 dolor,
2297 1002 2563 1096 Icare‚
2620 997 2750 1074 ha-

1658 1099 1913 1179 heres,

499 1200 628 1275 Bis
663 1214 989 1277 conatus
1025 1214 1192 1277 erat
1210 1223 1440 1277 ‘casus
1474 1199 1859 1302 effingere
1899 1204 1980 1279 in
2017 1227 2243 1279 auro:

633 1374 705 1429 2⁷
739 1374 840 1426 illa
872 1375 1065 1429 domae
1100 1374 1264 1428 Goth.
1299 1385 1424 1430 tert.
1561 1377 1633 1430 30
1686 1378 1878 1448 legens
1909 1381 2092 1446 sprot.
2127 1388 2178 1428 et
2214 1373 2465 1440 thisL,
2517 1376 2622 1427 sod
2670 1375 2745 1426 fila

500 1443 636 1514 legit
670 1443 941 1511 Theseus,
1035 1446 1093 1496 Ia
1137 1456 1191 1497 et
1223 1444 1322 1496 iter
1356 1448 1499 1497 rexit
1544 1446 1820 1499 Daedalus.
1870 1448 1939 1498 ef.
1991 1449 2263 1498 Burmann.

2402 1445 2478 1499 31
2530 1464 2744 1516 opetum

497 1513 659 1566 Goth.
697 1531 778 1582 pr.
847 1516 905 1565 in
940 1532 971 1565 s
1011 1525 1090 1567 est
1136 1514 1203 1566 ab
1250 1514 1418 1566 altero
1469 1516 1751 1585 Hamburg.
1822 1515 1978 1569 labor
2028 1518 2160 1569 Ven.
2212 1532 2311 1584 pro
2362 1532 2475 1566 var.
2525 1513 2657 1567 lect.
2700 1528 2745 1566 et

499 1582 583 1633 ed.
618 1584 750 1634 Ven.
822 1583 1001 1635 Verba
1033 1587 1193 1635 Icaro
1224 1581 1454 1636 haberes
1485 1604 1517 1637 a
1563 1585 1825 1637 nonnullis
1874 1585 2061 1651 codd.,
2108 1586 2246 1636 inter
2294 1602 2431 1654 qnos
2487 1585 2740 1635 Romanas

497 1662 602 1716 est,
635 1651 820 1703 abesse
855 1652 986 1704 vidit
1016 1652 1233 1705 Pierius.

492 1782 607 1853 put
631 1774 748 1834 viri
789 1774 1026 1834 barbati
1065 1785 1350 1848 exeunte,
1406 1775 1575 1854 quod

494 1859 592 1917 alii
627 1858 835 1919 Bacchi
866 1880 968 1920 seu
994 1862 1249 1940 libonis,
1296 1860 1357 1921 h.
1384 1881 1434 1920 e.
1469 1883 1574 1920 so-

493 1945 593 2020 lis,
650 1947 751 2006 alii
801 1947 987 2026 patrii
1031 1947 1233 2022 fluvii,
1288 1948 1389 2007 alii
1434 1967 1575 2006 ara-

493 2031 675 2090 tionis
760 2042 821 2091 et
895 2033 1215 2092 fertilitatis
1292 2052 1571 2112 agrorum

491 2116 827 2194 symbolum
886 2137 1010 2176 esse
1062 2120 1327 2178 voluere.
1424 2117 1576 2178 Mihi

489 2201 759 2261 nondum
794 2201 1015 2280 liquet,
1058 2205 1408 2279 obscurata,
1453 2225 1571 2284 pu-

490 2295 590 2359 to,
638 2287 756 2345 iam
785 2287 1017 2347 dudum
1060 2289 1178 2348 suit
1215 2309 1359 2348 vera
1403 2310 1572 2367 sym-

486 2370 609 2430 boli
637 2374 948 2432 sententia.
992 2375 1148 2433 cons.
1175 2374 1254 2433 ad
1293 2373 1569 2455 Apollod.

485 2457 674 2518 Notae
718 2478 774 2539 p.
818 2460 962 2524 537.
1047 2461 1198 2520 Nam
1246 2462 1437 2520 multa
1493 2463 1570 2521 de

404 2574 421 2599 a
483 2541 578 2603 his
606 2545 879 2605 virorum
917 2545 1233 2607 doctorum
1263 2547 1570 2626 disputata

484 2631 702 2710 passim
755 2641 967 2691 extant
995 2677 1010 2706 ,
1081 2634 1350 2712 inprimis
1405 2633 1567 2692 inter

485 2717 665 2775 Italos
741 2718 1027 2777 Mazochii
1103 2729 1164 2778 et
1243 2718 1566 2796 lgnarrae5

482 2802 673 2862 multa
699 2823 935 2882 quoque
976 2804 1040 2862 in
1087 2825 1407 2864 numerum
1450 2804 1566 2862 do-

483 2890 707 2966 ctrina3
751 2890 1019 2970 inprimis
1046 2891 1120 2947 ab
1158 2889 1394 2948 Eckhel.
1426 2899 1565 2968 post

481 2975 535 3032 N
535 2994 809 3035 eumann.
874 2980 975 3041 27.
994 2975 1396 3055 Labyrinthus
1409 2975 1563 3033 Dae-

483 3060 598 3118 dali
629 3081 809 3140 opus,
853 3062 913 3118 in
959 3060 1277 3140 Pasiphaes
1313 3063 1565 3139 gratiam

480 3155 852 3224 susceptum,
906 3156 979 3204 ut
1038 3147 1446 3206 Minotaurum
1501 3148 1565 3206 in

479 3251 549 3290 eo
582 3232 991 3291 absconderet.
1078 3233 1175 3291 Sic
1219 3233 1397 3292 ovid.
1432 3232 1564 3291 VIII

478 3317 615 3376 Met.
653 3319 791 3383 157.
818 3318 1033 3396 Hygin.
1063 3319 1102 3377 s.
1132 3322 1234 3381 40.
1264 3318 1435 3377 Diod.
1462 3318 1561 3393 IV,

478 3407 579 3467 77.
623 3403 901 3481 Apollod.
952 3403 1051 3477 ΠΙ,
1119 3410 1174 3479 1,
1233 3404 1293 3478 4,
1352 3406 1450 3478 15,
1502 3408 1560 3466 8.

476 3487 654 3566 Apud
697 3490 1025 3549 Homerum
1076 3510 1220 3548 vero
1264 3490 1560 3548 Daedalus

474 3573 538 3631 in
567 3573 870 3633 Ariadnae
900 3578 1149 3653 gratiam
1172 3574 1426 3635 chorum
1452 3594 1557 3633 seu

474 3660 851 3719 saltationem
895 3660 1261 3739 Labyrintho
1304 3662 1556 3720 similem

473 3744 773 3804 effinxisse
815 3755 1097 3805 narratur
1135 3748 1303 3807 Iliad.
1342 3766 1396 3823 σ,
1428 3751 1549 3813 691

471 3850 630 3908 seqq.
730 3831 947 3890 Habita
1007 3841 1207 3891 tamen
1272 3853 1412 3893 vere
1454 3833 1555 3890 illa

471 3935 594 3974 esse
641 3917 872 3995 potuit,
942 3926 1004 3975 et
1052 3939 1254 3978 annuo
1307 3919 1558 3979 sollenni

468 4002 710 4078 iterari,
759 4002 835 4061 ad
878 4003 1292 4063 celebrandam
1333 4005 1558 4063 scilicet

468 4090 706 4169 publica
734 4088 1033 4148 hilaritate
1064 4090 1290 4148 felicem
1322 4112 1353 4149 e
1378 4090 1554 4168 laby-

339 4164 344 4169 ’
466 4174 675 4235 rintho
725 4177 955 4253 fugam,
1011 4194 1287 4255 expressa
1344 4185 1550 4256 postea

467 4262 543 4320 ab
616 4262 848 4321 artifice
919 4280 1097 4341 opere
1172 4260 1549 4341 anaglypho:

467 4348 633 4423 quod
661 4348 783 4406 iam
827 4347 1103 4424 Homeri,
1148 4336 1355 4407 saltem
1398 4367 1550 4425 poe-

461 4438 586 4506 tae,
630 4432 730 4492 eui
754 4433 853 4492 illa
883 4433 1163 4494 carminis
1189 4454 1327 4513 pars
1362 4433 1546 4493 debe—

1658 1785 1794 1852 tur,
1835 1787 2029 1836 aetate
2054 1775 2274 1835 extitit.
2363 1773 2581 1833 Simile
2607 1795 2739 1833 sna·

1657 1861 1943 1941 glypbum
1963 1860 2221 1922 candido
2236 1879 2565 1936 marmore,
2591 1860 2740 1937 qnod

1656 1948 2030 2007 saltationem
2070 1946 2364 2006 Ariadnes
2404 1945 2742 2020 exhibebat,

1655 2053 1768 2113 pro
1820 2033 2063 2092 Daedali
2135 2049 2313 2111 opere
2387 2052 2427 2089 a
2494 2032 2740 2090 Cnossiis

1657 2127 2022 2178 ostentatum
2075 2118 2325 2177 Pausan.
2375 2117 2491 2190 lx,
2537 2117 2642 2192 40,
2685 2137 2738 2195 1>-

1657 2207 1780 2268 793
1814 2214 2044 2264 narrat.
2125 2202 2375 2262 Homeri
2408 2202 2620 2262 locum
2643 2222 2739 2261 re·-

1655 2290 1827 2369 spieit
1876 2289 2151 2368 Virgilius
2191 2287 2252 2347 h.
2294 2289 2335 2347 1.
2379 2297 2468 2347 et·
2494 2308 2634 2367 sup.
2675 2288 2741 2364 V,

1654 2378 1782 2440 588
1821 2395 1981 2453 sqq.;
2048 2384 2112 2432 at
2152 2373 2314 2433 idem
2360 2384 2578 2433 noster
2619 2394 2740 2433 mn

1651 2459 1941 2521 hactenns
1969 2462 2244 2536 variavit,
2280 2468 2355 2520 ut
2379 2479 2554 2519 nunc
2593 2459 2738 2519 Das-

1653 2547 1857 2606 dalum
1902 2556 2110 2606 narret
2150 2547 2212 2604 in
2246 2550 2539 2624 reginae,
2589 2548 2736 2623 regis

1650 2633 1865 2692 Minois
1904 2633 2078 2708 filiae,
2121 2631 2445 2705 Ariadnae,
2487 2634 2736 2709 grati·-

1652 2718 1879 2778 Theseo
1905 2721 2022 2778 iter
2046 2738 2152 2797 per
2176 2716 2626 2796 Labyrinthum
2641 2718 2733 2776 filo

1649 2804 2069 2864 monstravisse
2093 2848 2110 2877 ,
2180 2805 2346 2880 quod
2415 2803 2732 2862 inventum

1651 2890 1746 2948 alii
1773 2899 1981 2969 poetae
2008 2889 2354 2968 simpliciter
2399 2889 2485 2947 ad
2519 2888 2728 2949 Ariad-

1649 2995 1760 3034 nae
1784 2975 2108 3035 sollertiam
2130 2977 2422 3034 referunt.
2512 2980 2621 3038 27.
2645 2976 2724 3032 Ia-

1648 3060 1755 3119 bor
1790 3063 2001 3120 domus
2041 3061 2380 3120 declaratur
2424 3079 2537 3137 per
2585 3061 2734 3118 alte-

1646 3167 1783 3206 rum
1800 3192 1815 3221 ,
1859 3146 2283 3205 itse'xlrebaba'lis
2321 3167 2517 3220 etv-or,
2569 3146 2730 3203 labor

1646 3252 1822 3309 quem
1858 3233 1980 3312 ipse
2007 3230 2392 3309 labyrinthus
2421 3232 2568 3290 facit
2604 3231 2732 3290 exi-

1645 3329 1778 3377 tum
1823 3318 2261 3395 quaerentibus.
2351 3316 2560 3396 (labor
2606 3337 2730 3377 ma·

1642 3403 2016 3481 gnitudinem
2051 3412 2115 3460 et
2144 3402 2562 3461 admirabilem
2600 3423 2730 3482 spe·

1640 3490 1788 3548 ciem
1815 3491 1987 3549 istius
2014 3488 2263 3547 aedificii
2283 3498 2564 3567 spectare
2589 3486 2728 3547 mil-i

1638 3575 1914 3650 videtur3
1958 3584 2030 3634 ut
2053 3595 2299 3652 operum
2321 3574 2500 3633 lab-ot·
2521 3577 2634 3633 Ge.
2661 3574 2726 3645 11,

1645 3660 1781 3725 155.
1848 3662 2026 3740 Wr.)
2116 3662 2243 3719 doli
2288 3670 2352 3718 et
2405 3660 2719 3739 ambago,

1637 3746 1832 3805 flexus
1853 3746 1986 3806 viae
2012 3756 2075 3805 et
2099 3764 2334 3807 errores
2352 3744 2720 3825 Labyrintbi

1642 3834 1717 3891 cf.
1746 3832 1955 3891 Cerda.
1992 3833 2101 3892 hos
2122 3835 2365 3891 nsolvit
2381 3877 2399 3907 ,
2437 3833 2648 3892 reditu
2671 3839 2720 3887 st

1639 3937 1875 3997 egressu
1903 3927 2253 3979 monstrato.
2297 3940 2513 3992 caeca,
2547 3920 2718 3977 etia·

1638 4003 1701 4065 h.
1749 4006 1787 4063 l.
1863 4015 2006 4064 sunt
2064 4006 2362 4080 obscura,
2429 4006 2718 4083 ambigua,

1638 4085 1965 4170 δυςνόητας
2011 4088 2218 4171 (caeca
2242 4093 2529 4167 vestigia,
2558 4110 2714 4170 gns-

1634 4197 1765 4252 sus,
1808 4196 1945 4256 pes,
1987 4186 2211 4237 temere
2259 4195 2491 4235 errans.
2543 4176 2716 4251 H‘t.)

1632 4264 1788 4341 regit
1813 4263 1911 4321 ille
1951 4262 2210 4341 glomere
2246 4263 2365 4321 iter
2403 4263 2716 4321 inea-tun

1631 4348 1930 4409 versuum
1956 4352 2233 4412 80-83
2271 4349 2347 4407 de
2378 4346 2546 4407 Icaro
2579 4368 2716 4408 sm-

1631 4434 1881 4494 vitatem
1925 4443 1988 4493 et
2035 4434 2159 4496 vim
2203 4434 2376 4494 facile
2411 4436 2602 4493 sentis
2642 4453 2716 4493 ex
