2882 5028
372 323 526 393 360

862 315 946 390 P.
999 311 1540 388 VIRGILII
1591 312 2135 389 MARONIS
2235 401 2238 404 Α

371 502 665 602 Eripis,
758 512 848 575 ut
917 497 1204 575 mediis
1275 500 1604 577 hostem
1676 499 1757 575 in
1827 499 2404 601 penetralibuS,
2499 506 2642 577 ut‘-

1545 627 1702 704 que
2473 612 2642 686 665

372 708 833 803 Ascanium,
900 719 1377 807 patremque
1425 732 1744 806 meum,
1810 709 2178 809 iuxtaque
2219 710 2640 806 Creusam,

373 811 733 888 Alterum
764 812 847 885 in
878 809 1192 886 alterius
1222 823 1606 885 mactatos
1635 812 2017 909 sanguine
2049 822 2422 889 cernam?

374 922 646 1008 Arma,
700 915 881 1013 viri,
933 910 1141 989 ferte
1181 939 1429 992 arma:
1480 928 1707 990 vocat
1734 915 1862 990 lux
1898 915 2175 991 ultima
2208 917 2477 994 victos,

372 1018 721 1098 Reddite
752 1043 891 1094 me
924 1017 1249 1110 Danais;
1306 1018 1538 1095 sinite
1571 1019 1989 1095 instaurata
2019 1020 2354 1095 revisam

294 1149 297 1152 *
372 1123 704 1212 Proelia.

825 1127 1288 1223 Numquam
1347 1145 1633 1197 omnes
1706 1122 1955 1198 hodie
2006 1124 2638 1200 moriemurin-

1542 1225 1705 1303 ulti.
2473 1234 2640 1308 670

476 1327 680 1402 Hinc
720 1325 940 1405 ferro
988 1329 1369 1428 adcingor
1409 1354 1716 1425 rursm,
1774 1329 2194 1431 clipeoque
2233 1331 2636 1407 sinistram

477 1458 650 1530 667.
681 1450 1092 1526 ’5.11101111111
1107 1510 1129 1548 ,

440 1601 451 1608 ³
510 1623 614 1678 665
649 1624 832 1693 Eripit
869 1623 1063 1677 Medic.
1133 1626 1192 1676 in
1230 1624 1384 1676 abest
1429 1626 1671 1677 Parthas.
1741 1585 2057 1693 atque'duo
2097 1624 2268 1675 Burm.
2341 1642 2514 1694 usque
2546 1626 2637 1677 vi-

371 1691 510 1744 tiose
542 1693 599 1744 in
635 1691 935 1760 vulgaribus
973 1694 1094 1746 edd.

1170 1732 1177 1737 -
1234 1696 1341 1750 666
1383 1697 1789 1763 Ascaniumque
1812 1712 1870 1763 p.
1917 1692 2036 1744 edd.
2081 1694 2252 1761 vulgg.
2284 1706 2418 1745 ·ante
2447 1695 2635 1747 Heins.

371 1764 671 1815 Ascanium
710 1763 1102 1832 Anchi-remque
1124 1777 1341 1835 patrem
1380 1766 1574 1833 iuxtaq

1577 1784 1646 1815 ue
1684 1768 1736 1813 C.
1770 1762 2011 1813 Parrhas.
2077 1763 2242 1832 (quod
2271 1765 2373 1815 erit
2400 1766 2637 1816 fortasse

372 1833 461 1901 qui
501 1833 802 1903 praeferam
847 1832 942 1883 sed
982 1833 1266 1901 repetitum
1314 1834 1418 1885 hoc
1461 1852 1490 1885 e
1532 1852 1607 1885 vs.
1650 1831 1797 1893 747.;
1854 1841 1909 1883 et
1955 1831 2139 1883 melius
2180 1832 2284 1884 ista
2305 1847 2638 1904 patremque

373 1921 469 1953 me
487 1921 523 1953 u
539 1920 591 1952 m
625 1900 723 1952 filii
748 1901 993 1954 affectum
1031 1903 1322 1973 exprimere
1349 1904 1608 1955 videntur.
1654 1901 1798 1964 Wr.)

1952 1903 2059 1956 667
2086 1915 2324 1955 mactato
2351 1922 2454 1954 sec.
2485 1905 2635 1955 Rot-

371 1972 515 2023 tend.
541 1981 595 2021 et
622 1989 726 2022 sec.
755 1971 942 2023 Hamb.
980 1972 1069 2024 hic
1100 1973 1311 2041 quidem
1350 1972 1563 2024 addito:
1591 1973 1708 2024 -vel
1745 1983 2089 2023 amonentem.
2158 1972 2418 2040 (mactato
2470 1972 2636 2024 etiam

373 2040 564 2092 Medic.
637 2044 723 2093 W
714 2041 786 2107 r.)

858 2053 1151 2093 mactatum
1182 2044 1268 2094 vel
1301 2055 1572 2095 mactatos
1612 2040 1779 2095 Wall.
1848 2042 2181 2093 maculatum
2219 2042 2466 2094 Parthas.
2539 2045 2637 2095 ia-

373 2122 588 2161 ctantes
611 2127 695 2177 pr.
722 2111 927 2175 Hamb„
963 2112 1101 2163 uude
1132 2112 1312 2164 Heius.
1341 2112 1480 2164 coni.
1509 2114 1764 2163 iactatos.
1813 2127 1863 2161 V.
1894 2112 2068 2162 Burm.

2206 2112 2311 2174 668
2352 2112 2451 2163 lux
2480 2114 2637 2184 opti-

371 2198 462 2231 ma
490 2178 652 2232 Wall.
680 2198 713 2231 a
740 2198 809 2232 m.
834 2199 932 2249 pr„
969 2198 1149 2233 errore
1181 2182 1356 2233 solito.
1403 2183 1471 2234 cf.
1518 2184 1692 2233 Burm-
1742 2182 2028 2248 (Interpres
2052 2185 2114 2232 A.
2147 2181 2277 2232 Maii
2310 2181 2520 2232 videtur
2546 2182 2638 2233 le·-

374 2248 542 2317 gisse:
577 2255 778 2315 Arma,
811 2252 954 2316 viri,
980 2249 1136 2320 ferte
1167 2270 1322 2304 cst-ma
1347 2252 1446 2302 citi
1461 2271 1473 2302 τ
1510 2251 1608 2303 lux
1641 2252 1834 2302 ultima
1870 2252 2072 2312 victos,
2126 2259 2181 2301 et
2218 2250 2273 2300 in
2312 2251 2483 2302 altero
2528 2251 2639 2302 he-

375 2317 644 2370 mistichio
687 2331 861 2371 armet
902 2320 1342 2373 subintellexisse.
1414 2327 1488 2372 Ac
1531 2320 1575 2371 si
1625 2320 1750 2371 olim
1789 2319 2001 2369 fuerunt
2036 2319 2191 2383 libri,
2238 2320 2294 2371 in
2336 2321 2528 2388 quibus
2559 2322 2644 2374 ita

372 2388 665 2457 legeretur,
700 2389 981 2459 repetitum
1025 2401 1108 2442 est
1148 2391 1279 2443 illud
1320 2393 1418 2442 citi
1453 2408 1517 2440 ex
1558 2396 1687 2441 Aen.
1734 2390 1827 2450 lV,
1871 2390 1994 2442 594.
2036 2389 2122 2440 vel
2166 2390 2279 2454 lx,
2339 2392 2427 2444 37.
2486 2392 2639 2458 Wr.)

380 2457 485 2512 670
519 2458 808 2529 Nusquam
835 2459 1063 2512 Pieriani
1093 2460 1329 2530 aliquot3
1385 2459 1484 2512 sed
1512 2477 1543 2510 e
1581 2459 1881 2528 potioribus
1913 2457 2021 2509 suis
2057 2469 2112 2510 et
2137 2460 2497 2511 Grammaticis
2537 2478 2630 2511 ex-

375 2527 663 2597 emplisque
701 2529 940 2581 defendit
974 2530 1238 2599 vulgatam
1275 2529 1459 2582 Heius.
1533 2548 1773 2599 unquam
1817 2531 1999 2580 Franc.

2138 2531 2239 2584 671
2279 2533 2426 2581 Hinc
2447 2530 2641 2584 Heius.

373 2615 494 2650 cum
537 2598 692 2651 codd.
733 2599 965 2667 propriis
990 2600 1065 2651 'et
1109 2600 1379 2653 Pierianis.
1464 2600 1641 2667 Vulgo
1679 2602 1802 2650 Hic.
1884 2598 2058 2669 clipeo
2092 2618 2415 2671 wat-susque
2463 2601 2638 2654 wau.

373 2669 710 2740 clipeumque
737 2671 1002 2721 sinistrae
1039 2670 1244 2740 aliquot
1280 2669 1553 2739 antiquiss.
1581 2669 1719 2720 Pier.
1749 2685 1864 2720 cum
1894 2669 2122 2720 Donato.

371 2820 464 2870 tes
489 2814 666 2889 eriln's
690 2831 803 2891 pro
836 2814 1109 2890 eripuisti
1120 2857 1139 2889 ‚
1183 2811 1348 2890 quod
1378 2811 1459 2870 ad

375 2896 665 2956 auxilium
703 2897 949 2958 Veneris
991 2902 1137 2962 632,
1176 2919 1263 2977 sq.
1294 2899 1456 2957 rese-

373 2982 665 3059 rendum3
746 2992 882 3042 tum
948 2983 1012 3041 in
1067 2985 1267 3043 verbis
1306 2985 1449 3065 ch,

373 3069 632 3148 quod—
646 3071 925 3145 eripui-sti
941 3112 959 3143 ‚
1008 3082 1135 3127 erat
1151 3113 1170 3144 ‚
1223 3080 1289 3127 ut
1324 3091 1454 3127 cer*-

372 3175 521 3211 nam
578 3153 957 3212 insolentiam
1018 3155 1455 3213 consecutionis

375 3247 751 3317 temporum3
813 3257 966 3316 quae
1003 3239 1244 3315 quidem
1289 3241 1457 3299 tolli-

376 3333 481 3383 tur
506 3324 710 3404 priore
752 3324 1046 3383 sententia
1076 3326 1161 3384 ita
1194 3334 1461 3386 mutata:

374 3413 480 3469 An
523 3431 617 3468 me
637 3455 657 3486 ,
729 3423 951 3486 mater,
1007 3410 1138 3468 ideo
1179 3416 1454 3487 servasti,

376 3507 442 3553 ιιι
467 3516 704 3554 cernam
723 3497 757 3555 Ρ
786 3496 876 3555 Ita
906 3515 1075 3575 saepe
1107 3498 1299 3557 levem
1320 3517 1459 3556 sen-

376 3601 477 3640 sus
511 3584 906 3642 mutationem
935 3582 1278 3642 difficultati
1308 3604 1459 3643 con-

375 3667 696 3726 secutionis
729 3677 1072 3749 temporum
1114 3669 1341 3729 mederi
1367 3670 1465 3729 vi-

378 3752 533 3812 deas.
587 3756 694 3816 W
682 3754 781 3812 elz.
812 3787 898 3800 —
939 3754 1063 3814 vid.
1091 3757 1269 3815 etiam
1293 3754 1463 3815 lahn.

385 3838 465 3897 ad
494 3859 584 3898 vs·
606 3839 753 3905 275.
803 3842 976 3923 Wr.)
1299 3858 1311 3867 ·

466 3928 612 3989 668.
654 3926 889 4001 Arma,
957 3929 1108 4001 viri,
1173 3947 1254 3987 sc.
1311 3947 1463 4007 quae

374 4010 672 4089 ingressus
756 4011 1003 4070 domum
1083 4012 1463 4091 deposuerat.

375 4096 533 4157 Male
565 4097 708 4157 olim
739 4096 1125 4157 Grammatici
1147 4098 1248 4158 hic
1279 4119 1461 4179 argu—

377 4182 491 4242 tati
529 4193 705 4244 sunt:
770 4183 934 4264 apud
976 4187 1145 4243 Serv.
1190 4195 1250 4244 et
1277 4185 1461 4244 Pom-

375 4290 516 4350 pon.
570 4270 709 4331 Sab.
809 4270 981 4331 Dicta
1035 4268 1185 4330 haec
1248 4291 1463 4350 magna

377 4376 515 4416 cum
541 4357 604 4418 vi
633 4357 845 4418 animi:
890 4357 940 4417 si
966 4356 1053 4439 ita
1085 4368 1206 4434 est,
1253 4366 1320 4418 ut
1349 4377 1462 4429 ex-

1540 2809 1877 2892 pectandus
1918 2811 1996 2869 sit
2037 2809 2260 2885 hostie,
2305 2810 2409 2888 qui
2458 2831 2641 2870 acce-

1544 2896 1649 2955 dat
1694 2906 1755 2955 et
1796 2917 1906 2954 nos
1956 2896 2308 2956 obtruncet:
2365 2908 2642 2975 praestat

1541 2982 1721 3042 armis
1754 2982 1967 3041 sumtis
1995 2982 2050 3041 ei
2095 3001 2432 3044 occurrere.
2510 2988 2638 3044 En—

1535 3088 1621 3147 go
1642 3113 1658 3143 ,
1731 3089 1907 3126 arma
1926 3112 1943 3142 ,
2034 3070 2166 3128 viri.
2196 3107 2274 3116 -
2306 3082 2484 3127 vocae
2523 3072 2642 3129 lus

1539 3156 1757 3213 ultima
1798 3157 2000 3229 victos,
2044 3166 2272 3232 quanto
2302 3156 2640 3233 potentius,

1543 3260 1742 3318 quam,
1769 3248 1976 3298 manet
1996 3262 2103 3298 nos
2129 3260 2325 3317 mors;
2364 3242 2638 3300 morien-

1545 3325 1690 3385 dum
1721 3334 1829 3384 est.
1883 3326 2119 3386 Vocant
2152 3348 2295 3402 noe,
2340 3347 2488 3405 quae
2515 3348 2638 3386 nos

1543 3421 1867 3491 expectant
1908 3413 2007 3472 vel
2052 3413 2381 3493 excipiunt.
2483 3418 2640 3479 669.

1521 3494 1802 3556 'Reddite
1826 3520 1920 3556 me
1950 3500 2221 3557 Danai&
2312 3498 2481 3558 Idem
2524 3520 2643 3558 co-

1544 3583 1638 3642 lor
1679 3583 1786 3643 ins.
1825 3585 1905 3659 X,
1952 3588 2052 3648 61.
2095 3585 2417 3643 Xan-thum
2444 3598 2502 3643 et
2535 3587 2648 3644 Si-

1549 3682 1787 3728 moenta
1813 3671 2026 3729 Redde
2058 3692 2158 3728 oro
2179 3673 2431 3733 miseri-e.
2489 3671 2648 3731 Mox

1550 3759 1677 3821 670
1721 3777 2035 3836 nunquam
2061 3777 2173 3835 pro
2212 3777 2331 3815 non
2347 3801 2364 3832 ,
2409 3758 2647 3837 utdsscl.

1549 3840 1648 3914 111,
1694 3838 1798 3904 49.
1854 3840 2133 3924 (Terent.
2164 3841 2422 3921 Adelph.
2457 3842 2532 3918 11,
2585 3850 2647 3919 1,

1550 3929 1636 3990 5.:
1683 3948 1834 3984 non
1859 3931 2181 3987 committet
2206 3929 2436 3987 hodie
2479 3951 2649 3987 um-

1550 4036 1587 4092 ‘J
1605 4034 1645 4069 ιι
1664 4034 1782 4070 am
1817 4057 1835 4088 ‚
1943 4017 2154 4072 ilerum
2228 4027 2292 4072 ut
2364 4017 2652 4093 vapulet.

1556 4099 1748 4158 Wch.
1799 4132 1884 4145 ·-
1926 4096 2221 4175 „Titinius
2267 4100 2331 4159 in
2372 4100 2655 4181 iurispe-

1547 4185 1698 4243 rita:
1811 4186 2414 4264 ‚mNumquamne
2489 4188 2658 4248 mihi

1547 4270 1755 4330 licebit
1795 4269 2034 4330 hodie
2078 4272 2420 4332 dicere'?““
2473 4273 2660 4333 Haec

1547 4356 1688 4417 Maii
1718 4357 1975 4439 Interpr.
2006 4358 2174 4419 adh.
2198 4359 2237 4419 l.
2266 4361 2372 4421 W
2362 4357 2448 4440 r.)
2489 4362 2660 4420 Sen-
