2882 5028
555 355 1169 486 AENE1Dos
1221 411 1433 487 LIB.
1483 412 1584 504 11,
1643 417 2083 492 ess—649

2279 424 2444 495 ⁴357

190 596 510 674 Exuvias
638 622 686 672 e
714 576 951 698 petet.
1058 596 1336 671 Facilis
1372 598 1661 673 iactura
1696 566 2056 700 sepulcri.

188 703 346 775 Iam
382 702 506 800 pri
575 725 712 775 ern
743 703 1041 776 invisus
1065 700 1299 796 divis,

1355 715 1437 775 et
1464 702 1793 800 inutilis,
1816 726 2091 779 >annos

186 807 622 901 Demoror,
684 829 771 880 ex
805 829 968 905 quo
1005 829 1142 880 me
1176 804 1448 879 divom
1486 819 1983 908 paterjatque
2009 805 2436 890 hominum

1356 933 1494 985 rex

184 1008 561 1086 Fulminis
595 1008 918 1087 adflavit
949 1011 1236 1103 ventiS‚
1296 1024 1375 1087 et
1406 1011 1735 1109 contigit
1757 977 1940 1109 igni.

187 1216 372 1285 cedite,
422 1235 527 1286 ego
549 1235 689 1270 vero
727 1217 954 1279 morian-3
1005 1218 1309 1269 moriturum
1339 1219 1477 1271 enim
1506 1237 1564 1271 se
1592 1237 1708 1272 esse
1740 1219 1842 1273 iam
1887 1239 1961 1271 vs.
2005 1217 2127 1275 644.
2162 1219 2432 1288 significa-

181 1297 343 1349 versu
374 1288 652 1356 quomodo
677 1287 960 1340 moriturus
990 1287 1087 1351 sit,
1137 1288 1194 1339 id
1232 1288 1400 1340 solum
1435 1290 1719 1358 quaeritur.
1789 1292 1917 1361 Ipse
1955 1308 2149 1353 manu,
2197 1290 2233 1341 i.
2278 1309 2323 1342 e.
2368 1308 2431 1343 ex

181 1374 266 1408 usu
288 1357 536 1425 Virgilii,
571 1376 629 1408 m
648 1374 721 1408 ee
743 1351 893 1408 menn
909 1377 925 1418 ς
960 1357 1065 1408 vid.
1096 1360 1160 1420 Q.
1192 1360 1260 1412 V.
1289 1359 1486 1423 XVIII,
1520 1362 1569 1424 2,
1595 1357 1632 1410 l.
1701 1361 1768 1410 Et
1794 1360 1936 1428 quod
1960 1360 2194 1427 Heyuius
2219 1360 2274 1409 in
2302 1362 2430 1411 Not.

181 1432 398 1493 venetur,
434 1436 496 1478 ut
522 1443 693 1478 senex
721 1426 996 1478 imbecillis
1024 1437 1247 1478 mortem
1268 1427 1370 1478 sibi
1404 1429 1546 1479 ferro
1587 1428 1761 1497 possit
1807 1428 2165 1493 consciscere,
2199 1428 2272 1504 kid
2314 1427 2429 1480 dis-

181 1497 370 1562 quirere
396 1514 461 1547 eo
487 1496 664 1564 magis
697 1513 1069 1562 supervacuum
1095 1496 1245 1561 duco,
1279 1497 1421 1565 qnod
1444 1498 1561 1566 ipse
1585 1496 1839 1549 Anchises
1872 1497 2039 1562 addit,
2074 1497 2235 1552 etiam
2258 1498 2430 1550 hostis

180 1583 316 1616 mann
341 1566 514 1617 occidi
539 1583 602 1617 se
630 1583 812 1635 posse.
886 1570 1033 1629 Quae
1063 1583 1218 1634 quum
1241 1566 1318 1617 ita
1341 1567 1474 1632 sint,
1511 1565 1686 1618 nullus
1709 1567 1927 1632 dubito,
1964 1568 2087 1649 quin
2117 1580 2242 1635 post
2277 1571 2429 1619 inve-

180 1637 313 1685 niam
334 1635 599 1703 particula
623 1647 729 1686 aut
755 1634 1040 1700 exciderit,
1080 1653 1178 1704 per
1207 1646 1488 1687 exn-emam
1513 1637 1813 1705 praegressi
1841 1636 1992 1688 verbi
2041 1637 2298 1705 syllabam
2341 1638 2429 1689 in-

178 1713 415 1772 tercepta.
484 1705 577 1756 Sic
604 1705 770 1755 etiam
797 1713 967 1773 patet,
1002 1706 1318 1770 exuviasve,
1362 1706 1505 1774 quod
1533 1706 1773 1773 proximo
1802 1723 1878 1757 vs.
1904 1705 2158 1775 proponit
2179 1707 2429 1775 Heynius‚

177 1772 292 1825 ferri
312 1790 415 1825 non
444 1791 645 1842 posse3
682 1791 803 1824 nam
827 1791 891 1823 ex
919 1772 1207 1825 coniunctis
1235 1775 1441 1826 demum
1469 1774 1553 1826 his
1578 1774 1854 1827 sententiis
1880 1774 2225 1827 miserebitur
2252 1777 2431 1828 lios-tis

180 1852 228 1893 et
249 1847 474 1895 exuvias
492 1856 656 1915 petet
695 1842 1047 1894 interficiendi
1082 1843 1231 1895 notio
1274 1844 1551 1896 enascitur.
1605 1848 1688 1897 W
1683 1844 1750 1911 r.)

1890 1843 1996 1900 646
2041 1858 2200 1925 pet-as
2239 1846 2428 1898 Humb.

180 1928 270 1962 sec.
337 1915 393 1964 In
431 1914 537 1964 fine
568 1930 757 1963 versus
783 1925 868 1963 est
894 1912 1128 1964 additum
1161 1923 1274 1964 erat
1305 1914 1357 1964 in
1387 1913 1509 1967 edd.
1538 1914 1803 1965 nonnullis
1847 1926 1967 1965 ante
2007 1915 2251 1966 Plenum.
2315 1916 2427 1984 (se-

176 1981 375 2051 pulchri
400 1995 487 2034 est
518 1982 700 2034 Palat.
740 1982 888 2048 Wr.)
957 1981 1111 2033 Licet
1139 1983 1295 2035 etium
1321 2001 1379 2034 su
1448 1982 1604 2036 iculi:
1639 1985 1961 2035 Exuviasve
1981 2002 2037 2053 p.

183 2068 253 2100 rm
276 2056 442 2120 Sprot.
473 2062 529 2102 et
556 2054 771 2114 Franc„
804 2051 957 2114 male.
984 2071 1031 2104 v.
1055 2053 1227 2105 Burm.

184 2136 295 2171 mam
322 2121 576 2190 Virgilius
606 2122 867 2190 sequitur.
903 2123 970 2174 cf.
993 2123 1166 2173 Bnrm.

186 2291 327 2353 bellis
357 2317 539 2358 senex
584 2298 699 2373 sit,
763 2296 869 2356 sed
904 2296 1126 2374 hostis,
1181 2306 1254 2357 ut

188 2377 314 2439 bene
338 2383 731 2443 Burmannus
760 2402 833 2441 ex
879 2402 1041 2462 sequ.
1068 2389 1252 2443 mise-

184 2464 370 2527 rebitur
384 2470 616 2545 hosti-3,
657 2478 732 2529 ut
754 2470 852 2528 vel
875 2470 1254 2530 miseratione

180 2562 348 2615 motus
370 2577 461 2616 me
493 2556 977 2640 supplicantem,
1023 2565 1091 2616 ut
1122 2558 1253 2617 vita

176 2636 361 2700 liberet
381 2664 507 2720 me,
569 2641 808 2700 occidet
818 2663 852 2718 3·
873 2642 970 2702 vel
1001 2645 1252 2703 exuvias

169 2737 336 2800 petet,
389 2738 450 2786 et
482 2728 733 2787 occidet
756 2747 884 2802 me,
932 2737 1004 2787 ut
1034 2729 1249 2808 spoliet

173 2829 268 2870 me.
309 2810 432 2893 (sed
454 2812 596 2876 vid.
631 2814 701 2872 V.
732 2814 795 2872 L.
849 2812 1027 2895 Wr.)
1074 2814 1246 2874 Prio-

173 2914 279 2956 rem
302 2909 537 2977 partem
575 2899 822 2958 Servius
847 2897 1056 2958 habet:
1090 2902 1247 2958 dixit

175 2982 374 3061 affectu
396 2989 565 3058 εἱιιε,
612 2989 721 3064 qui
756 2985 1034 3063 cupiebat
1059 2988 1244 3043 imer-

174 3069 268 3125 imi
280 3114 297 3142 ,
356 3084 420 3129 ut
458 3092 611 3130 eum·
634 3070 821 3128 hostis
856 3073 1035 3150 quasi
1061 3075 1241 3129 mise-

177 3166 319 3212 mam
349 3158 675 3230 occident,
726 3165 796 3214 ut
821 3155 924 3215 inf.
954 3157 1060 3230 IX,
1099 3157 1244 3222 495.

178 3236 246 3312 X,
268 3244 397 3308 676.
438 3240 726 3302 Cadaver
744 3240 1112 3322 insepultum
1131 3242 1244 3300 ab·

180 3319 285 3398 iici,
321 3328 482 3405 quod
513 3328 649 3386 aliis
684 3336 806 3386 tam
846 3327 1245 3403 horrendum,

183 3408 298 3469 mihi
326 3434 507 3492 grave
550 3434 674 3472 non
702 3421 811 3471 est.

253 3496 357 3561 647
384 3533 459 3546 —
500 3499 653 3564 649.
708 3497 960 3557 Fundus
1006 3498 1242 3557 fabulae

185 3574 238 3634 in
260 3577 478 3662 Hymno
508 3585 577 3644 in
602 3584 896 3644 Venerem
924 3604 983 3644 v.
1014 3586 1239 3647 287-

179 3664 313 3729 289:
348 3672 589 3731 afflatus
622 3670 877 3729 fulmine
915 3678 978 3727 et
1019 3689 1238 3729 secun—

181 3745 303 3810 dum
327 3757 464 3817 alios
492 3765 899 3830 excaecantis
921 3755 1092 3814 iuxta
1118 3776 1235 3814 no-

176 3842 343 3898 ⁸tmm
369 3852 618 3903 tantum
658 3841 1005 3901 debilitatus
1044 3859 1238 3900 mem-

176 3917 388 4003 brisque
417 3938 638 4008 captus
654 3973 673 4004 ,
719 3926 1039 4001 Anchises,
1070 3926 1235 4004 quod

178 4015 641 4074 consuetudinem
658 4034 798 4072 cum
815 4013 1044 4072 Venere
1061 4013 1236 4071 evul-

172 4107 339 4169 gwu.
406 4103 477 4160 cf.
527 4100 784 4159 Excurs.
827 4098 996 4158 XVII
1051 4097 1130 4157 ad
1171 4096 1235 4158 h.

172 4173 288 4240 libr.
343 4180 607 4265 (inutilis
634 4231 655 4262 ‚
733 4179 976 4267 ἆχρεῖον
1027 4182 1237 4264 δέμας,

170 4262 358 4327 Aesch.
410 4271 604 4331 Prom.
676 4291 766 4330 vs.
821 4275 965 4336 871.
1018 4270 1233 4334 Blomf.

176 4350 334 4434 Wr.)
375 4376 562 4415 annos
589 4357 895 4428 demoror,
937 4356 1105 4433 quasi
1141 4356 1234 4413 fe-

170 4435 440 4500 stinantes
490 4441 598 4502 diu
652 4440 920 4502 vivendo
977 4441 1233 4502 detineo.

2177 1984 2282 2040 647
2319 2003 2426 2037 an—

1434 2057 1471 2111 9
1505 2055 1636 2124 igne
1661 2052 1899 2119 Oudart,
1932 2053 2028 2104 sed
2056 2053 2272 2106 alteram
2305 2055 2425 2106 for-

1342 2298 1506 2357 Serv.
1555 2297 1794 2357 Dictum
1821 2319 1935 2378 pro
1961 2300 2262 2360 moi-ariin
2278 2301 2422 2378 vita,

1338 2388 1563 2442 morari
1628 2387 1820 2442 vitam
1843 2429 1859 2460 ,
1926 2381 2042 2465 (ne
2098 2385 2421 2466 decurrat)

1337 2490 1547 2546 annos,
1575 2477 1675 2530 ut:
1717 2474 1940 2528 morari
1965 2484 2225 2547 mortem,
2234 2472 2416 2551 sata,

1346 2555 1601 2631 Orcum,
1645 2560 1939 2620 animam.
1998 2559 2287 2638 Exempla
2316 2558 2425 2618 det

1334 2640 1543 2704 Burm.
1574 2642 1870 2720 subninie
1908 2644 2172 2721 adflavit
2206 2649 2417 2715 venti-3,

1331 2746 1446 2806 pro
1477 2727 1759 2802 fulmine,
1806 2728 2293 2807 quandoquidem
2320 2750 2422 2789 aer

1331 2811 1600 2871 fulminis
1632 2814 1790 2871 iactu
1819 2813 2113 2892 impulsus
2148 2824 2209 2872 et
2249 2835 2421 2874 rare-

1332 2897 1529 2957 factus
1555 2897 1909 2975 intercludit
1948 2899 2257 2978 spiritum
2299 2901 2421 2958 sel-

1330 2992 1456 3041 tem
1480 2993 1683 3042 motus
1712 2993 1773 3042 et
1803 2983 2064 3063 impetus
2099 2985 2252 3043 aeris
2281 3006 2421 3045 cum

1327 3069 1576 3127 fulmine
1596 3069 1881 3128 sentitur:
1910 3079 2073 3129 recte
2098 3072 2256 3130 enim
2286 3093 2419 3131 mo-

1329 3165 1433 3213 net
1483 3154 1798 3215 Meierotto
1825 3155 1890 3215 in
1945 3156 2150 3215 Dubiis
2208 3178 2268 3236 p.
2315 3158 2417 3232 56,

1329 3252 1602 3300 nostram
1662 3241 2054 3301 subtilitatem
2109 3241 2418 3322 physicam

1327 3325 1391 3385 in
1431 3336 1637 3387 vetere
1681 3337 1858 3407 poeta
1900 3328 2102 3387 locum
2146 3349 2270 3388 non
2300 3328 2417 3388 ha-

1325 3412 1493 3472 bere:
1552 3433 1767 3473 verum
1812 3413 2068 3473 docebat
2120 3415 2264 3493 ipsa,
2301 3435 2417 3491 res,

1324 3517 1463 3558 cum
1493 3500 1644 3558 aeris
1667 3498 1933 3577 impulsu
1962 3499 2192 3559 fulmen
2233 3500 2417 3559 cade-

1323 3602 1423 3660 re;
1458 3582 1602 3643 hinc
1643 3593 1790 3643 noto
1829 3577 1947 3644 usu
1987 3585 2273 3662 loquendi
2314 3587 2414 3646 di-

1324 3677 1421 3728 cta
1448 3690 1603 3728 aura
1624 3670 1959 3747 salnensi&
2005 3671 2169 3730 unde
2218 3673 2414 3750 ipsum

1322 3755 1561 3833 adflare
1594 3752 1867 3815 ductum.
1921 3752 2072 3836 (vid.
2093 3756 2414 3819 Weichert.

1321 3840 1512 3920 Epist.
1550 3840 1686 3900 crit.
1710 3861 1771 3920 p.
1795 3841 1898 3907 55.
1933 3860 2061 3919 sqq.
2094 3875 2182 3888 -
2225 3844 2414 3924 „Epi-

1321 3926 1490 3986 curei
1517 3936 1720 3986 autem
1743 3927 1828 3985 ita
1856 3934 2140 4003 tractant,
2167 3938 2240 3987 ut
2263 3951 2414 4009 poe-

1320 4022 1387 4071 ta
1444 4012 1716 4072 elocutus
1775 4009 1899 4094 (est
1920 4010 1980 4095 ‚)
2040 4024 2412 4094 ventumque

1318 4099 1558 4178 igneum
1585 4099 1814 4158 fulmen
1856 4108 2079 4158 vocent
2101 4145 2119 4176 ,
2176 4121 2245 4159 ac
2289 4122 2407 4162 nu-

1316 4184 1494 4244 bibus
1525 4185 1730 4244 excuti
1756 4184 1959 4260 aiunt,
2003 4184 2159 4244 sicut
2189 4196 2252 4245 et
2282 4189 2410 4246 Lu·—

1318 4273 1541 4331 cretius
1565 4270 1817 4331 tradjt.“
1865 4271 2088 4330 Lucret
2134 4271 2230 4344 vl,
2261 4271 2407 4335 294.

1317 4378 1447 4436 sqq.
1488 4358 1653 4417 Haec
1679 4356 1937 4435 Interpr.
1965 4356 2107 4415 Maii
2135 4356 2213 4415 ed
2258 4355 2319 4414 h.
2363 4357 2402 4416 l.

1315 4442 1526 4524 Itaque
1571 4443 1740 4519 vide,
1813 4462 1890 4501 sn
1943 4442 2130 4502 verba
2172 4440 2401 4521 Virgilii
