2882 5028
510 359 658 433 142

987 357 1069 429 P.
1135 353 1650 434 VIRGILII
1714 354 2266 430 MARONIS

435 631 438 640 ¹
502 541 632 616 Bis
674 539 902 616 denis
929 538 1360 637 Phrygium
1398 539 1831 616 conscendi
1863 541 2200 619 navibus
2233 565 2567 642 aequor,

501 650 757 721 Matre
797 642 945 717 dea
974 647 1476 720 monstrante
1510 645 1717 719 viam
1738 704 1759 734 ,
1817 643 1994 720 data
2027 641 2184 719 fata
2213 658 2555 723 secutus,

503 749 646 825 Vix
681 759 997 847 septem
1031 747 1456 823 convolsae
1487 748 1727 824 undis
1766 752 2145 848 Euroque
2180 764 2630 850 supersunt.

504 930 609 973 tur.
681 925 754 973 Ac
777 939 935 990 saepe
960 919 1033 972 ita
1059 918 1326 991 antiquam
1349 931 1588 986 matrem,
1615 941 1664 974 s.
1690 919 1918 992 patriam
1949 933 2000 973 et
2037 939 2351 991 proavorum
2379 925 2534 976 sedes
2576 923 2783 993 exqui-

503 1008 625 1042 rere
652 990 844 1042 dicitur
869 998 1089 1042 Aeneas.
1160 991 1370 1043 Iahnius
1392 995 1638 1063 patriam
1665 990 2073 1063 interpretatur:
2111 1002 2182 1043 ut
2215 1011 2241 1043 s
2259 992 2276 1043 i
2293 1001 2317 1043 t
2351 1012 2386 1062 p
2406 994 2598 1046 atria
2616 1032 2632 1058 ,
2672 1003 2781 1044 to·-

504 1069 719 1130 tumqne
751 1061 922 1112 locam
945 1060 1018 1112 ita
1040 1059 1467 1129 distinguendum
1497 1061 1787 1113 existimat:

711 1135 834 1182 Sum
870 1130 985 1198 pius
1022 1135 1251 1194 Aeneas,
1285 1141 1470 1199 raptos
1506 1131 1594 1200 qui
1632 1149 1694 1182 ex
1728 1131 1886 1182 hoste
1920 1139 2142 1199 penates

714 1200 892 1252 Classe
926 1199 1061 1251 veho
1097 1218 1327 1262 mecum;
1359 1200 1499 1251 fama
1534 1218 1693 1269 super
1726 1200 1941 1252 aethera
1976 1210 2133 1251 notus
2196 1231 2199 1238 =

716 1269 917 1321 Italiam
960 1287 1154 1337 quaero
1188 1270 1410 1338 patriam
1449 1278 1506 1319 et
1528 1288 1695 1339 genus
1727 1271 1795 1322 ab
1831 1272 1956 1321 love
1991 1286 2223 1333 summ03

507 1337 609 1390 hac
647 1338 891 1391 adiuncta
925 1337 1298 1405 explicatione:
1333 1339 1538 1406 „idem,
1584 1339 1675 1409 qni
1718 1340 1859 1390 fama
1890 1356 2049 1408 super
2087 1340 2309 1391 aethera
2351 1347 2504 1389 notus
2539 1346 2599 1388 et
2624 1337 2780 1388 lovis

507 1407 704 1491 summi·
720 1426 883 1477 genus
910 1425 1021 1458 sum
1035 1446 1050 1472 ,
1068 1425 1279 1490 ‘quaero
1301 1408 1501 1459 ltaliam
1530 1409 1804 1479 patriam.“

1877 1411 2025 1473 Quae
2050 1408 2189 1460 ratio
2237 1427 2342 1460 non
2366 1407 2603 1462 debebat
2641 1407 2781 1477 pla-

506 1495 628 1530 cere
657 1496 767 1531 eius
808 1477 1026 1528 Censori
1064 1494 1120 1527 m
1151 1476 1293 1529 Diar.
1339 1478 1421 1529 lit.
1446 1480 1648 1530 lenens.
1681 1479 1749 1531 ai.
1792 1478 1946 1534 1827.
1978 1477 2246 1547 supplem.
2283 1495 2372 1529 ιο.
2418 1476 2502 1531 94.
2543 1495 2602 1546 p.
2640 1479 2779 1533 866.

517 1548 659 1615 Wr.)
729 1546 798 1599 ab
826 1550 875 1598 Ι.
906 1563 1108 1618 magno
1136 1548 1417 1600 Romanus.

1557 1550 1658 1604 881
1696 1551 1878 1619 Inepte
1906 1547 2243 1601 Grammatici
2280 1565 2440 1617 super
2469 1549 2569 1599 Bis
2608 1546 2782 1600 denas

391 1641 396 1644 ·
506 1611 948 1670 commentanthr:
999 1617 1200 1687 viginti
1225 1617 1414 1669 fuisset
1448 1617 1712 1685 pedestris
1754 1619 2008 1670 orationis
2045 1618 2231 1670 forma.

2366 1616 2782 1687 882oeafm

507 1690 697 1740 Graev.
730 1705 879 1739 erasa
906 1685 1075 1754 prima
1100 1684 1275 1738 littera
1289 1725 1305 1751 ,
1340 1687 1489 1756 quasi
1512 1687 1742 1739 voluerit
1773 1700 1918 1740 rota.
1985 1686 2092 1739 Sed
2118 1686 2383 1756 vulgatam
2409 1687 2585 1738 firmat
2596 1688 2779 1737 Burin.

507 1757 645 1810 dato
666 1756 720 1828 fi
759 1768 1068 1827 sequuntur
1097 1755 1261 1808 Goth.
1287 1774 1370 1827 pr.

503 1827 825 1898 optimorum
852 1824 1131 1893 scriptura.

594 1988 741 2050 880.
784 1986 1074 2047 Fabulam
1107 1997 1277 2068 poeta
1302 1985 1595 2062 sequitur,

508 2092 629 2150 qua
668 2072 988 2132 Dardanus
1033 2094 1069 2132 a
1118 2070 1387 2153 Corytho
1431 2072 1595 2151 Tyr-

508 2155 703 2217 rheno
754 2177 940 2236 genus
1001 2159 1222 2218 ducere
1268 2157 1595 2231 serebatur,

509 2263 649 2303 cum
678 2244 982 2324 Corythus
1016 2243 1501 2305 Samothracicus
1529 2242 1595 2301 in

508 2349 647 2389 eum
673 2340 825 2389 esset
849 2331 1179 2391 translatus
1205 2328 1596 2390 similitudine

508 2415 783 2476 nominis.
823 2436 885 2476 v.
930 2417 1072 2477 Aen.
1118 2418 1245 2492 vll,
1294 2416 1421 2481 205
1464 2435 1595 2492 sqq.

508 2500 639 2569 240
679 2523 766 2581 sq.
806 2499 1135 2578 vu1,.134
1168 2523 1255 2582 sq.
1299 2500 1456 2561 adde
1492 2500 1595 2577 111‘,
1626 2538 1629 2541 ι

514 2590 656 2664 167,
688 2593 749 2662 8,
792 2589 897 2648 ubi
923 2609 983 2649 v.
1010 2588 1382 2648 Excurs.111.
1437 2586 1598 2646 Hinc

507 2673 611 2732 lib.
650 2674 778 2748 vn,
813 2679 962 2740 122:
1005 2677 1137 2734 Hic
1171 2675 1402 2749 domus,
1444 2673 1597 2733 haee

497 2762 712 2838 patria
745 2774 849 2819 est.
904 2761 977 2836 Π,
1013 2765 1139 2826 620
1172 2772 1365 2819 tutum
1391 2763 1596 2838 patrio

509 2857 565 2903 te
593 2847 801 2905 limine
828 2850 1064 2905 sistam.
1129 2847 1441 2907 Hactenus
1468 2847 1596 2906 Ita-

507 2931 588 2990 lia
621 2942 714 2992 est
749 2932 979 2992 Aeneae
1019 2932 1246 3013 patria3
1289 2941 1352 2992 et
1380 2931 1596 2991 hacte-

510 3037 624 3076 nus
658 3040 878 3095 genus,
921 3041 963 3076 a
988 3020 1132 3077 love
1160 3019 1433 3094 ductum,
1462 3017 1525 3077 h.
1545 3036 1594 3077 e.

508 3102 758 3183 stirpem
785 3114 844 3163 et
873 3103 1160 3182 originem
1188 3106 1417 3183 generis
1443 3125 1476 3162 a
1494 3104 1597 3163 Io-

509 3206 586 3246 ve
642 3189 807 3248 ducti
825 3233 841 3264 ,
903 3198 1200 3268 quatenus
1257 3190 1595 3266 Dardanus,

508 3272 667 3333 Iovis
697 3275 857 3335 filius
882 3294 958 3333 ex
986 3275 1238 3351 Electra,
1282 3285 1345 3335 et
1367 3276 1598 3355 generis

473 3424 477 3433 ,
509 3370 742 3435 auctor,
757 3381 834 3419 ex
857 3361 1030 3421 Italia
1057 3360 1352 3421 oriundus
1382 3370 1490 3422 est.
1520 3362 1595 3420 cf.

507 3444 627 3521 111,
661 3444 744 3510 94
782 3467 909 3524 sqq.
954 3446 1076 3505 hoc
1120 3450 1383 3527 quaerit,
1426 3448 1597 3528 petit,

507 3529 571 3593 h.
611 3551 661 3591 e.
691 3541 947 3605 terram,
992 3534 1054 3591 in
1096 3552 1216 3610 qua
1251 3534 1599 3612 progenitor

507 3617 609 3679 ille
655 3626 859 3677 ortum
907 3617 1219 3677 habuerat.
1306 3618 1390 3678 At
1434 3621 1599 3678 Bur—

507 3723 767 3763 mannus
806 3723 936 3763 eam
969 3705 1267 3764 rationem
1306 3704 1597 3784 sequitur,

505 3797 580 3851 ut
616 3811 813 3869 genu-s
852 3790 1207 3851 nominandi
1246 3812 1390 3851 casu
1430 3792 1597 3873 posi-

507 3880 645 3935 tum
690 3877 971 3956 accipiat:
1015 3897 1128 3956 ego
1169 3878 1433 3952 Aeneas,
1477 3899 1596 3958 ge-

506 3982 621 4020 nus
645 3982 688 4020 a
719 3964 887 4037 Iove,
934 3961 997 4021 h.
1028 3982 1077 4023 e.
1111 3963 1285 4040 Iovis,
1301 3973 1376 4024 ut
1403 3964 1474 4039 V,
1493 3963 1596 4038 45,

506 4066 730 4126 quaero
758 4049 1029 4129 patriam.
1098 4049 1271 4123 Quae
1305 4050 1461 4109 ratio
1485 4070 1595 4131 per

506 4153 569 4193 ae
613 4144 705 4194 est
739 4135 898 4193 bona
914 4180 929 4209 ,
975 4135 1081 4193 sed
1122 4135 1276 4195 dura
1313 4146 1405 4195 est
1451 4157 1596 4197 ora-

505 4218 625 4297 tio,
680 4230 739 4279 et
781 4220 932 4280 haec
987 4221 1189 4302 stirpis
1237 4224 1594 4284 memoratio

504 4307 712 4387 paullo
741 4308 950 4383 serius,
980 4326 1162 4384 quam
1190 4308 1419 4389 reliqua
1449 4331 1593 4371 ora-

506 4393 594 4455 tio
630 4395 767 4472 sert,
811 4393 1022 4455 subiici
1055 4393 1314 4457 videtur.

1508 1758 1618 1814 883
1645 1757 1942 1811 convolsae
1961 1756 2187 1808 Romani
2214 1768 2272 1808 et
2298 1755 2489 1809 Medic.
2519 1756 2780 1826 adeoque

1763 1985 1912 2050 381·
1970 1983 2313 2064 Phrygium
2353 2008 2604 2066 aequor,
2656 1985 2773 2045 lit-

1678 2070 1804 2129 tori
1833 2070 2088 2130 Troadis
2117 2091 2223 2131 seu
2250 2070 2541 2152 Phrygiae
2564 2073 2776 2131 mino-

1679 2154 1764 2214 ris
1807 2160 2209 2236 praetentum.
2296 2159 2619 2217 conscendi
2653 2181 2773 2218 ae·-

1680 2262 1833 2320 quor
1851 2243 2110 2302 navibus
2135 2243 2371 2316 doctius
2386 2244 2639 2319 dictum,
2656 2265 2775 2325 pro

1680 2326 1936 2405 vulgari,
1966 2331 2347 2389 conscendere
2374 2352 2584 2390 naves.
2645 2331 2776 2406 Qui

1680 2412 1841 2471 enim
1885 2416 1952 2471 ἰιι
1992 2417 2186 2474 altum
2232 2415 2545 2493 evehitur,
2592 2418 2655 2476 is
2711 2427 2776 2477 et

1680 2520 1908 2578 aequor
1943 2502 2325 2562 conscendere
2372 2502 2491 2562 dici
2536 2513 2768 2583 potest.

1679 2587 1827 2650 382.
1843 2588 2050 2646 Matre
2065 2589 2180 2647 dea
2197 2602 2561 2649 monstrante
2576 2594 2773 2650 viam.

1678 2670 1828 2730 Aen.
1861 2670 1932 2746 11,
1972 2674 2097 2737 589
2126 2695 2254 2753 sqq.
2294 2674 2451 2735 nihil
2487 2675 2565 2734 de
2598 2677 2704 2736 via
2739 2696 2773 2734 a

1681 2757 1911 2815 Venere
1946 2768 2277 2819 monstrata
2312 2769 2618 2838 monetur,
2666 2763 2773 2821 sed

1679 2849 1921 2901 tantum
1954 2844 2029 2902 de
2054 2846 2192 2926 fuga
2222 2868 2280 2908 v.
2304 2852 2451 2923 619,
2467 2852 2614 2914 620.
2650 2849 2773 2909 Ve-

1680 2947 1821 2986 rum
1857 2930 2026 2989 fuere
2063 2933 2210 2991 aliae
2246 2934 2309 2992 in
2341 2952 2472 2992 eam
2510 2953 2643 2994 rem
2678 2936 2773 2994 fa-

1677 3012 1888 3074 bulae:
1932 3037 1990 3078 v.
2020 3039 2149 3099 sup.
2180 3020 2431 3098 Disquis.
2458 3021 2532 3096 11,
2564 3042 2611 3081 s.
2640 3021 2775 3097 vn,

1679 3119 1740 3180 p.
1780 3102 1887 3166 52.
1982 3103 2155 3177 Quae
2196 3106 2443 3166 Servius
2482 3116 2545 3167 et
2581 3108 2776 3167 Pom-

1678 3185 1898 3266 ponius
1954 3208 2031 3248 ex
2074 3192 2345 3252 Varrone
2400 3193 2477 3252 de
2518 3194 2776 3255 Veneris

1683 3273 1855 3331 stella
1893 3273 1996 3335 hie
2030 3276 2411 3339 incommode
2450 3280 2594 3339 satis
2635 3300 2776 3340 me-

1680 3370 1944 3438 morant,
1985 3373 2241 3444 potuere
2269 3365 2528 3425 insidere
2555 3376 2776 3447 poetae

1683 3446 1883 3506 animo
1922 3448 1988 3508 in
2027 3450 2183 3510 libro
2214 3452 2288 3527 II,
2322 3456 2447 3517 693
2488 3454 2563 3510 de
2602 3455 2774 3512 coelo

1681 3531 1864 3610 lapsa
1897 3544 2010 3594 etc.
2041 3538 2190 3595 data
2202 3538 2383 3616 fata,
2432 3549 2777 3599 monstrata

1682 3635 1822 3677 cum
1851 3640 1963 3700 per
2005 3623 2270 3702 auspicia
2307 3632 2440 3682 tum
2470 3644 2580 3705 per
2622 3647 2774 3685 ora·

1681 3706 1816 3764 cula
1858 3706 1961 3783 ΙΙΙ,
1991 3710 2073 3773 95
2101 3729 2188 3786 sq.
2237 3713 2357 3775 168
2386 3731 2472 3789 sq.
2517 3712 2647 3775 375
2687 3733 2773 3790 sq.

1683 3788 1957 3872 (Proprie
1990 3793 2214 3854 dicitur
2234 3798 2545 3855 ome-ulum
2557 3798 2771 3873 datm,

1681 3886 1743 3936 et
1758 3878 1916 3956 sata
1946 3901 2060 3960 pro
2087 3882 2362 3959 oraculis,
2387 3884 2634 3962 utsata
2667 3886 2772 3943 Si-

1680 3963 1932 4043 byllina.
1990 3968 2098 4028 W
2086 3966 2217 4051 ch.)

1766 4135 1837 4195 In
1865 4139 1989 4201 383
2008 4173 2088 4185 --
2103 4138 2228 4205 385
2258 4140 2512 4201 observa
2534 4143 2770 4222 magui-

1678 4219 1856 4282 ficam
1876 4223 2201 4285 dictionem
2228 4245 2307 4286 ex
2321 4226 2655 4289 verborum
2677 4228 2772 4288 ‹li-

1679 4308 1860 4369 lectu.
1888 4313 2129 4389 ignotus
2154 4315 2323 4374 Serv.
2339 4317 2588 4395 exponit
2610 4337 2772 4396 qua·

1678 4398 1737 4456 si
1756 4408 2011 4479 propter
2035 4419 2096 4459 v.
2126 4402 2254 4465 379
2266 4399 2468 4480 fama
2494 4426 2546 4461 ε.
2570 4425 2636 4463 α.
2658 4425 2768 4461 no·
