2882 5028
690 375 1306 450 AENEmos
1359 378 1570 453 Lm.
1613 379 1709 472 11,
1765 381 2103 458 40--52

2380 388 2479 459 27
2484 390 2531 457 3

264 559 691 662 Quidquid
724 561 808 637 id
844 576 994 656 est,
1048 564 1298 639 timeo
1328 568 1644 640 Danaos
1683 577 1761 640 et
1798 563 2012 639 dona
2037 561 2388 644 ferentis.

266 665 391 741 Sic
420 662 679 761 fatue,
739 665 1019 741 validis
1044 668 1456 766 ingentem
1499 667 1797 742 viribus
1827 667 2136 742 hastam

2429 677 2531 750 50

265 771 356 845 ln
383 767 587 844 latus
618 769 874 872 inque
900 767 1052 845 feri
1087 795 1406 846 curvam
1439 770 1925 873 conpagibus
1956 769 2219 848 alvum

270 874 704 951 Contorsit.

816 875 1051 950 Stetit
1108 873 1239 949 illa
1293 887 1692 974 tremenffi
1755 888 2158 977 uteroque
2205 899 2526 954 recusso

370 1078 443 1134 49
472 1079 616 1131 haec
649 1079 804 1133 dona
833 1081 1076 1133 Parthas.
1110 1080 1389 1152 (ferentes
1419 1081 1613 1135 Medic.
1652 1084 1738 1135 W
1730 1083 1796 1150 r.)
1876 1084 1949 1141 50
1977 1083 2180 1136 validis
2210 1094 2532 1165 contorquet

270 1147 480 1201 viribus
513 1167 621 1200 sec.
659 1150 850 1202 Moret-

989 1152 1054 1206 51
1093 1153 1437 1221 Quantopere
1463 1163 1668 1204 veteres
1693 1152 2030 1204 Grammatici
2052 1153 2107 1204 in

2208 1155 2261 1204 ri
2283 1153 2530 1222 trepida-

270 1217 404 1283 rint,
445 1236 510 1268 ex
534 1218 729 1271 lacinia
757 1220 1102 1289 intelligitur,
1136 1238 1290 1289 quam
1321 1221 1640 1291 Pomponius
1668 1221 1722 1273 h.
1757 1222 1797 1273 l.
1829 1239 1896 1273 ex
1921 1230 2051 1274 vett.
2074 1150 2300 1275 Scssliis
2343 1240 2527 1274 serva—

269 1288 377 1341 vit=
427 1289 619 1353 FERI,
686 1290 747 1341 id
797 1303 918 1354 est,
969 1293 1117 1361 equi,
1179 1310 1308 1342 nam
1343 1290 1434 1343 lib.
1473 1294 1602 1356 VII,
1644 1290 1749 1346 489
1771 1289 1963 1361 strum
2006 1292 2256 1363 appellat
2293 1309 2527 1343 cervum.

268 1359 633 1429 Apronianus
658 1358 798 1430 legit
821 1360 985 1423 Ferit,
1016 1378 1114 1431 pro
1139 1363 1419 1432 percussit
1443 1379 1666 1412 curvam
1693 1362 1877 1412 alvum
1909 1363 1969 1412 in
2013 1359 2364 1432 compagibus
2405 1360 2529 1430 (hoo

269 1427 323 1477 in
349 1428 481 1479 God.
518 1427 764 1479 Mediceo
807 1430 1063 1495 habetur,
1110 1447 1420 1499 quamquam
1447 1448 1481 1482 a
1513 1432 1721 1481 nemine
1754 1430 1926 1482 adhue
1947 1431 2232 1498 notatum).
2302 1430 2420 1482 Alii
2443 1430 2530 1481 Ie-

264 1510 413 1568 gumt
438 1495 579 1559 Feri,
616 1508 679 1547 ut
706 1498 1158 1581 'l'fsef‘ffvs‘fi'
1186 1517 1294 1580 pro
1325 1517 1495 1569 equo,
1533 1511 1597 1550 ut
1611 1499 1779 1572 sera,
1802 1500 1997 1570 serae,
2033 1516 2132 1566 pro
2158 1499 2530 1579 qftadsupede·

269 1567 395 1620 Alii
418 1566 616 1637 legum
640 1569 801 1631 Fert,
855 1581 918 1619 ut
958 1582 1158 1633 onem,
1205 1569 1266 1620 ed
1308 1581 1395 1620 eet
1416 1567 1637 1639 fitam,

266 1636 471 1687 dentia
507 1637 587 1716 (ut
613 1635 684 1686 sit
713 1653 814 1704 pro
891 1657 1038 1690 eram
1077 1656 1303 1689 curvam
1339 1638 1544 1706 alvum)
1580 1666 1651 1678 —

264 1706 383 1757 MS.
417 1704 667 1758 Prisciani
689 1724 746 1775 p.
780 1709 807 1761 1

908 1716 1146 1760 notatum
1178 1707 1234 1757 in
1268 1708 1487 1759 collect.
1516 1712 1634 1760 Sax-
1706 1707 1888 1759 alvom
1916 1706 2052 1758 Gud.

1726 1581 1912 1639 reptet
1947 1565 2116 1620 verba
2155 1569 2404 1620 &mileter
2431 1586 2530 1619 ca-

1738 1655 1861 1689 orro
1882 1631 2006 1708 feri
2025 1656 2071 1689 c.
2110 1638 2444 1709 compaginis
2476 1655 2529 1689 α.

2189 1708 2260 1762 52
2293 1708 2359 1756 In
2367 1707 2529 1758 torsit

263 1792 380 1826 see.
412 1774 661 1826 Rottend.
725 1777 834 1828 uod
862 1777 1076 1829 defendi
1102 1776 1292 1847 possit.
1363 1796 1556 1830 recuso
1583 1779 1661 1829 Re
1693 1813 1714 1827 γ.
1746 1795 1777 1828 a
1822 1794 1890 1827 m.
1931 1793 2013 1845 pr.
2055 1783 2111 1827 et
2139 1784 2264 1827 tert.
2306 1774 2525 1828 Mentel.

264 1861 390 1897 eum
427 1843 567 1895 binis
597 1845 703 1896 Got
744 1881 760 1897 .
831 1847 1048 1898 recluso
1077 1864 1160 1917 pr.
1190 1846 1379 1899 Hamb.
1412 1856 1469 1898 et
1489 1864 1613 1900 see.

261 2000 445 2149 ῗκρα.
531 2003 697 2062 unde
725 2040 728 2048 ,
750 1995 1104 2084 prospectus
1151 2023 1361 2063 versus

284 2090 454 2150 irtus.

357 2257 460 2324 46.
494 2259 579 2318 Ut
606 2259 689 2318 sit
710 2278 825 2337 pro
857 2259 1019 2320 turri
1039 2260 1189 2320 rotis
1210 2260 1360 2320 sub-

271 2346 436 2403 iectis
476 2365 659 2405 muro
697 2344 1011 2405 admoveri
1055 2346 1246 2422 solita,
1289 2357 1364 2405 ut

273 2430 527 2490 demisso
576 2440 770 2510 ponte
830 2450 1105 2491 escensus
1146 2431 1256 2490 fiat
1301 2432 1364 2490 in

267 2538 534 2578 murum.
580 2555 665 2566 -
711 2517 816 2580 47.
858 2517 974 2592 Ut,
1019 2518 1123 2596 qui
1153 2517 1365 2577 inclusi

264 2614 441 2680 sunt,
489 2624 568 2663 ex
596 2622 700 2676 ea,
744 2612 1055 2682 tamquam
1083 2624 1162 2663 ex
1187 2605 1365 2679 turri,

266 2690 569 2770 speculari
630 2689 845 2748 urbem
890 2698 952 2748 et
990 2689 1248 2770 desuper
1288 2709 1367 2748 ex

274 2777 488 2835 altiore
545 2777 685 2835 loeo
740 2776 804 2833 in
860 2795 1068 2835 muros
1132 2776 1368 2834 desilire

279 2863 525 2940 possint.
606 2882 767 2919 error·
794 2881 941 2921 mox
982 2882 1093 2941 pro
1134 2860 1369 2936 fraude,

283 2947 590 3024 exquisite.
650 2947 939 3028 (aliquis,
984 2947 1027 3007 i.
1066 2965 1116 3006 e.
1164 2947 1367 3006 alius

281 3051 323 3110 q
340 3033 496 3107 uis;
536 3053 715 3111 quam
735 3032 1224 3112 significationem
1251 3032 1370 3092 fuit

280 3117 386 3195 qui
438 3118 587 3177 salso
631 3117 777 3178 huic
818 3138 952 3179 voc.
988 3118 1177 3180 tribui
1219 3138 1368 3177 con-

276 3203 588 3281 tenderem
647 3203 794 3265 Aen.
824 3205 930 3280 tx,
975 3207 1151 3269 186.:
1209 3203 1372 3279 „Aut

269 3312 559 3371 pugnam,
589 3298 697 3349 aut
745 3289 1051 3368 aliquid
1091 3290 1211 3349 iam
1247 3290 1369 3349 du-

282 3377 432 3436 dum
488 3375 777 3436 invadere
848 3395 1130 3454 magnum
1201 3375 1371 3434 Mens

274 3463 463 3540 agitat
511 3459 736 3520 mihi.“
827 3461 946 3520 cic.
1002 3461 1079 3520 de
1122 3462 1270 3541 Rep.
1323 3461 1368 3537 1,

287 3551 417 3611 18.:
458 3548 785 3623 „observat
809 3547 970 3606 Iovis
988 3548 1140 3607 Cum
1166 3565 1370 3627 capra,

284 3642 396 3690 aut
435 3653 615 3714 nepa,
671 3642 781 3692 aut
826 3632 1105 3693 exoritur
1147 3651 1370 3692 nomen

282 3718 604 3797 aliquod
644 3718 917 3778 beluae.“
977 3718 1065 3781 id.
1092 3718 1169 3777 de
1199 3719 1370 3779 Orat.

282 3803 358 3879 11,
401 3804 529 3875 42:
587 3804 811 3880 „Plura
839 3802 995 3863 enim
1026 3805 1221 3864 multo
1250 3802 1372 3863 ho·-

275 3891 465 3951 mines
495 3891 771 3951 iudicant
798 3889 974 3964 odio,
1017 3899 1128 3951 aut
1153 3908 1373 3964 amore,

1699 1854 1836 1898 oret.
1861 1862 2155 1917 perperam.

1443 2003 1638 2063 habeo
1693 2003 1928 2062 Danaos
1978 2012 2285 2083 suspectos
2328 2003 2526 2079 etiam,

1447 2110 1585 2149 cum
1605 2090 1776 2174 ,ultro
1803 2089 2065 2149 offerunt
2096 2088 2272 2154 dona.

1534 2261 1633 2325 50.
1687 2260 1758 2320 V
1744 2261 1928 2320 aliciae
1971 2259 2192 2318 viribus
2239 2280 2354 2340 pro
2397 2281 2530 2328 nia--¹

1446 2345 1591 2425 gnis.
1680 2345 1828 2406 Mox
1881 2345 2256 2406 ornatissime
2305 2347 2530 2406 iterum

1448 2451 1669 2510 equum
1703 2432 1963 2512 ligneum
1997 2431 2281 2491 declarat.
2341 2431 2528 2491 Inla-

1449 2530 1546 2577 tus
1570 2520 1631 2576 et
1664 2521 1860 2595 alvus,
1904 2536 2056 2598 quae
2079 2518 2144 2577 in
2170 2538 2360 2578 unum
2387 2520 2527 2578 iun-
2573 2532 2578 2535 “

1453 2613 1547 2662 cta
1567 2648 1584 2678 ,
1646 2625 1769 2663 non
1796 2614 1887 2663 est
1912 2604 2331 2685 argutan'dum.
2382 2605 2532 2664 Iun-

1450 2698 1679 2767 guntur
1730 2711 1764 2748 a
1798 2691 1991 2769 poetis
2032 2710 2365 2769 synonyma
2406 2690 2532 2749 sine

1452 2774 1618 2834 omni
1647 2776 1994 2835 subtilitate.
2057 2774 2168 2853 (ita
2193 2784 2416 2847 tamen,
2460 2784 2532 2834 ut
2608 2766 2618 2778 ‘

1456 2860 1628 2919 alteri
1683 2861 1910 2923 nomini
1953 2860 2218 2932 addatur
2278 2859 2559 2937 aliquid,-

1454 2945 1623 3024 quod
1660 2947 1758 3006 vel
1817 2946 1894 3006 ad
1932 2948 2170 3027 plenam
2225 2945 2533 3004 notionem

1456 3032 1858 3107 desideretur,
1959 3040 2068 3093 aut
2118 3031 2199 3091 ad
2252 3040 2532 3091 ornatum

1458 3119 1778 3197 pertineat,
1803 3127 1875 3177 ut
1891 3116 1953 3177 h.
1978 3118 2019 3179 1.
2051 3138 2299 3176 curvam
2311 3139 2340 3189 ,-
2377 3126 2437 3176 et
2468 3119 2534 3175 in

1454 3206 1616 3264 latus
1652 3216 1708 3262 et
1746 3224 1998 3263 curvam
2037 3204 2249 3262 alvum
2283 3203 2323 3261 i.
2369 3222 2425 3280 q.
2468 3206 2534 3261 in

1456 3310 1706 3349 cur-vum
1752 3292 1936 3350 latus.
2039 3288 2175 3348 vid.
2237 3289 2414 3347 etiam
2456 3288 2531 3362 Q.

1457 3375 1529 3435 V.
1570 3375 1868 3452 XXXIII,
1923 3376 1984 3441 5.
2047 3373 2223 3457 Wr.)
2335 3374 2534 3433 Etiam

1458 3459 1789 3541 Tryphiod.
1836 3466 1915 3528 61
1971 3461 2149 3522 Ποίει
2185 3453 2250 3523 δ’
2286 3454 2534 3542 sniumei·

1456 3570 1565 3627 της
1613 3544 1725 3627 μ’ὲν
1770 3546 1871 3610 ἐπὶ
1913 3549 2179 3627 πλευρῆς
2231 3536 2535 3626 ἅραρυῖαν

1461 3631 1748 3714 saeveque.
1833 3632 1996 3692 {nfra
2034 3651 2093 3691 v.
2125 3635 2268 3694 231.
2302 3643 2536 3709 tergum.

1455 3716 1725 3798 ponitur.
1811 3718 1881 3776 In
1913 3716 2181 3797 partium
2208 3736 2277 3774 ac
2302 3718 2536 3788 forma-

1456 3823 1597 3862 rum
1665 3821 2067 3881 generumque
2136 3800 2552 3881 designatione·

1459 3908 1753 3948 summam
1821 3888 2161 3948 libertatem
2246 3887 2536 3947 orationis

275 3987 384 4037 ant
438 3977 813 4058 cupiditate,
882 3983 990 4034 aut
1046 3975 1377 4051 iracundia,
1464 3974 1734 4054 poeticae
1785 3975 2018 4034 indoles
2065 3994 2135 4033 ac
2186 3973 2344 4032 ratio
2394 3974 2532 4032 fert.

273 4073 382 4123 aut
403 4063 638 4138 dolore,
685 4070 796 4121 aut
816 4060 1062 4137 laetitia,
1105 4070 1212 4121 aut
1245 4080 1367 4141 spe,
1434 4060 1649 4139 finem
1689 4061 1984 4138 exquisite
2014 4059 2174 4119 dixit
2207 4078 2321 4138 pro
2360 4078 2533 4137 equo,

269 4159 376 4210 aut
435 4151 700 4225 timore,
780 4156 891 4206 aut
953 4165 1188 4221 errore,
1262 4155 1371 4206 aut
1457 4154 1525 4206 ut
1557 4145 1776 4205 docent
1799 4147 2017 4223 Lexica
2042 4154 2104 4205 et
2121 4144 2240 4205 viri
2268 4143 2431 4203 docti
2458 4143 2537 4202 ad

268 4236 539 4317 aliqua
636 4232 1021 4317 permotione
1078 4232 1312 4293 mentis.
1331 4236 1369 4266 “
1455 4231 1815 4294 Phaedrum.
1884 4234 1960 4292 es.
2004 4230 2144 4291 h.1.
2214 4229 2407 4288 Cerda
2466 4247 2537 4287 ae

268 4323 382 4384 Csr.
440 4325 630 4385 etiam
690 4318 993 4380 Schaefer.
1050 4319 1128 4377 ad
1186 4315 1371 4398 Soph.
1455 4319 1699 4379 Petron.
1753 4321 1896 4394 89,
1934 4322 2033 4385 12.
2101 4314 2214 4397 (ita
2257 4315 2415 4373 infra
2459 4313 2534 4388 V,

266 4409 480 4473 Trach.
525 4412 687 4475 890.
753 4400 936 4482 Wr.)
1055 4404 1157 4469 49.
1200 4403 1279 4463 B.
1323 4404 1381 4462 e.
1461 4405 1638 4468 818.:
1682 4402 2181 4485 „spumantiaque
2199 4398 2534 4462 additFre-⁴

354 4514 693 4590 Vmon..
753 4506 972 4579 Tou.
1024 4503 1118 4580 ΙΙ.
2014 4501 2118 4571 18
