2882 5028
521 345 671 418 122

1003 339 1084 413 P.
1138 333 1663 413 VIRGILII
1712 333 2270 409 MAROle

514 522 910 602 Romulus
942 520 1275 621 excipiet
1301 533 1631 618 gentem
1649 581 1670 618 ‚
1721 534 1803 596 et
1828 520 2210 598 Mavortia
2240 519 2542 595 condet

401 665 408 672 ·
511 629 867 722 Moenia,
918 627 1497 727 Romanosque
1527 649 1674 701 suo
1712 624 1816 701 de
1845 625 2181 699 nomine
2214 624 2445 701 dicet.

510 731 650 806 His
680 753 830 828 ego
862 753 1014 805 nec
1041 741 1294 804 metas
1321 752 1598 805 rerum
1628 752 1780 804 nec
1807 741 2176 828 tempora
2209 752 2474 829 pono;

510 834 954 934 Imperium
985 833 1157 908 sine
1194 830 1368 908 fine
1393 831 1605 910 dedi.

1599 959 1757 1037 que
1813 950 2040 1013 metu
2102 934 2591 1036 coelumque
2654 932 2795 1009 sa-

512 941 737 1032 Quae
794 960 1018 1013 mare
1073 961 1290 1012 nunc
1344 948 1594 1011 terras

1710 832 1922 926 Quin
1950 857 2223 934 aspera
2249 837 2478 927 Iuno,

1676 1038 1886 1137 figat,
2610 1048 2791 1124 280

511 1142 860 1221 Consilia
891 1145 973 1220 in
1003 1142 1291 1222 melius
1321 1141 1660 1240 referet,
1708 1167 2197 1244 mecumque
2230 1140 2541 1220 fovebit

545 1397 552 1402 ,
646 1351 754 1406 276
788 1352 1016 1433 accipf'et
1039 1351 1226 1403 Hamb.
1252 1369 1333 1420 pr.
1355 1370 1472 1406 cum
1500 1369 1606 1406 nuo
1635 1351 1960 1421 Gnelpherb.
1998 1349 2053 1402 in
2078 1351 2327 1419 Excerpt.
2356 1348 2500 1401 Gort.
2527 1365 2635 1400 nec
2664 1347 2789 1399 hoc

506 1421 660 1472 male.
695 1420 812 1489 (sed
837 1420 1019 1472 melma
1047 1423 1304 1493 exceptet,
1337 1422 1481 1491 quod
1507 1422 1575 1473 de
1617 1422 1755 1474 cerie
1784 1432 1840 1473 et
1875 1419 2061 1472 ordine
2100 1419 2332 1485 dicitur.)

992 1491 1096 1545 278
1130 1503 1323 1543 metam
1360 1492 1535 1560 Bigot.
1569 1492 1736 1543 minua
1774 1490 2001 1560 poetice.

506 1490 643 1542 alter
667 1491 853 1562 flamb.

2468 1419 2576 1476 277
2614 1418 2788 1469 ducit

2150 1491 2258 1546 280
2293 1506 2434 1571 quae
2472 1474 2787 1558 terra-'que

506 1559 716 1631 quidam
759 1559 912 1612 codd.
953 1560 1099 1642 apud
1123 1562 1294 1614 Bur-m.
1325 1571 1380 1614 et
1416 1559 1553 1614 Pier.
1582 1580 1632 1615 v.
1662 1563 1751 1622 111,
1786 1562 1929 1642 361..
1961 1558 2055 1612 sed
2085 1561 2161 1613 uic
2188 1558 2373 1611 melius
2400 1577 2504 1627 que
2529 1557 2805 1681 abesse}

507 1630 625 1698 (nec
653 1647 924 1711 possumus
959 1630 1217 1710 particula
1239 1648 1388 1682 nunc
1418 1648 1598 1682 carere
1637 1632 1708 1682 ob
1738 1639 2039 1712 oppositum
2084 1628 2304 1701 referet.
2349 1627 2491 1698 Wr.)
2658 1629 2740 1683 28

504 1716 811 1768 mecumque
841 1698 1054 1751 maraine
1078 1718 1181 1751 sec.
1210 1702 1405 1750 Mox-et.
1432 1700 1687 1753 sollennia
1715 1709 1959 1754 varietas.
1999 1699 2067 1752 cf.
2092 1702 2263 1752 Burm.

500 1874 693 1954 gentis
746 1874 1074 1934 Hectoreae
1094 1918 1112 1949 ‚
1172 1895 1218 1935 s.
1262 1875 1588 1952 Troianae3

500 1960 784 2020 succedet
804 1960 869 2019 in
895 1979 1078 2039 reguo
1095 1959 1327 2020 Albano
1352 1962 1587 2021 Romu-

501 2046 612 2105 lus.
669 2046 948 2124 (exc-spica
993 2044 1054 2104 h.
1094 2064 1143 2105 e.
1195 2046 1447 2126 accipiet
1484 2065 1589 2107 re-

499 2131 754 2211 gendam
795 2139 1031 2208 gentem
1073 2131 1415 2208 Troianam,
1461 2153 1587 2193 non

502 2217 721 2291 Albae,
763 2218 870 2282 ubi
921 2237 1045 2276 non
1102 2218 1413 2295 regnavit,
1478 2218 1586 2277 aed

499 2305 743 2377 Romae,
792 2317 974 2380 quam
1020 2302 1312 2364 condidit.
1400 2305 1585 2363 Com-

498 2387 676 2449 mode
701 2388 886 2466 igitur
902 2388 1131 2447 adiecta
1147 2390 1333 2448 verba
1362 2403 1418 2450 et
1432 2388 1585 2450 Μα-

495 2477 691 2534 vortia
719 2475 927 2534 condet
954 2477 1209 2536 moenia.
1235 2478 1342 2536 W
1332 2475 1469 2554 ch.)
1498 2476 1581 2535 De

496 2581 631 2621 voc.
699 2565 968 2638 excipere
1025 2561 1099 2620 de
1151 2561 1364 2636 rebus,
1431 2581 1581 2639 quaa

495 2646 928 2720 nanciscimur,
984 2656 1094 2708 aut
1146 2646 1305 2706 nacti
1352 2667 1578 2719 sumus,

492 2753 554 2795 v.
599 2732 676 2791 ad
723 2733 829 2792 Ge.
866 2733 965 2807 1V,
1004 2738 1149 2798 207.
1236 2734 1395 2792 Sunt
1430 2731 1581 2792 haec

493 2819 711 2894 omnia,
754 2819 1176 2880 vaticiniorum
1205 2828 1268 2879 et
1296 2819 1580 2878 oraculo-

491 2925 632 2963 rum
663 2924 846 2979 more,
898 2924 1006 2983 per
1036 2904 1308 2984 ambages
1337 2924 1408 2963 ac
1443 2904 1576 2983 ple-

494 2989 661 3049 niore
686 3010 789 3048 ore
814 2991 1102 3070 exposita,
1132 3010 1312 3068 quam
1341 2990 1403 3049 in
1434 3009 1578 3049 ora-

490 3075 654 3134 tione
701 3074 858 3134 lovis
902 3076 979 3134 ad
1017 3076 1202 3135 filiam
1243 3076 1574 3154 exspectari

488 3168 744 3239 poterat.
790 3162 1036 3219 Moenia
1070 3164 1412 3235 Mavortia,
1440 3162 1573 3220 Ro-

489 3266 586 3306 ma
656 3266 691 3304 a
733 3245 943 3306 Martis
996 3247 1122 3305 filio
1178 3247 1422 3309 condita
1439 3268 1458 3322 3
1498 3255 1574 3309 ut

487 3350 659 3410 saepe
692 3330 767 3390 al.

567 3419 718 3481 278·
750 3420 893 3480 279.
939 3418 1168 3475 Rerum
1192 3428 1401 3489 metas,
1427 3415 1490 3476 h.
1517 3435 1571 3484 e.

485 3502 703 3561 limites
729 3504 990 3579 imperii.
1039 3501 1336 3575 eimflm,
1369 3512 1572 3561 aeter-

483 3609 562 3648 na
600 3588 767 3662 urbs,
816 3596 886 3646 ut
923 3587 989 3645 in
1024 3587 1219 3646 numia
1250 3595 1311 3647 et
1343 3607 1565 3646 monu-

483 3675 718 3737 mentis.
804 3671 857 3731 A
887 3673 1080 3752 poetis
1107 3672 1257 3734 haec
1283 3673 1565 3732 innume—

482 3760 565 3819 ris
591 3762 654 3819 in
691 3759 836 3818 locis
864 3768 1079 3818 ornata
1104 3769 1166 3817 et
1191 3760 1444 3818 variata.

565 3848 710 3911 280.
752 3848 806 3907 1.
834 3848 897 3908 2.
942 3844 1074 3925 Ipsa
1103 3846 1254 3906 Iuno
1281 3847 1563 3923 aliquan-

479 3930 558 3990 do
605 3929 808 3989 studio
860 3931 1273 3991 Romanorum
1319 3931 1557 3991 tenebi-

479 4024 598 4076 tur,
656 4016 799 4076 Fuit
825 4017 983 4075 enim
1014 4037 1150 4077 cum
1172 4019 1315 4078 Iove
1346 4028 1409 4077 et
1434 4018 1557 4076 Mi·-

477 4121 663 4161 nerva
698 4103 1102 4163 Romanarum
1134 4124 1340 4163 rerum
1377 4122 1557 4183 prae-

472 4208 582 4254 ses.
679 4188 852 4266 Quae
880 4210 964 4247 m.
1011 4221 1088 4235 —
1120 4202 1281 4248 metu
1307 4210 1362 4253 c.
1385 4190 1585 4267 fali-,

466 4287 603 4353 gat.
669 4275 720 4334 si
762 4287 942 4350 metu,
980 4274 1041 4334 11.
1090 4294 1140 4335 e.
1184 4294 1327 4355 prae
1372 4283 1558 4351 metu,

470 4360 620 4423 Iuno
658 4360 867 4441 fatigat
908 4359 1108 4421 omnia
1134 4379 1216 4421 sc.
1262 4361 1558 4443 precibus,

1670 1871 1934 1947 hortatu,
1964 1872 2174 1950 minin
2215 1870 2396 1932 habes
2425 1872 2776 1933 auctorita-

1669 1968 1795 2018 tem
1821 1979 1880 2021 v,
1908 1962 1990 2021 23
2033 1960 2117 2022 Id
2141 1971 2402 2020 metuens
2429 1963 2773 2038 veterisque

1670 2066 1898 2104 memor
1937 2045 2226 2104 Saturnia
2263 2043 2405 2102 belli
2454 2052 2566 2104 etc.
2658 2046 2772 2104 Sic

1668 2141 1873 2192 tamen
1903 2138 2086 2190 tenue
2128 2129 2328 2190 nescio
2374 2129 2523 2207 quid
2560 2131 2767 2190 inser-

1671 2226 1776 2276 tur
1809 2216 2086 2278 orationi.
2170 2216 2276 2274 Sin
2326 2217 2482 2274 luno
2497 2216 2767 2295 fatigat

1666 2315 1828 2361 metu
1851 2300 1913 2360 h.
1942 2321 1993 2361 e.
2021 2302 2379 2375 terroribus,
2408 2323 2600 2375 mare,
2633 2315 2763 2361 ten—

1665 2410 1791 2461 tas,
1838 2390 2087 2461 coelum,
2131 2386 2393 2447 verearis
2436 2389 2629 2460 forte,
2678 2409 2763 2448 ne

1666 2482 1906 2552 turgere
1936 2473 2219 2534 videatur
2247 2473 2460 2534 oratio.
2504 2474 2626 2534 Sed
2651 2474 2762 2536 di-

1666 2568 1765 2621 cta
1803 2558 1954 2619 haec
1991 2569 2132 2619 sunt
2178 2560 2255 2619 ad
2300 2561 2608 2636 vulgarem
2650 2563 2759 2622 lo·-

1664 2645 1887 2723 quendi
1904 2645 2178 2706 modum:
2193 2647 2523 2706 ten-oribus
2537 2667 2762 2707 omnes

1664 2731 1887 2809 agitare
1918 2741 1979 2791 et
2007 2750 2248 2792 vexare.
2292 2732 2516 2809 itaque,
2564 2734 2759 2795 Iuno-

1662 2836 1802 2877 nem
1829 2817 2029 2879 omnia
2054 2838 2308 2891 versare,
2355 2821 2630 2895 miscere,
2679 2832 2759 2881 ut

1663 2903 1956 2962 Troianos
1989 2903 2224 2982 perdat.
2312 2903 2425 2965 Inf.
2466 2904 2576 2979 XI,
2615 2905 2755 2973 400

1662 2990 1930 3047 Proinde
1956 2991 2161 3046 omnia
2194 3009 2422 3066 magno
2448 2992 2549 3049 Ne.
2573 3012 2754 3054 cem

1660 3074 1972 3132 turbare
2025 3087 2241 3133 metu.
2313 3084 2373 3134 et
2423 3074 2564 3149 VH,
2612 3081 2744 3145 301

1658 3160 1988 3219 Absumtae
2017 3163 2082 3217 in
2122 3163 2374 3220 Teucro-⁹
2415 3165 2567 3221 vires
2600 3184 2750 3222 coe-

1655 3247 1816 3325 lique
1858 3248 2177 3324 marisque.
2284 3247 2576 3323 It'acigare
2599 3293 2615 3322 ‚
2666 3260 2749 3311 ut

1656 3353 1915 3390 exercere
1936 3376 1953 3405 ,
2002 3330 2076 3391 de
2119 3333 2299 3391 rebus
2318 3376 2335 3406 ,
2381 3332 2597 3409 quibus
2637 3337 2746 3397 vel

1656 3416 1923 3477 abutaris
1938 3416 2035 3476 vel
2064 3417 2427 3495 frequenter,
2456 3420 2745 3497 multum,

1655 3502 1907 3562 nimium
1933 3502 2157 3578 utaris3
2200 3503 2363 3562 unde
2402 3514 2492 3562 est
2517 3506 2745 3566 turba-

1649 3607 1735 3661 re,
1779 3589 2058 3666 affligere,
2089 3608 2330 3653 vexare.
2376 3592 2450 3648 cf.
2478 3590 2557 3648 ad
2581 3591 2741 3669 vul,

1650 3677 1751 3738 98.
1781 3678 1925 3738 281.
1972 3674 2262 3734 lunonem
2304 3676 2500 3734 animo
2529 3688 2741 3739 muta-

1646 3767 1713 3817 to
1762 3759 1829 3818 in
1871 3759 2175 3820 meliorem
2224 3771 2492 3839 partem,
2540 3765 2628 3837 εἰς
2676 3763 2745 3830 τὸ

1647 3843 1905 3925 βέλτιον,
1973 3845 2094 3903 iam
2149 3848 2555 3906 consulentem
2613 3847 2741 3932 (sic

1646 3929 1754 4004 x1,
1784 3931 1910 3995 426
1944 3932 2158 3990 snalla
2186 3934 2332 4003 dien,
2352 3970 2431 3980 -
2480 3937 2738 3998 Rettulit

1638 4018 1704 4074 in
1760 4016 2008 4091 melius,
2055 4017 2226 4092 tulit,
2272 4021 2555 4093 mutavit)
2604 4022 2737 4083 Ro-

1641 4102 1950 4178 manisque
1994 4104 2289 4182 placatam
2342 4124 2419 4162 ex
2477 4106 2735 4171 Horatio

1641 4187 2035 4246 reminisceris
2066 4190 2260 4248 Cat-m.
2279 4189 2379 4263 111,
2396 4194 2433 4253 3
2468 4193 2733 4255 Gramen

1644 4275 1876 4332 elocuta
1904 4275 2358 4334 consiliantibus
2380 4279 2613 4338 lunone
2623 4283 2729 4340 di-

1645 4362 1738 4417 νίε
1772 4367 1882 4419 etc.
1912 4355 2143 4440 (subeat
2154 4358 2346 4419 verbo
2372 4363 2589 4441 rvfim
2612 4388 2727 4428 no-
