2882 5028
444 386 591 460 108
922 382 1002 453 P.
1058 380 1583 456 VIRGILII
1648 379 2194 456 MARONIS

434 570 868 667 Postquam
932 578 1238 642 exemta
1307 564 1562 641 fames
1631 564 1926 664 epuliS,
1995 591 2494 669 mensaeque
2576 590 2737 640 re-

1600 681 1915 746 motae:

435 772 785 849 Amissos
815 770 1061 870 longo
1097 771 1355 847 socios
1386 795 1763 847 sermone
1800 775 2245 874 requirunt,

438 879 848 980 Spemque
891 889 1366 977 metumque
1425 877 1635 952 inter
1682 875 1943 973 dubii,
2009 903 2154 953 seu
2199 878 2464 953 vivere
2526 900 2731 951 cre-

881 1049 884 1052 ,
1612 976 1824 1073 dant,
2090 1019 2091 1022 π

437 1082 617 1159 Sive
650 1094 997 1156 extrema
1025 1082 1223 1181 pati,
1278 1105 1429 1156 nec
1462 1081 1620 1155 iam
1650 1080 2018 1158 exaudire
2046 1095 2392 1162 vocatos.

433 1186 863 1286 Praecipue
898 1185 1082 1286 pius
1101 1189 1450 1283 AeneaS,
1509 1209 1725 1262 nunc
1767 1187 1961 1261 acris
1997 1186 2311 1284 Oronti,
2461 1235 2467 1240 -
2543 1196 2722 1266 220

569 1394 675 1447 216
710 1412 836 1445 exce
873 1405 934 1444 ea
962 1390 1016 1465 s
1059 1393 1259 1446 zulich.
1297 1413 1330 1447 a
1354 1412 1425 1446 m.
1458 1411 1541 1463 pr.
1611 1394 1882 1447 exstincta
1912 1394 2198 1462 Hamburg.
2227 1412 2308 1462 pr.
2377 1392 2565 1475 epulis
2601 1413 2720 1444 ex-

432 1474 578 1513 emto
613 1459 668 1533 s
724 1412 944 1514 oudini
1029 1464 1119 1531 (m.
1174 1463 1401 1516 relictae
1439 1463 1559 1515 Alb.
1700 1492 1769 1502 —
1802 1465 1925 1518 217.
1958 1465 2133 1515 socios
2186 1464 2277 1514 Ion
2324 1482 2354 1513 o
2403 1461 2476 1513 1d.
2552 1465 2649 1514 W
2637 1462 2714 1528 r.)

432 1533 538 1585 218
573 1532 805 1584 credunt
835 1533 1053 1584 Mentel.
1081 1552 1163 1602 pr.
1229 1534 1358 1584 Post
1385 1535 1535 1585 inter
1574 1531 1899 1600 distinguunt
1937 1532 2177 1584 nonnulli
2203 1533 2277 1584 Co
2316 1532 2368 1583 d.
2400 1540 2454 1582 et
2482 1532 2613 1583 edd.
2650 1542 2716 1582 ut

432 1599 530 1651 sit:
568 1599 721 1652 dubii
743 1620 839 1652 seu
866 1620 919 1653 v.
959 1604 1204 1654 credant.
1239 1604 1411 1654 Burm.
1548 1603 1653 1656 219
1690 1621 1789 1653 seu
1821 1615 2067 1654 extrema
2091 1602 2195 1653 duo
2235 1601 2374 1670 apud
2412 1602 2712 1652 Burmann⁴

430 1673 537 1721 Seu
573 1672 682 1721 iam
718 1690 765 1723 e.
803 1673 985 1740 Puget.
1124 1674 1231 1727 220
1267 1672 1493 1723 Orontis
1530 1671 1705 1738 plures
1738 1671 1905 1723 Codd.
1950 1681 2007 1723 et
2048 1671 2167 1723 edd.
2199 1670 2356 1722 etiam
2384 1670 2529 1739 apud
2553 1671 2709 1721 Pier.

430 1739 644 1791 vcilicet
665 1749 747 1790 est
776 1745 1034 1805 Orontes,
1070 1736 1369 1809 Ὀρόντης,
1424 1745 1712 1806 Orontem,
1769 1739 1988 1792 Orontei
2032 1751 2087 1791 et
2126 1742 2332 1791 Oronti.
2382 1759 2432 1792 v.
2465 1758 2593 1809 sup.
2631 1739 2710 1791 ad

435 1827 479 1859 s.
531 1810 618 1863 30.
691 1812 888 1862 Oronti
918 1809 1076 1861 etiam
1116 1811 1301 1877 fragm.
1331 1809 1507 1862 Vatic-
1565 1810 1685 1877 (sed
1725 1812 1922 1863 Oronti
1955 1809 2251 1861 Genitivum
2279 1819 2425 1860 recte
2468 1808 2591 1859 fieri
2637 1827 2709 1860 ex

432 1881 666 1931 Orontes
687 1880 1053 1945 Nominativo‚
1090 1879 1353 1931 declaravi
1374 1879 1443 1931 ad
1471 1879 1509 1930 l.
1534 1878 1571 1930 l.
1607 1880 1852 1932 Ceterum
1883 1896 2084 1932 comma
2110 1889 2236 1948 post
2262 1885 2485 1931 Aeneas
2510 1888 2708 1929 sustu-

431 1947 497 1997 lit
523 1948 697 2007 1alm.;
742 1947 873 1998 mihi
915 1966 1023 2000 non
1054 1949 1191 2000 male
1218 1948 1519 2018 interpungi
1560 1948 1807 2012 videtum¹
1852 1966 2038 2001 sensus
2067 1960 2149 2001 est
2178 1947 2344 2000 enim:
2395 1948 2705 2017 Praecipue

433 2016 538 2068 hoc
569 2016 801 2069 faciebat
824 2022 1060 2084 Aeneas,
1093 2018 1181 2087 qui
1212 2036 1354 2071 nunc
1385 2032 1489 2071 cet.
1532 2018 1676 2088 Wr.)
1786 2081 1789 2082 ⁷

427 2193 549 2267 las,
610 2211 687 2251 ex
723 2212 909 2253 more.
953 2201 1022 2252 ut
1063 2213 1302 2272 quoque
1347 2195 1518 2254 Serv.

430 2280 739 2352 Quaerere
774 2279 946 2354 velle,
989 2280 1155 2339 unde
1181 2289 1277 2339 tot
1296 2278 1517 2339 lebetes

429 2364 788 2439 habuerint,
846 2365 949 2443 qui
990 2375 1163 2425 tanto
1200 2365 1517 2426 hominum

427 2469 683 2509 numero
712 2449 1071 2527 sufficerent,
1111 2452 1391 2531 putidum
1418 2472 1515 2511 es-

429 2546 518 2595 set
547 2536 613 2596 in
655 2547 851 2616 poeta.
892 2571 982 2583 —-
1034 2540 1354 2598 Flammas
1394 2542 1515 2597 mi·-

428 2627 717 2698 nislrant‚
784 2632 1027 2698 ornate,
1088 2634 1161 2683 ut
1204 2624 1403 2684 omnia
1450 2624 1514 2683 in

425 2706 489 2767 h.
518 2709 579 2784 l.‚
597 2729 727 2788 pro,
747 2709 1069 2768 subiiciunt
1098 2714 1266 2769 aeni-s·
1292 2716 1514 2788 ignem.

429 2797 572 2860 215.
617 2796 853 2855 Satiant
895 2815 956 2854 se
999 2805 1058 2854 et
1098 2816 1276 2855 carne
1323 2796 1515 2855 ferina

427 2888 489 2937 et
511 2880 676 2944 vino.
764 2882 888 2940 Iam
914 2890 1129 2941 excute
1158 2891 1511 2941 ornamenta

427 2968 770 3027 verborum.

441 3036 450 3059 Ε
527 3057 672 3117 216.
731 3051 866 3111 Hoc
941 3059 1030 3111 est
1097 3050 1513 3110 Homericum:

426 3131 672 3217 Αὖτοῖρ,
712 3137 841 3199 ἐπεὶ
888 3132 1099 3210 πόσιος
1123 3135 1228 3198 καὶ
1255 3132 1512 3216 ἐδητύος

425 3222 487 3296 ἐξ
524 3223 664 3301 ἔρον
709 3222 857 3285 ἕντο.
916 3224 993 3282 cs.
1032 3223 1136 3281 ins.
1171 3222 1322 3297 vm,
1368 3222 1508 3287 184.

424 3329 662 3367 mensae
683 3320 941 3366 remotae
969 3316 1115 3366 noto
1146 3316 1346 3368 vetere
1371 3328 1510 3367 mo-

423 3412 508 3469 re,
553 3413 674 3471 quo
721 3412 924 3452 mensa
959 3413 1098 3452 cum
1138 3393 1326 3473 epulis
1357 3414 1511 3452 con-

424 3480 600 3540 vivae
640 3479 1054 3559 apponebatur
1091 3488 1152 3538 et
1190 3478 1510 3538 aufereba-

421 3574 546 3625 tur.
646 3564 728 3624 At
762 3564 825 3625 11.
875 3565 916 3625 l.
962 3564 1078 3624 susi
1118 3585 1226 3643 per
1257 3564 1510 3624 herbam

421 3650 747 3730 epulantur
761 3652 792 3712 ‘2
832 3650 1037 3729 Itaque
1059 3650 1384 3731 improprie
1412 3651 1510 3710 di-

421 3746 603 3800 ctum.
718 3740 863 3802 217.
937 3739 1156 3816 Longo
1227 3759 1509 3812 sermone,

421 3843 546 3881 non
571 3832 693 3881 tam
722 3822 914 3900 qualis
951 3831 1086 3902 post
1112 3842 1357 3883 coenam
1381 3842 1508 3881 esse

420 3908 602 3983 solet,
646 3929 828 3986 quam
869 3909 1071 3988 potius
1117 3910 1322 3968 multis
1366 3930 1506 3968 cum

419 3994 691 4073 querelis.
745 3995 996 4053 Amissa
1023 3997 1315 4053 sociorum
1339 4018 1504 4070 par-

419 4093 475 4138 te
515 4081 774 4139 dolentes
817 4082 1145 4158 Multaque
1170 4083 1497 4159 οονιφιεείί,

417 4166 596 4226 Ovid.
626 4165 768 4225 Met.
803 4165 963 4239 xlv,
1000 4167 1144 4230 242.
1187 4199 1272 4210 -
1313 4169 1514 4245 requi-

417 4265 554 4311 runt
596 4256 823 4323 socio&
905 4250 1174 4309 declarat
1237 4272 1369 4311 voc.
1415 4274 1512 4310 re-

416 4340 644 4418 quirere
723 4336 1085 4396 desiderium
1157 4337 1510 4398 amissorum

415 4424 733 4486 sociorum.
791 4418 940 4506 (vid.
982 4423 1186 4484 Burm.
1233 4423 1312 4483 ad
1351 4421 1413 4483 h.
1438 4422 1507 4505 l.)

1601 2195 2017 2254 lamentantur
2086 2212 2187 2252 eos
2255 2192 2368 2252 sibi
2429 2202 2699 2273 ereptoS,

1601 2273 2017 2360 Μνησάμενοι
2066 2276 2145 2360 δή
2182 2274 2422 2355 ”πειτα,
2465 2281 2700 2357 φίλους

1603 2364 1841 2427 ἔκλαιον
1868 2365 2160 2445 ἑταίρους,
2200 2364 2415 2444 Odyss.
2439 2389 2501 2444 μ,
2542 2368 2697 2428 309.

1600 2451 1845 2530 Vulgari
1877 2452 2148 2510 oratione
2178 2450 2434 2510 diceres:
2493 2450 2697 2508 multa
2798 2473 2815 2482 ’

1600 2538 1677 2597 de
1738 2537 1912 2596 sociis
1955 2537 2181 2602 amissis
2228 2537 2386 2595 inter
2434 2556 2496 2594 se
2538 2557 2697 2595 con-

1599 2631 1959 2702 queruntur.
2045 2628 2190 2688 219.
2220 2622 2294 2682 Η.
2326 2642 2376 2683 e.
2414 2621 2542 2682 sive
2567 2621 2696 2681 iam

1599 2727 1723 2767 esse
1748 2719 2036 2768 mortuos.
2083 2712 2357 2767 Erit-ema
2369 2712 2517 2785 pati
2536 2729 2696 2787 pro-

1600 2794 1730 2875 prie
1766 2794 2086 2877 dicuntur,
2144 2794 2247 2872 qui
2278 2793 2507 2871 crudeli
2536 2814 2693 2873 sup-

1596 2880 1774 2959 plicio
1816 2880 2009 2938 affecti
2046 2880 2306 2939 animam
2344 2879 2575 2954 efflant,
2623 2878 2690 2938 h.

1594 2965 1634 3025 l.
1701 2965 2046 3046 simpliciter
2077 3010 2093 3041 ,
2165 2967 2270 3043 qui
2336 2965 2691 3024 moriuntur

1594 3060 1790 3110 morte
1840 3052 2135 3125 violenta,
2193 3051 2476 3111 fluctibus
2534 3050 2689 3108 sub-

1593 3138 1804 3210 mersi,
1865 3159 1971 3195 nee
1999 3140 2128 3195 iam
2167 3137 2453 3195 exaudiat
2496 3158 2686 3194 voca-

1593 3235 1705 3295 tos,
1753 3221 1815 3283 h.
1845 3242 1894 3281 e.
1926 3242 2048 3280 esse
2077 3232 2368 3298 mortuos,
2409 3242 2561 3299 quos
2581 3223 2687 3280 in·-

1593 3309 1795 3368 vocari
1846 3309 1921 3366 ab
1962 3308 2163 3368 amicis
2203 3318 2265 3368 et
2319 3307 2686 3367 conclamari

1595 3402 1773 3453 notus
1834 3416 1963 3454 mos
2020 3404 2188 3471 erat,
2257 3394 2365 3455 inf.
2418 3393 2533 3470 Ill,
2579 3398 2685 3457 67.

1593 3480 1693 3555 vl,
1737 3479 1882 3544 505.
1928 3479 2004 3539 cf.
2042 3480 2257 3560 Odyss.
2305 3504 2346 3554 ι,
2391 3479 2494 3543 65.
2583 3478 2681 3537 Ad

1594 3566 1923 3643 prosaicam
1963 3585 2105 3624 sane
2138 3566 2534 3625 subtilitatem
2569 3565 2683 3623 de-

1593 3651 1815 3710 buisset
1854 3652 2257 3711 antecedere:
2297 3671 2445 3709 num
2473 3660 2691 3709 extre—-

1593 3757 1691 3796 ma
1731 3757 1832 3796 eos
1866 3759 2084 3815 passos
2121 3760 2247 3795 esse
2290 3736 2574 3819 (medam,
2620 3746 2685 3796 et

1590 3823 1712 3881 iam
1747 3823 2191 3883 conclamatos?
2246 3823 2363 3881 Sed
2405 3822 2469 3891 in
2502 3832 2683 3901 poeta

1588 3909 1691 3967 illa
1741 3930 1866 3968 non
1919 3909 2270 3986 requiritur.
2362 3905 2682 3988 (Diversus

1589 4014 1785 4053 mores
1807 3995 2026 4075 passim
2040 3995 2321 4054 confusos
2346 3994 2570 4068 videas,
2588 3995 2679 4052 al-

1588 4089 1805 4155 terum,
1843 4080 2203 4140 solemnibus
2248 4081 2679 4160 sepulcralibus

1596 4167 1868 4245 peractis-1,
1913 4187 1947 4223 a
1966 4187 2000 4225 c
2013 4166 2079 4224 cl
2097 4188 2131 4225 a
2144 4188 2202 4225 m
2219 4188 2251 4224 a
2268 4188 2309 4224 n
2325 4166 2421 4240 di,
2462 4169 2673 4240 IIave,

1599 4255 1774 4325 vale,
1835 4252 1980 4311 Aen.
2034 4252 2146 4325 111,
2191 4257 2293 4316 67.
2368 4252 2467 4327 IV,
2512 4252 2678 4324 506„

1595 4338 1853 4397 alterum
1885 4338 2470 4414 conclamandi,
2500 4338 2675 4416 siqui

1594 4433 1972 4484 morerentur
2025 4424 2126 4486 vel
2177 4424 2403 4484 mortui
2456 4432 2673 4501 essesft3
