2882 5028
447 366 1064 448 AENEIDOS
1122 368 1331 445 ΜΒ.
1384 369 1521 463 111,
1583 371 2008 448 136—151
2220 360 2434 451 465'

135 557 497 630 Hortatur
519 567 749 657 pater
784 557 900 632 ire
940 556 1175 651 mari,
1233 555 1713 657 veniamque
1743 558 2084 657 precari:

140 662 380 752 Quam
416 656 642 734 fessis
671 656 926 736 finem
958 659 1202 736 rebus
1233 656 1479 752 ferat3
1533 659 1756 737 unde
1794 659 2166 737 laborum
2228 669 2373 743 145

142 765 464 838 Tentare
499 761 868 838 auxilium
903 763 1205 853 iubeat3
1262 786 1423 863 quo
1462 777 1774 842 vertere
1810 789 2101 844 cursus,

229 868 393 942 Nox
428 878 629 959 erat,
690 880 770 941 et
794 866 1022 943 terris
1053 864 1412 942 animalia
1447 891 1776 943 somnus
1808 867 2192 948 habebat:

138 965 442 1067 Effigies
472 994 736 1046 sacrae
769 970 1040 1046 divom
1073 970 1551 1070 Phrygiique
1584 975 1945 1066 PenateS‚

140 1075 342 1167 Quos
370 1097 699 1148 mecum
732 1099 774 1149 a
801 1074 1039 1152 Troia
1070 1073 1518 1174 mediisque
1555 1100 1642 1148 ex
1675 1074 1985 1172 ignibus
2016 1076 2236 1152 urbis

136 1176 607 1275 Extuleram,
660 1178 801 1252 visi
838 1191 1020 1254 ante
1049 1176 1327 1252 oculos
1358 1174 1667 1254 adstare
1701 1179 2023 1255 iacentis
2224 1185 2370 1261 150

136 1280 218 1354 In
244 1281 583 1377 somniS‚
636 1280 895 1358 multo
930 1279 1330 1358 manifesti
1360 1279 1703 1378 lumine,
1755 1307 1911 1384 qua
1944 1306 2030 1361 se

231 1426 391 1499 147.
444 1441 826 1497 mann.
1043 1427 1208 1498 151.
1260 1421 1645 1496 Insomus

263 1643 358 1698 145
394 1649 571 1711 Quam
585 1645 766 1713 finem
792 1643 974 1696 Heius.
1007 1659 1037 1694 e
1061 1642 1428 1695 Grammaticis
1461 1652 1516 1694 et
1540 1643 1696 1695 codd.
1722 1653 1846 1713 post
1865 1642 2093 1694 Pieriam
2121 1641 2370 1695 restituit.

137 1709 271 1764 Adde
303 1714 491 1783 fragm.
515 1714 689 1767 Vatic.
756 1713 847 1766 alii
878 1731 1051 1782 quem.
1120 1731 1280 1784 quem
1306 1714 1487 1780 finem
1516 1709 1697 1782 sessis
1735 1722 1844 1763 tren
1879 1714 2052 1765 Burm.
2103 1713 2182 1780 (et
2225 1713 2370 1773 Alb.;

134 1783 437 1900 &metium
453 1783 617 1835 Palat.
661 1784 804 1852 Wr.)
907 1782 1009 1836 146
1032 1785 1290 1852 temptati
1308 1783 1463 1851 (quae
1491 1792 1568 1832 eat
1592 1781 1757 1834 altera
1772 1782 2002 1834 Medicei
2019 1781 2199 1836 lectio.
2223 1785 2308 1835 W
2302 1784 2371 1850 r.)

201 1851 266 1902 ·d.
289 1871 376 1904 un.
405 1862 462 1905 et
494 1854 709 1905 Oudart.
775 1852 999 1920 (scilicet
1034 1852 1286 1904 scribitur
1317 1852 1431 1903 fere
1471 1850 1780 1923 temptare.)
1814 1853 2186 1922 auxilmmque
2222 1850 2373 1904 iubet

136 1918 255 1970 alter
296 1923 486 1974 Hamb.
630 1922 730 1978 147
763 1925 821 1974 in
859 1924 1027 1974 terris
1063 1939 1143 1989 pr.
1195 1920 1382 1973 Hamb.
1431 1939 1463 1972 a
1502 1938 1569 1972 m.
1624 1938 1730 1972 aec.
1803 1933 1859 1973 et
1890 1939 2116 1974 somnus
2148 1933 2189 1973 t.
2236 1941 2286 1973 a.
2315 1922 2369 1975 h.

137 1988 334 2045 Dorvill.
446 1991 548 2045 149
574 1990 645 2043 ab
680 1995 739 2043 T.
769 1991 1009 2043 Parthas.
1036 1990 1091 2041 in
1119 2009 1283 2058 marg.
1316 2000 1371 2041 et
1397 1991 1583 2057 fragm.
1612 1989 1787 2042 Vatic.
1823 1991 1901 2058 (et
1941 1991 2265 2055 dubitabam,
2303 2009 2367 2043 an

136 2058 432 2141 κείρει-επις
470 2061 577 2115 vid.
601 2064 666 2124 Q.
693 2064 761 2112 V.
789 2063 831 2126 1,
867 2064 916 2115 1.
966 2060 1106 2126 Wr.)
1178 2078 1284 2130 que
1318 2060 1471 2111 abeat
1504 2077 1536 2110 a
1580 2060 1774 2111 Moret.
1815 2076 1921 2112 sec.
1987 2062 2155 2112 Porro
2199 2063 2368 2113 Burm.

137 2144 254 2180 cont.
288 2129 421 2182 urbe
446 2131 785 2182 Extuleram.
928 2131 1032 2184 150
1055 2133 1299 2181 iacentes
1317 2131 1535 2212 ‘Menag3
1572 2138 1629 2211 et
1661 2128 1847 2213 §Vi-tt„
1890 2129 1986 2181 sed
2014 2132 2371 2183 oeuliiacen-
2417 2197 2425 2204 Ι

107 2228 114 2237 '
135 2198 2370 2337 3⁸13?2322333‘3'331‘233230330133322P”N2¹2¹⁰.2‚32{”¹J:t{;;.2“{i?52?323;

134 2352 197 2387 oc.
224 2342 445 2390 Aeneae.
589 2340 685 2394 151
742 2340 811 2391 In
864 2340 1070 2390 somnis
1114 2338 1307 2406 passim
1361 2336 1588 2387 editum:
1636 2348 1715 2388 est
1749 2336 1852 2390 hoe
1888 2337 2145 2408 exquisite
2180 2356 2279 2407 pro
2313 2339 2367 2390 in

132 2421 299 2459 somno
319 2446 334 2471 ,
371 2425 468 2477 per
498 2424 752 2459 somnum.
827 2407 951 2476 (Cic.
990 2407 1057 2458 de
1090 2406 1319 2459 Divinat.
1353 2409 1419 2471 11,
1454 2407 1569 2461 70·:
1597 2408 1754 2458 visus
1786 2419 1871 2458 eat
1902 2409 1959 2459 in
1997 2411 2201 2461 somnis
2236 2428 2368 2460 eur-

132 2492 191 2525 ru
225 2478 363 2529 vehi.
407 2478 589 2545 Wclz.)
659 2478 923 2530 Hactenus
957 2478 1109 2529 bene.
1180 2477 1302 2542 Sed,
1338 2476 1384 2529 si
1418 2474 1519 2528 viai
1556 2475 1766 2528 adstare
1799 2478 2022 2529 Penates
2047 2478 2219 2530 multo
2247 2497 2369 2531 ma·-

132 2544 309 2616 susem·
366 2547 573 2598 lumine
623 2558 679 2598 et
713 2548 924 2617 quidem
959 2548 1156 2610 lunae,
1192 2565 1325 2616 quae
1360 2563 1459 2616 per
1495 2547 1754 2598 fenestras
1782 2564 1839 2597 ae
1883 2546 2227 2611 immittebat,
2263 2566 2369 2599 nou

132 2616 370 2667 nomnium
409 2633 524 2667 esee
557 2616 663 2668 boc
695 2616 888 2686 potuit.
958 2619 1026 2667 Et
1071 2617 1162 2668 inf.
1203 2617 1305 2674 175
1339 2616 1458 2669 Nee
1501 2633 1670 2699 sopor
1700 2616 1847 2668 illud
1879 2629 2005 2667 erae
2038 2626 2139 2669 etc.
2211 2618 2369 2681 Quod

133 2681 171 2733 ti
202 2685 304 2737 boe
338 2686 484 2743 forte
532 2684 690 2736 aliter
741 2685 978 2755 expediri
1010 2697 1224 2755 posset:
1282 2696 1458 2738 tamen
1493 2702 1639 2754 priua
1673 2683 1808 2735 illud
1843 2686 2140 2737 necessario
2185 2703 2244 2738 re
2285 2687 2370 2737 ui·-

130 2769 232 2805 rere
268 2754 479 2806 videtur
511 2757 804 2818 lammis,
837 2756 980 2826 quod
1016 2755 1105 2806 alii
1140 2755 1357 2818 babent,
1396 2764 1456 2805 ut
1490 2752 1728 2822 vigilanti
1764 2753 1968 2821 speeies
1998 2754 2215 2807 deorum
2272 2774 2368 2806 ue-

131 2822 190 2873 rit
221 2824 477 2876 exhibita.
546 2824 945 2876 Dubitatiouem
988 2836 1134 2877 recte
1167 2826 1333 2876 movit
1368 2824 1524 2875 etiam
1559 2821 1855 2892 Trappiu⁸3
1915 2823 2091 2875 datam
2137 2824 2370 2876 solutio-

130 2908 232 2945 nem
279 2895 363 2946 vix
396 2894 611 2964 probes.
683 2895 869 2962 (Recte
904 2894 972 2945 ad
1044 2895 1280 2947 ristinum
1312 2894 1497 2946 libror.
1536 2892 1684 2944 editt.
1710 2891 1812 2943 scri
1852 2901 2022 2944 turam
2055 2894 2217 2946 rediit
2239 2894 2368 2945 Iah-

131 2961 260 3026 πίοις
296 2992 365 3004 —-
393 2964 499 3015 vid.
531 2963 687 3015 etiam
716 2964 931 3017 Wakei'.
962 2983 990 3015 a
1032 2966 1265 3016 -Lueret.
1296 2965 1384 3028 lv,
1420 2964 1545 3018 985.
1582 2990 1649 3000 —
1680 2961 1777 3013 sed
1830 2961 2009 3014 allitur
2029 2962 2185 3029 idem,
2226 2965 2369 3033 quod

131 3033 279 3086 mbo
328 3035 436 3087 visi
479 3032 611 3088 tatia
657 3033 1005 3087 demonstrari
1050 3034 1209 3100 dicit,
1255 3034 1326 3086 de
1370 3031 1577 3085 somnio
1614 3048 1907 3085 sermonem
1943 3049 2091 3097 esae;
2128 3033 2213 3086 cui
2248 3051 2365 3086 cum

130 3214 444 3286 utrumque
472 3215 653 3267 recte.
696 3227 755 3267 v.
782 3207 989 3268 Burm.
1076 3205 1197 3267 Sed
1267 3204 1460 3285 semiss
1488 3204 1657 3265 rebus
1678 3251 1696 3281 ,
1746 3204 2212 3280 calamitatibus,
2250 3204 2367 3284 se-

131 3294 474 3371 exquisitius
517 3291 664 3369 hoc,
739 3293 1005 3372 adeoque
1046 3312 1200 3373 poe-
1282 3304 1400 3367 rat,
1456 3293 1700 3352 oraculo
1729 3299 2043 3366 monstret,
2086 3292 2243 3349 unde
2263 3294 2366 3349 iu-

131 3380 267 3438 ticae
336 3378 594 3439 dictioni
665 3377 1199 3439 adcommodatius.
1284 3377 1422 3437 beat
1466 3392 1689 3437 tentare
1720 3379 2021 3436 auxilium
2065 3375 2360 3452 labor-usn,

133 3460 444 3544 (Hymn.in
461 3463 761 3543 Apollnva.
789 3469 966 3529 361.:
994 3470 1204 3541 „mm
1285 3483 1406 3540 qua
1435 3482 1510 3521 ex
1539 3482 1607 3522 re
1632 3471 1831 3542 petere
1856 3459 2189 3522 remedium
2229 3482 2364 3522 ma·-

133 3546 188 3610 ὅὲ
202 3547 477 3632 θυμόν.“
496 3552 604 3611 W
592 3547 676 3631 r.)
703 3550 983 3610 canicula
998 3559 1201 3610 autem
1284 3548 1516 3624 lorum,
1558 3549 1782 3608 scilicet
1809 3547 2195 3626 pestilentiae.

131 3644 184 3693 et
208 3634 265 3703 h,
298 3637 341 3697 l.
377 3656 492 3717 pro
519 3644 691 3695 aestu
714 3636 883 3711 coeli,
926 3637 1030 3714 qui
1062 3656 1200 3695 cum
1374 3631 1497 3699 147
1515 3667 1595 3678 -
1618 3637 1757 3698 171.
1820 3632 1957 3694 Viso
1985 3643 2288 3694 nocturno
2329 3654 2364 3691 a

131 3720 241 3781 eiua
269 3731 418 3783 ortu
455 3721 686 3801 ingruit
718 3720 817 3804 (es.
850 3724 1019 3782 Serv.
1046 3732 1108 3780 et
1138 3742 1197 3781 v.

131 3826 247 3887 sup.
283 3808 367 3867 ad
396 3808 612 3886 Georg.
644 3807 745 3884 IV,
786 3803 960 3892 425),
1007 3817 1069 3867 et
1098 3806 1201 3866 hic

130 3911 230 3971 pro
278 3895 655 3975 pestilentiae
712 3912 917 3952 caussa
933 3915 952 3968 3
1034 3892 1201 3971 quod

130 3979 291 4040 toties
313 3980 485 4060 apud
513 3988 744 4039 veteres
783 3979 1065 4038 occurrit.
1126 3980 1199 4038 cf.

132 4063 388 4144 Apollon.
416 4066 492 4140 Π,
536 4067 683 4131 519.

208 4154 323 4217 148
342 4186 415 4198 -
447 4149 591 4217 147.
633 4150 854 4209 Forma
885 4149 1204 4228 estsimilis

134 4233 285 4296 iliad.
317 4262 373 4313 α,
422 4239 509 4302 62
536 4257 624 4315 sq.
657 4240 899 4297 veniam
932 4240 1197 4313 precari,

1280 3718 1603 3779 Penatibus
1640 3718 1927 3778 edocetur
1954 3718 2199 3799 Aeneas,
2240 3740 2368 3779 non

1284 3805 1553 3878 Cretam,
1627 3803 1734 3862 sed
1785 3803 2019 3863 Italiam
2072 3806 2205 3865 satis
2250 3805 2366 3885 ipsi

1286 3910 1410 3949 ease
1440 3889 1798 3950 destinatam
1825 3894 2042 3949 sedem.
2116 3891 2201 3950 De
2232 3892 2363 3952 viso

1284 3975 1406 4037 hoc
1444 3985 1505 4034 et
1545 3976 1855 4035 Penatium
1892 3975 2086 4035 forma
2139 3998 2199 4039 v.
2237 3977 2366 4035 Ex-

1290 4084 1445 4123 curz.
1475 4063 1561 4121 lx
1594 4062 1673 4121 ad
1698 4063 1844 4121 Aen.
1870 4061 1940 4135 11,
1984 4066 2127 4127 293.
2212 4064 2367 4121 Sunt

1286 4149 1419 4207 divi
1465 4148 1646 4207 iidem
1685 4146 1786 4226 qui
1825 4147 2072 4206 Penates
2083 4188 2131 4224 ,-
2160 4156 2222 4206 et
2252 4148 2364 4206 de—

1288 4234 1573 4293 clarative
1600 4232 1858 4293 dictum:
1897 4235 2156 4292 Penates
2179 4241 2240 4291 et
2267 4232 2359 4310 es-

134 4320 350 4417 placare
377 4322 561 4385 deum
580 4366 597 4396 ,
643 4322 716 4382 es.
744 4320 820 4381 ad
848 4321 893 4396 1,
939 4321 1085 4395 519,
1129 4330 1205 4380 ut
1268 4320 1464 4399 figiea
1478 4340 1688 4379 sacrae
1713 4320 1946 4388 divum,
1993 4319 2115 4377 fere
2141 4326 2213 4376 ut
2232 4338 2362 4397 sup.

134 4405 223 4467 »lle
269 4427 413 4469 vere
468 4407 703 4487 edicat,
782 4428 966 4487 quam
1003 4405 1204 4482 sanem

224 4508 533 4585 Vnum..
588 4507 801 4583 Tou.
836 4508 931 4584 Π.

1288 4426 1375 4468 va.
1411 4410 1507 4475 12.
1566 4406 1676 4484 (-
1700 4405 1840 4471 151.
1868 4401 1992 4463 vid.
2012 4403 2081 4465 v.
2111 4402 2172 4461 L.
2194 4405 2363 4481 ιγ’.)

1847 4503 1951 4573 3⁰
