2882 5028
1096 231 1111 286 i

603 397 1216 478 AENEIDOS
1270 399 1487 476 LIB.
1541 400 1684 492 vl,
1741 403 2184 483 442—447
2378 411 2531 485 915

255 583 481 661 Silva
505 586 741 684 tegit?
787 609 1024 664 curae
1055 610 1224 661 non
1254 588 1420 688 ipsa
1456 585 1540 660 in
1581 579 1849 663 morte
1883 577 2374 691 relinquunt.

252 689 396 764 His
426 688 883 767 Phaedram
915 691 1440 793 Procrimque
1474 687 1706 786 lociS,
1760 704 2312 796 maestamque
2352 697 2529 771 Eri-

1428 791 1760 894 phyla),
2371 804 2528 880 445

255 893 627 972 Crudelis
657 897 821 972 nati
846 909 1433 973 monstrantem
1459 896 1787 974 volnera
1824 899 2096 991 cernit,

249 998 812 1101 Euadnenque
835 1061 856 1098 ,
914 1014 995 1077 et
1024 1000 1509 1101 Pasiphaen3
1552 1000 1676 1078 his
1711 1000 2140 1080 Laodamia

363 1141 537 1217 445.
588 1141 1028 1229 Pnooamo.

394 1293 499 1382 Q
526 1329 682 1401 ipsae
704 1327 841 1382 alter
877 1330 1163 1399 Hamburg.
1232 1331 1293 1381 in
1333 1329 1488 1380 deest
1530 1327 1669 1381 binis
1705 1332 1983 1382 Burmann.
2121 1329 2226 1386 445
2263 1334 2524 1395 Procnin,

251 1397 505 1449 Procrim
516 1435 534 1462 ,
581 1401 866 1452 Proclama
917 1398 1267 1468 corruptelae.

1337 1400 1750 1468 &Procrimque
1802 1399 1930 1451 libri
1978 1400 2321 1467 vetustiores,
2340 1407 2374 1432 “

2450 1403 2524 1455 ait

249 1466 536 1530 Heinsius3
571 1469 714 1537 qnod
736 1470 1011 1533 revocavi3
1046 1469 1151 1521 vid.
1193 1471 1258 1533 Q.
1290 1469 1358 1522 V.
1395 1470 1482 1531 111,
1519 1469 1603 1529 34
1654 1478 1706 1520 et
1741 1467 1818 1521 ita
1854 1470 1910 1522 in
1953 1470 2196 1522 Mediceo
2245 1482 2300 1523 et
2339 1471 2523 1525 Servio

251 1535 447 1588 Dresd.
477 1548 776 1601 exaratum3
809 1539 862 1590 in
889 1539 984 1592 iuo
1014 1539 1221 1609 quidem
1250 1537 1606 1607 superscripta
1643 1537 1802 1590 etiam
1837 1539 1904 1604 h,
1949 1549 2006 1590 ut
2040 1538 2134 1591 fiat
2168 1541 2450 1592 Prochrim
2490 1579 2523 1607 .,

250 1615 317 1658 et
343 1605 514 1658 aliena
540 1625 719 1659 manus
740 1647 755 1673 ,
791 1619 847 1660 nt
879 1610 1043 1661 refert
1074 1607 1390 1676 Pogginius‚
1436 1607 1541 1659 hoc
1580 1623 1771 1659 nomen
1813 1608 1869 1659 in
1913 1610 2175 1661 Procnem
2212 1619 2395 1663 mutat.
2453 1559 2523 1662 {n

250 1673 445 1727 eodem
486 1677 842 1748 Eryphyle·;

892 1679 989 1731 sed
1024 1696 1122 1746 per
1174 1679 1369 1729 hancce
1404 1675 1653 1729 lineolam
1691 1688 2035 1730 transversam
2074 1678 2229 1731 etiam
2274 1698 2312 1730 n
2353 1679 2522 1748 sigui-

248 1744 405 1797 ficari
428 1743 649 1797 vidimus
677 1748 742 1810 Q.
772 1750 842 1800 V.
872 1750 960 1813 111,
988 1752 1037 1803 1.
1104 1748 1278 1813 Hinc,
1324 1756 1483 1814 put0,
1534 1746 1761 1811 factum,
1812 1757 1870 1798 ut
1907 1747 2152 1799 Heinsius
2193 1748 2345 1801 etiam
2387 1752 2521 1802 Eri-

244 1813 475 1885 phylem
497 1815 553 1865 in
580 1816 950 1869 vetustioribus
980 1813 1088 1885 legi
1125 1816 1399 1869 scriberet.
1437 1816 1586 1883 Wr.)

250 1883 344 1935 dic
371 1883 530 1936 Goth.
560 1894 684 1937 tert.

1726 1816 1835 1871 446
1868 1815 2084 1887 sunem
2119 1818 2362 1870 Parthas.
2432 1820 2521 1871 oi-

822 1887 928 1942 447
963 1886 1303 1949 Euchadem,
1339 1884 1725 1949 Euchaudem,
1760 1886 2162 1958 Heuhadnenq.
2200 1887 2328 1956 (vid.
2357 1888 2424 1940 V.
2457 1889 2520 1941 L.

250 1952 329 2006 ad
365 1954 483 2018 Vn,
502 1954 625 2009 589.
664 1956 810 2026 Wt.)
878 1956 1170 2029 Pasiphem
1190 1954 1471 2021 abertate,
1506 1954 1660 2006 item:
1695 1955 2018 2008 Laodamia.

247 2130 461 2189 eonius
489 2130 554 2190 in
578 2129 791 2210 Cupid.
820 2130 1047 2208 crucif„
1090 2130 1197 2190 sed
1230 2130 1343 2188 de-

249 2215 516 2291 sideres,
569 2226 641 2275 ut
687 2216 856 2290 alibi,
910 2216 976 2275 in
1018 2235 1086 2276 eo
1134 2215 1346 2276 iudicii

246 2300 671 2362 subtilitatem.
719 2299 890 2362 Cons.
920 2320 1159 2382 quoque
1186 2303 1344 2363 Pro-

248 2399 412 2472 pert.
444 2388 544 2463 IV,
572 2392 611 2451 7
613 2431 641 2465 7
662 2388 743 2452 59
770 2408 859 2465 sq.
946 2389 1168 2448 Verum
1194 2388 1343 2449 vir-

246 2473 429 2555 gilius
463 2482 609 2534 ante
633 2474 839 2534 oculos
876 2471 1090 2536 habuit
1128 2484 1191 2535 et
1228 2494 1341 2535 ex·-

247 2560 477 2641 pressit
524 2560 727 2620 locum
784 2559 903 2620 Od.
962 2568 1016 2637 λ,
1067 2561 1196 2626 224
1235 2582 1343 2641 sq„

248 2649 385 2713 320
411 2666 496 2724 sq.
527 2646 593 2705 in
621 2665 742 2723 quo
770 2647 1107 2726 promiscue
1136 2644 1343 2707 heroi-

247 2750 375 2792 nae
414 2751 490 2791 ex
541 2732 750 2791 inferis
809 2734 1117 2812 prodeunt
1168 2728 1345 2796 ’ὅσσαι

249 2811 564 2897 ἀριστήων
611 2813 818 2897 ἄλοχοι
859 2817 1036 2893 ἔσαν,
1078 2813 1193 2899 η’δὲ
1222 2811 1343 2879 θύ-

246 2925 483 2988 γατρες.
572 2903 773 2963 Clarae
808 2903 1087 2963 mulieres
1122 2904 1188 2964 in
1221 2904 1345 2962 Ne-

248 2988 392 3068 cyia
429 3009 535 3049 sua
577 2991 756 3049 etiam
792 2988 1160 3069 Polygnotus
1202 2989 1346 3070 pin-

244 3083 437 3135 xerat
472 3075 637 3153 apud
673 3076 927 3135 Pausan.
963 3077 1044 3151 X,
1085 3079 1189 3150 28,
1236 3079 1344 3150 29,

245 3164 321 3223 in
352 3158 445 3219 his
466 3159 800 3220 Phaedram
819 3206 841 3236 ,
874 3161 1125 3221 Procrin
1142 3202 1163 3236 ,
1202 3161 1349 3221 Eri--

245 3244 500 3328 phylen.
586 3246 1062 3325 Reprehendunt
1096 3247 1345 3307 tandem

245 3342 496 3413 poetam
523 3332 587 3391 in
616 3331 765 3409 hoc,
816 3332 981 3411 quod
1012 3334 1075 3392 in
1109 3333 1345 3412 Campis

246 3419 624 3496 Lugentibus
659 3419 815 3478 inter
850 3419 1099 3478 feminas
1142 3438 1344 3478 amore

246 3503 479 3565 misero
527 3513 870 3564 consumtus
912 3503 1197 3564 sichaeus
1237 3524 1345 3563 oo-

249 3590 454 3649 currit
483 3611 545 3651 v.
575 3590 720 3657 473.
793 3590 1016 3651 Verum
1047 3590 1172 3670 ipse
1192 3610 1343 3671 poe—

246 3686 320 3738 ta
364 3674 563 3736 locum
606 3698 733 3736 non
771 3675 910 3736 solie
955 3676 1195 3736 seminia
1244 3696 1345 3735 as—

246 3761 627 3840 signaverat,
647 3783 790 3822 nam
820 3782 1032 3823 versus
1052 3763 1138 3821 sic
1160 3781 1345 3822 exor-

248 3848 463 3908 ditur:
535 3852 667 3907 Hie
720 3867 872 3927 quos
923 3850 1112 3909 dutus
1173 3870 1349 3908 amor

247 3934 487 3994 erudeli·
522 3947 705 3993 morte
744 3935 978 4013 peredit
1016 3953 1104 4013 eq.
1186 3935 1343 3994 Tum

241 4019 304 4083 si
332 4019 430 4078 vel
454 4021 709 4079 maxime
734 4019 852 4080 hoc
876 4021 962 4080 ita
992 4040 1053 4079 se
1080 4019 1343 4095 haberet,

246 4105 445 4166 nolim
470 4115 707 4187 poetam
734 4106 799 4165 in
825 4108 1098 4166 ordinem
1121 4124 1348 4185 cogere,

245 4203 564 4271 tamquam
594 4192 644 4250 si
672 4191 957 4253 historias
993 4213 1197 4253 rerum
1239 4212 1342 4271 ge-

246 4288 488 4340 starum
547 4278 853 4339 conderet.
965 4281 1125 4339 Lau
1194 4298 1344 4339 vero

237 4377 523 4445 patentes
569 4385 810 4446 campos
846 4365 1019 4440 facit,
1066 4385 1190 4424 non
1208 4408 1227 4439 ‚
1275 4372 1347 4425 ut

246 4452 451 4532 Intpp.
471 4450 709 4527 volunt,
737 4452 1143 4513 multitudinis
1166 4469 1344 4511 ceus-

1425 2147 1523 2204 sa,
1574 2147 1752 2208 quam
1814 2129 2128 2209 excepturi
2173 2139 2351 2206 sunt,
2413 2131 2521 2190 sed

1425 2225 1501 2274 ut
1527 2214 1914 2274 solitudinem
1937 2216 2001 2274 in
2022 2216 2111 2289 iis,
2131 2234 2312 2293 quam
2331 2235 2519 2295 quae-

1428 2308 1611 2376 runt,
1639 2299 1905 2360 habeant
1933 2309 2217 2360 amantes.

1514 2387 1642 2452 445
1665 2386 1922 2451 —449.
1979 2387 2139 2447 Alias
2197 2405 2364 2446 nuuc
2404 2385 2519 2446 he-

1424 2473 1629 2533 roinas
1657 2470 1963 2552 subiungit
1995 2481 2171 2552 poeta
2215 2481 2278 2533 et
2310 2472 2515 2534 diver-

1427 2579 1523 2619 sas
1561 2578 1596 2615 a
1638 2558 1853 2617 misere
1891 2558 2248 2619 amantibus.
2301 2559 2517 2639 Odysa.

1426 2649 1483 2721 λ,
1528 2644 1655 2710 320
1701 2645 1982 2727 Φαίδρην
2021 2667 2085 2708 τε
2129 2639 2410 2727 Πρόκριν
2455 2668 2519 2708 τε

1429 2729 1613 2805 ἴδον,
1691 2737 1755 2787 et
1811 2749 1870 2789 v.
1919 2730 2046 2795 325
2089 2723 2389 2811 στυγερήν
2450 2724 2518 2809 τ’

1424 2809 1443 2836 ’
1533 2805 1783 2893 ιφόλην,
1813 2809 1906 2876 “H
1921 2808 2151 2895 χρυσὸν
2184 2816 2374 2893 φίλου
2405 2807 2516 2878 οἷν-

1428 2902 1503 2983 δρ
1615 2898 1854 2975 ἐδέξατο
1919 2893 2251 2981 τιμήεντας
2308 2900 2384 2959 de
2419 2899 2517 2961 his

1428 2984 1705 3046 omnibus
1731 2984 2080 3066 Apollodor.
2123 2983 2341 3066 Hygin.
2372 2986 2517 3046 Dio-

1428 3071 1564 3132 dor.
1617 3071 1732 3130 sic.
1823 3069 2031 3131 Ovidii
2115 3069 2515 3152 Metamorph.

1426 3165 1669 3237 praeter
1692 3157 1969 3217 Servium
1994 3155 2074 3216 ad
2116 3154 2179 3217 la.
2211 3158 2250 3221 l.
2291 3178 2516 3218 consu-

1424 3242 1638 3303 lendos
1666 3256 1790 3301 esse
1815 3251 1892 3302 ut
1929 3261 2238 3320 moneam,
2283 3263 2517 3304 necesse

1427 3349 1554 3389 non
1601 3337 1709 3388 est.
1810 3328 2058 3388 Praeter
2113 3328 2250 3389 illos
2313 3339 2515 3391 tamen

1427 3433 1793 3495 apponemus
1835 3414 1969 3473 loca
2005 3413 2215 3474 saltem
2258 3415 2514 3476 classica.

1426 3501 1513 3560 De
1539 3500 1825 3560 Procride
1867 3520 1923 3561 v.
1971 3499 2113 3560 Met.
2158 3500 2267 3562 vn
2317 3502 2428 3561 sub
2470 3503 2515 3562 f.

1426 3588 1516 3649 De
1568 3585 1856 3666 Eriphyle
1911 3605 1972 3646 v.
2029 3586 2247 3666 Odyse.
2296 3609 2350 3665 o,
2386 3587 2513 3653 244

1427 3693 1548 3752 aeq.
1592 3675 1745 3732 Stat.
1777 3670 1830 3730 Π
1858 3671 2044 3732 Theb.
2075 3676 2204 3737 299
2241 3692 2368 3751 sqq.
2414 3673 2515 3749 lv,

1433 3764 1558 3826 187
1601 3778 1729 3838 sqq.
1779 3756 1978 3817 ‘occisa
2037 3758 2113 3817 ‘ab
2157 3759 2515 3818 Alcmaeone

1427 3845 1586 3920 filio,
1637 3843 1778 3922 quia
1808 3853 2042 3923 patrem
2080 3842 2512 3924 Amphiaraum

1428 3940 1678 4010 accepto
1741 3930 1950 3989 monili
1992 3931 2385 4010 prodiderat:
2452 3951 2513 3990 v.

1428 4016 1707 4098 Apollod.
1739 4016 1838 4090 111,
1871 4020 1932 4091 6,
1965 4020 2024 4079 2.
2053 4020 2113 4092 7,
2153 4021 2195 4079 2
2232 4025 2296 4075 et
2333 4016 2392 4082 5.
2437 4016 2511 4076 cs.

1428 4103 1570 4166 Not.
1598 4124 1657 4185 p.
1682 4105 1839 4177 607;
1882 4111 1944 4161 et
1972 4101 2047 4159 de
2072 4100 2349 4176 Euadne,
2393 4100 2513 4159 Ca-

1425 4191 1604 4271 panei
1661 4205 1856 4249 uxore
1883 4231 1907 4262 ,
1991 4186 2195 4266 Eurip.
2248 4186 2512 4267 Supplic.

1429 4280 1557 4342 990
1594 4294 1756 4354 seqq.
1839 4271 2187 4347 Laodamia,
2245 4271 2512 4332 Protesi·-

1427 4362 1511 4423 lai
1551 4381 1756 4436 uxor,
1821 4357 1922 4418 vel
1978 4376 2054 4417 ex
2095 4357 2343 4417 Luciani
2390 4358 2512 4419 m).

1424 4447 1609 4510 Mort.
1639 4456 1702 4507 et
1731 4464 1810 4504 ex
1846 4442 2026 4505 Ovid.
2052 4443 2161 4525 Ep.
2191 4444 2337 4505 xm
2365 4454 2511 4506 nota

1915 4543 2018 4617 58
2050 4552 2094 4601 *
