2882 5028
536 360 1139 444 AENEmos
1196 362 1407 437 Lm.
1467 361 1602 458 111,
1657 368 1996 441 57-67

2239 369 2384 445 451

162 548 354 644 Ergo
384 546 903 625 instauramus
927 545 1334 644 Polydoro
1369 544 1653 625 sunus:
1711 561 1791 624 et
1826 550 2105 649 ingens

160 648 564 747 Adgeritur
590 653 907 730 tumulo
943 650 1219 744 tellus3
1273 664 1481 727 stant
1502 652 1870 729 Manibus
1900 679 2102 752 arae,

165 754 545 831 Caeruleis
568 769 920 834 maestae
952 758 1159 832 vittis
1191 769 1517 856 atraque
1559 781 1960 856 cupress0‚

158 858 248 932 Et
282 859 570 935 circum
601 861 889 939 Iliades
922 861 1229 936 crinem
1264 859 1367 935 de
1399 883 1633 935 more
1666 860 2014 955 solutae;

2292 867 2394 943 65

161 959 570 1039 Inferimus
599 965 877 1067 tepido
910 965 1355 1065 spumantia
1388 963 1694 1059 cymbia
1723 962 1950 1062 lacte,

162 1065 555 1194 Saqguinis
595 1081 671 1144 et
701 1070 898 1145 sacri
929 1081 1279 1169 pateras,
1336 1067 1843 1168 animamque
1875 1065 2249 1168 sepulcro

248 1196 361 1267 62.
408 1210 686 1287 rmum,

895 1194 1014 1270 65.
1071 1209 1444 1266 somna.

157 1356 370 1428 biguam3
419 1361 556 1414 nihil
582 1372 761 1413 autem
788 1361 1074 1414 studiosius
1117 1361 1362 1414 meliores
1424 1371 1620 1433 poetae
1663 1359 1864 1444 antiqui
1919 1363 2189 1445 fugerunt,
2239 1379 2393 1432 quam

155 1426 244 1480 hoc
266 1430 433 1501 ipsum
459 1431 663 1483 vitium.
737 1434 917 1501 ltaque
942 1433 1053 1484 noli
1084 1431 1362 1497 dubitare,
1401 1431 1523 1501 quin
1554 1432 1735 1502 linqui
1757 1440 1826 1482 sit
1854 1449 2146 1502 passivum,
2197 1431 2392 1484 sedita

156 1515 178 1547 a
233 1510 349 1552 oeta
371 1501 634 1571 positum,
669 1511 729 1552 ut
756 1520 820 1552 ex
855 1501 938 1552 his
980 1504 1199 1554 animus
1242 1514 1328 1553 ese
1362 1501 1641 1571 repetierit
1681 1502 1893 1553 verbum
1936 1501 2118 1554 similis
2159 1500 2393 1554 notionis

155 1568 203 1618 iu
298 1581 352 1635 e,
386 1588 491 1641 quo
520 1571 618 1635 fit,
653 1577 712 1621 ut
740 1570 904 1622 multo
934 1572 1127 1623 fortior
1157 1571 1377 1622 exsistat
1410 1572 1600 1625 oratic.
1669 1572 1785 1622 Nec
1831 1571 2010 1623 obstat
2051 1572 2172 1625 huic
2216 1571 2394 1642 expli·-

156 1637 329 1690 catioui
348 1639 640 1692 infinitivus
672 1641 837 1703 dare;
872 1640 949 1692 sic
981 1642 1117 1692 enim
1141 1640 1383 1692 infinitivi
1412 1640 1574 1692 activi
1599 1650 1654 1691 et
1679 1639 1874 1709 passivi
1905 1639 2065 1692 iuncti
2107 1652 2227 1709 post
2268 1659 2393 1692 ver-

154 1704 259 1758 bum
285 1707 471 1762 iubere
494 1710 779 1778 aliquoties
810 1709 1171 1772 inveniuntur-3
1223 1710 1324 1762 vid.
1367 1728 1504 1778 quae
1534 1727 1632 1777 ego
1662 1719 1715 1760 et
1745 1709 1923 1761 lleins.
1952 1711 2020 1762 ad
2055 1712 2163 1763 Ecl.
2193 1714 2284 1775 vl,
2308 1710 2392 1765 85.

155 1778 455 1844 notavimus,
489 1790 553 1831 et
581 1782 753 1831 Burm.
781 1779 845 1831 ad
869 1785 997 1831 Aen.
1030 1781 1097 1845 V,
1127 1781 1247 1834 773.
1289 1782 1373 1832 W
1367 1779 1435 1846 r.)
1484 1780 1703 1851 polluto
1730 1788 1852 1830 tert.
1878 1780 2130 1833 Rotteud.
2159 1798 2189 1831 a
2215 1799 2284 1832 m.
2310 1797 2392 1849 pr.

156 1861 379 1900 austrum
402 1868 484 1918 pr.
516 1850 563 1900 fl
570 1850 704 1901 amb.

843 1852 914 1905 62
950 1849 1221 1918 Polydori
1247 1866 1351 1900 sec.
1372 1848 1625 1900 Rottend.
1689 1849 1872 1900 Moret.
1903 1866 2008 1902 sec.

2081 1852 2393 1918 (instaura-

154 1933 257 1967 mus
279 1930 332 1968 ee
357 1919 657 1990 adgeritur
682 1936 786 1970 nou
810 1929 869 1970 ut
899 1918 1108 1970 diversa
1137 1919 1190 1970 h.
1224 1918 1260 1970 l.
1291 1917 1608 1986 iunguntur;
1643 1917 1739 1969 sed
1763 1935 1896 1987 quae
1925 1931 2241 1989 sequuntur,
2277 1919 2394 1971 sin-

156 1983 284 2052 gulae
304 1998 423 2039 suut
447 1998 667 2057 partes,
703 2007 829 2057 quas
858 1987 989 2039 illud
1015 1984 1202 2060 sunus
1226 1988 1608 2039 1'n.··tauramus
1647 1996 1908 2056 tamquam
1949 1997 2115 2041 totum
2154 1989 2394 2061 comple-

156 2054 313 2133 ctitur3
347 2057 649 2126 significavi
678 2057 778 2110 boc
803 2067 1001 2109 mutata
1030 2055 1474 2127 interpunctione.
1545 2058 1659 2108 Nec
1681 2057 1838 2124 plane
1865 2056 2000 2109 infre
2043 2077 2168 2113 uena
2210 2071 2290 2112 est
2330 2077 2392 2111 ea

156 2138 199 2172 ιιι
226 2142 277 2177 re
303 2127 525 2196 copulae
557 2140 612 2178 et
644 2145 795 2191 usus3
833 2128 928 2181 cfr.
963 2126 1120 2179 etiam
1148 2129 1215 2190 Q.
1241 2121 1310 2178 V.
1339 2127 1601 2191 xxxm,
1633 2127 1684 2180 6.
1726 2137 1858 2178 extr.
1904 2076 2045 2195 Wril

153 2194 278 2246 mulo
304 2197 437 2248 alter
464 2194 759 2265 Hamburg.
794 2208 849 2248 et
873 2216 951 2266 pr.
987 2215 1085 2267 pro
1116 2214 1224 2248 var.
1252 2195 1378 2247 lect.
1428 2196 1598 2247 tellus
1623 2197 1833 2248 tumulo
1865 2199 2042 2264 Sprut.

2187 2130 2255 2183 63
2291 2149 2393 2181 cu-

2184 2196 2254 2253 64
2290 2218 2393 2250 ne·—

153 2281 243 2314 xoe
270 2267 419 2320 Voss.
492 2284 765 2336 cupressu.
791 2277 901 2318 tres
932 2270 1104 2318 Burm.
1134 2283 1250 2317 cum
1286 2264 1577 2329 Pierianis,
1629 2274 1686 2315 ut
1725 2264 1853 2316 alibi
1887 2267 2109 2320 variant.
2152 2269 2219 2321 cf.
2254 2269 2392 2321 Pier.

155 2331 218 2397 (et
264 2333 395 2388 iufra
453 2337 557 2397 vl,
597 2338 756 2401 2164
819 2355 1086 2406 cupyrsso
1118 2334 1341 2399 Medic„
1390 2335 1486 2386 sed
1541 2354 1572 2385 e
1612 2333 1774 2386 minio
1814 2338 2187 2407 superscripta.
2247 2338 2390 2407 Wr.)

153 2401 209 2455 65
252 2411 324 2456 At
363 2423 444 2473 pr.
499 2405 696 2458 Hamb.
765 2405 981 2458 Iliadas
1022 2407 1178 2458 Voss.
1248 2405 1420 2457 crinis
1468 2403 1592 2456 libri
1635 2424 1736 2473 ap„
1768 2405 1903 2456 Pier-

2056 2407 2127 2462 66
2177 2408 2392 2478 trepido

154 2470 315 2527 Hamb.
344 2493 449 2528 sec.
475 2486 534 2527 et
564 2476 683 2528 Exc.
727 2477 896 2528 Burni.
944 2494 974 2528 a
1013 2492 1081 2527 m.
1122 2492 1205 2545 pr.
1262 2472 1553 2545 fumantia
1598 2475 1815 2528 Oudart.
1884 2473 2114 2545 Kymbia
2145 2478 2390 2531 Parrbas-

152 2541 209 2597 67
239 2561 422 2597 sacrus
436 2566 501 2619 p.
536 2545 663 2598 Exc.
688 2549 963 2598 Burmann.
1011 2564 1042 2598 a
1069 2563 1137 2597 m.
1164 2562 1270 2597 sec.
1341 2547 1629 2615 animaque
1654 2546 1836 2598 Franc-

154 2681 289 2743 tiore
342 2689 583 2747 ratione
639 2689 791 2746 ηανί
837 2699 1048 2747 ventus
1061 2731 1080 2764 ,
1155 2695 1221 2747 ut

154 2770 270 2828 vela
322 2773 517 2832 ventis
589 2773 943 2852 pandantur
1010 2782 1073 2831 et
1137 2773 1223 2832 sic

154 2874 335 2931 porro.
419 2858 733 2939 (Ceterum
760 2859 883 2919 vid.
926 2858 997 2920 V.
1032 2859 1097 2917 L.
1140 2858 1220 2918 ad

157 2936 206 2999 h.
235 2961 314 3002 vs.
362 2943 534 3025 Wr.)

228 3031 303 3091 62
327 3047 452 3107 sqq.
485 3031 683 3090 Locus
710 3029 785 3088 cle
809 3029 1041 3107 inser-iis
1063 3029 1217 3087 clas-

156 3107 308 3172 sicus.
372 3116 527 3175 Nota
560 3116 767 3176 rerum
796 3136 866 3175 ac
893 3115 1216 3175 verborum

155 3199 578 3278 proprietatem.
663 3204 1081 3261 Instant-amus
1096 3200 1222 3279 su-

157 3300 256 3339 '112⁸
282 3328 298 3359 ‚
368 3288 645 3367 religioso
699 3287 991 3346 vocabulo
1020 3330 1037 3362 ,
1106 3306 1220 3366 pro

157 3365 396 3432 socimus.
484 3371 599 3452 (De
642 3374 930 3432 orationis
973 3393 1222 3453 compo-

158 3450 348 3515 sitione
377 3457 501 3519 vid.
531 3460 602 3519 V.
634 3459 698 3518 L.
746 3461 847 3520 W
841 3458 926 3540 r.)
974 3459 1223 3533 tumulo,

157 3545 220 3596 ut
261 3544 525 3603 tumulus
569 3562 715 3605 vere
768 3545 966 3605 dictus
1004 3553 1066 3604 et
1105 3543 1222 3603 rite

159 3637 384 3699 paratus
409 3629 612 3708 isque,
638 3650 670 3689 e
694 3650 861 3690 more
886 3631 1221 3710 priscorum

160 3703 445 3774 hominum
473 3760 491 3790 ‚
582 3716 900 3777 altissimus
930 3761 948 3792 ,
1029 3716 1220 3793 fieret,

159 3810 270 3854 non
298 3806 517 3860 temere
560 3812 861 3883 aggestus,
904 3811 976 3863 ut
1015 3823 1076 3862 v.
1115 3805 1219 3866 22.

161 3890 305 3940 ‘tam
333 3907 513 3963 arae,
568 3887 834 3964 doctius,
880 3909 1089 3967 quam,
1115 3908 1220 3947 ara

161 3968 447 4031 statuitur.
524 3971 672 4054 (Nisi
703 3975 854 4033 duas
883 3984 1221 4034 exstructas

163 4066 272 4109 θεοῦ
298 4076 513 4134 pones,
560 4060 681 4119 vid.
713 4062 881 4136 305„
920 4083 1064 4119 ame
1111 4081 1220 4139 pro

163 4150 279 4195 nra
297 4182 313 4214 ,
337 4150 404 4200 ut
427 4142 498 4217 ll,
519 4148 683 4221 202,
707 4145 971 4226 accipies.
1000 4144 1220 4228 *use-h.)

164 4228 452 4285 caeruleae
492 4229 680 4292 vittae
710 4241 852 4291 sunt
893 4232 1120 4313 nigrae:
1165 4252 1223 4291 v.

165 4304 318 4369 Serv.
343 4311 548 4372 Burm.
592 4331 848 4376 moestae
874 4321 1031 4377 villis
1056 4338 1224 4378 moe-

167 4390 375 4455 stitiam
430 4398 797 4462 declarantes
823 4448 841 4480 ,
912 4406 1225 4484 exquisite,

1306 2704 1446 2745 cum
1500 2698 1747 2744 omatae
1765 2729 1784 2760 ,
1860 2686 2095 2745 velatae
2115 2730 2132 2758 ‚
2193 2687 2392 2748 dicere

1307 2772 1571 2831 deberet.
1668 2774 2024 2849 cupressinis
2076 2773 2392 2834 frondibus

1303 2866 1634 2920 coronatur
1673 2854 1733 2915 h.
1763 2857 1801 2916 1.
1849 2875 1972 2917 ara.
2062 2858 2392 2936 Cupmssus

1302 2957 1439 3003 atra
1468 2962 1591 3001 nou
1619 2942 1827 3001 nativo
1856 2943 2089 3020 colore;
2121 2944 2226 3002 sed
2253 2944 2394 3022 quia

1300 3029 1568 3089 funebris
1595 3028 1795 3103 arbor,
1841 3028 1959 3088 Diti
1985 3049 2172 3090 sacra.
2258 3030 2392 3088 Ma·-

1301 3123 1518 3174 tronae
1557 3114 1850 3173 Troianae
1881 3114 2088 3174 solutis
2127 3115 2392 3176 crinibus

1300 3200 1757 3261 circumstantes
1785 3202 2082 3261 tumulum
2101 3202 2392 3282 plangunt

1306 3295 1367 3344 et
1399 3287 1823 3346 lamentantur.
1842 3287 1917 3346 cf.
1936 3287 2040 3361 XI,
2057 3290 2159 3353 85.
2210 3289 2390 3370 (Ver-

1306 3373 1380 3431 ba
1417 3385 1582 3431 stant
1616 3372 1947 3431 Manibus-
1965 3376 2196 3433 solutae
2248 3383 2393 3434 sunt

1304 3457 1687 3539 παρένθετα;
1741 3457 1863 3517 vid.
1906 3458 1974 3517 V.
2015 3460 2081 3519 L.
2135 3454 2215 3517 atl
2255 3460 2388 3536 ΧΠ,
2489 3494 2494 3497 -

1306 3547 1453 3609 612.
1505 3543 1682 3623 Wr.)
1771 3544 2116 3621 infir-imus,
2183 3544 2389 3623 ἐπιφέ-

1305 3651 1492 3710 ρομεν
1530 3623 1694 3707 χούς.
1751 3628 2112 3689 effundimus
2151 3631 2216 3690 in
2256 3652 2390 3691 aras
2430 3661 2438 3668 ·

1304 3724 1365 3773 et
1409 3715 1473 3774 iu
1527 3714 1850 3773 tumulum.
1935 3715 2172 3794 cymbia
2212 3716 2390 3776 laetale

1304 3801 1461 3862 conf.
1500 3800 1623 3858 Ecl.
1653 3800 1727 3873 V,
1751 3804 1853 3864 67.
1913 3805 2258 3878 magaba-s,
2285 3803 2390 3864 ari·

1304 3888 1482 3946 etima
1536 3903 1735 3961 caesa,
1802 3887 1875 3945 cs.
1917 3886 2023 3947 inf.
2066 3888 2132 3963 V,
2186 3892 2270 3952 77
2301 3908 2387 3966 sq.

1301 3975 1690 4051 animamque
1733 3973 2004 4049 sepulcro
2038 3974 2387 4035 condimus:

1304 4058 1511 4117 Manes
1541 4058 1870 4136 placamus,
1919 4067 1989 4117 ut
2026 4059 2213 4137 quieti
2249 4079 2389 4120 suae

1306 4144 1681 4221 reddantur3
1745 4155 1801 4201 ec
1851 4164 2198 4221 supremum
2249 4162 2390 4204 voce

1306 4234 1532 4289 olemus
1569 4228 1629 4288 h.
1662 4249 1712 4289 e.
1747 4250 2051 4289 vocamus.
2138 4232 2256 4290 Ter
2284 4249 2388 4287 ao-

1308 4319 1664 4376 clamatum:
1717 4315 1875 4373 Vale.
1929 4315 2116 4375 Have.
2171 4317 2242 4374 cs.
2281 4314 2385 4373 inf.

1308 4403 1407 4480 Vl,
1450 4400 1593 4466 374.
1635 4404 1781 4478 379,
1820 4411 1892 4459 ut
1930 4400 2094 4482 apud
2143 4399 2386 4461 Homer.
2421 4474 2426 4479 Ι

1799 4503 1901 4573 29
1933 4506 1974 4556 *
