<?xml version="1.0" encoding="UTF-8"?>
<!DOCTYPE html PUBLIC "-//W3C//DTD XHTML 1.0 Transitional//EN"
    "http://www.w3.org/TR/xhtml1/DTD/xhtml1-transitional.dtd">
<html xmlns="http://www.w3.org/1999/xhtml" xml:lang="en" lang="en">
 <head>
  <title>
</title>
<meta http-equiv="Content-Type" content="text/html;charset=utf-8" />
  <meta name='ocr-system' content='tesseract 3.04.00' />
  <meta name='ocr-capabilities' content='ocr_page ocr_carea ocr_par ocr_line ocrx_word'/>
</head>
<body>
  <div class='ocr_page' id='page_1' title='image "./pvblivsvirgiliv00sillgoog_0192.png"; bbox 0 0 2882 5028; ppageno 0'>
   <div class='ocr_carea' id='block_1_1' title="bbox 529 368 2120 463">
    <p class='ocr_par' dir='ltr' id='par_1_1' title="bbox 529 368 2120 463">
     <span class='ocr_line' id='line_1_1' title="bbox 529 368 2120 463; baseline -0.001 -16"><span class='ocrx_word' id='word_1_1' title='bbox 529 370 1251 447; x_wconf 74' lang='lat' dir='ltr'><strong>AENEmos</strong></span> <span class='ocrx_word' id='word_1_2' title='bbox 1307 368 1517 447; x_wconf 77' lang='lat' dir='ltr'><strong>Lm.</strong></span> <span class='ocrx_word' id='word_1_3' title='bbox 1570 371 1631 463; x_wconf 91' lang='lat'><strong>1,</strong></span> <span class='ocrx_word' id='word_1_4' title='bbox 1682 375 2120 448; x_wconf 81' lang='lat'>590—594</span> 
     </span>
    </p>
   </div>
   <div class='ocr_carea' id='block_1_2' title="bbox 2370 376 2506 445">
    <p class='ocr_par' dir='ltr' id='par_1_2' title="bbox 2370 376 2506 445">
     <span class='ocr_line' id='line_1_2' title="bbox 2370 376 2506 445; baseline 0 -1"><span class='ocrx_word' id='word_1_5' title='bbox 2370 376 2506 445; x_wconf 87' lang='grc'><strong>181</strong></span> 
     </span>
    </p>
   </div>
   <div class='ocr_carea' id='block_1_3' title="bbox 173 552 2399 867">
    <p class='ocr_par' dir='ltr' id='par_1_3' title="bbox 173 552 2399 867">
     <span class='ocr_line' id='line_1_3' title="bbox 173 552 2337 655; baseline -0.001 -21"><span class='ocrx_word' id='word_1_6' title='bbox 173 558 436 654; x_wconf 72' lang='lat' dir='ltr'><strong>Quale</strong></span> <span class='ocrx_word' id='word_1_7' title='bbox 469 583 796 635; x_wconf 83' lang='lat' dir='ltr'><strong>manus</strong></span> <span class='ocrx_word' id='word_1_8' title='bbox 829 557 1174 635; x_wconf 84' lang='lat' dir='ltr'><strong>addunt</strong></span> <span class='ocrx_word' id='word_1_9' title='bbox 1208 556 1435 634; x_wconf 81' lang='lat' dir='ltr'><strong>ebori</strong></span> <span class='ocrx_word' id='word_1_10' title='bbox 1479 556 1744 655; x_wconf 68' lang='lat' dir='ltr'><strong>dcem,</strong></span> <span class='ocrx_word' id='word_1_11' title='bbox 1800 567 1933 630; x_wconf 82' lang='lat' dir='ltr'><strong>aut</strong></span> <span class='ocrx_word' id='word_1_12' title='bbox 1958 554 2099 630; x_wconf 92' lang='lat' dir='ltr'><strong>ubi</strong></span> <span class='ocrx_word' id='word_1_13' title='bbox 2127 552 2337 632; x_wconf 84' lang='lat' dir='ltr'><strong>ssavo</strong></span> 
     </span>
     <span class='ocr_line' id='line_1_4' title="bbox 190 659 2144 761; baseline -0.001 -23"><span class='ocrx_word' id='word_1_14' title='bbox 190 667 642 761; x_wconf 79' lang='lat' dir='ltr'>Argentum</span> <span class='ocrx_word' id='word_1_15' title='bbox 669 666 1097 740; x_wconf 82' lang='lat' dir='ltr'><strong>Pariusve</strong></span> <span class='ocrx_word' id='word_1_16' title='bbox 1135 661 1332 761; x_wconf 82' lang='lat' dir='ltr'><strong>lapis</strong></span> <span class='ocrx_word' id='word_1_17' title='bbox 1364 659 1901 738; x_wconf 83' lang='lat' dir='ltr'><strong>circumdatur</strong></span> <span class='ocrx_word' id='word_1_18' title='bbox 1929 660 2144 737; x_wconf 80' lang='lat' dir='ltr'><strong>auro,</strong></span> 
     </span>
     <span class='ocr_line' id='line_1_5' title="bbox 196 763 2399 867; baseline -0.004 -24"><span class='ocrx_word' id='word_1_19' title='bbox 196 770 424 844; x_wconf 87' lang='lat' dir='ltr'><strong>Tum</strong></span> <span class='ocrx_word' id='word_1_20' title='bbox 449 768 560 843; x_wconf 87' lang='lat' dir='ltr'><strong>sic</strong></span> <span class='ocrx_word' id='word_1_21' title='bbox 584 768 991 867; x_wconf 80' lang='lat' dir='ltr'>reginam</span> <span class='ocrx_word' id='word_1_22' title='bbox 1028 764 1513 866; x_wconf 80' lang='lat' dir='ltr'><strong>adloquitur,</strong></span> <span class='ocrx_word' id='word_1_23' title='bbox 1567 763 2028 864; x_wconf 80' lang='lat' dir='ltr'><strong>cunctisque</strong></span> <span class='ocrx_word' id='word_1_24' title='bbox 2061 772 2399 864; x_wconf 80' lang='lat' dir='ltr'><strong>repente</strong></span> 
     </span>
    </p>
   </div>
   <div class='ocr_carea' id='block_1_4' title="bbox 206 983 2501 1129">
    <p class='ocr_par' dir='ltr' id='par_1_4' title="bbox 206 983 2501 1129">
     <span class='ocr_line' id='line_1_6' title="bbox 353 983 2501 1064; baseline -0.005 -19"><span class='ocrx_word' id='word_1_25' title='bbox 353 990 458 1045; x_wconf 68' lang='lat' dir='ltr'><strong>⁵oe</strong></span> <span class='ocrx_word' id='word_1_26' title='bbox 485 998 756 1064; x_wconf 68' lang='lat' dir='ltr'><strong>Argenta</strong></span> <span class='ocrx_word' id='word_1_27' title='bbox 787 1009 879 1060; x_wconf 83' lang='lat' dir='ltr'><strong>pr.</strong></span> <span class='ocrx_word' id='word_1_28' title='bbox 913 992 1109 1043; x_wconf 72' lang='lat' dir='ltr'><strong>Mon-et.</strong></span> <span class='ocrx_word' id='word_1_29' title='bbox 1180 993 1490 1061; x_wconf 61' lang='lat' dir='ltr'><strong>Pariaque</strong></span> <span class='ocrx_word' id='word_1_30' title='bbox 1519 988 1687 1043; x_wconf 70' lang='lat' dir='ltr'><strong>wan.</strong></span> <span class='ocrx_word' id='word_1_31' title='bbox 1755 988 2127 1042; x_wconf 70' lang='lat' dir='ltr'><strong>circumdatus</strong></span> <span class='ocrx_word' id='word_1_32' title='bbox 2165 984 2322 1038; x_wconf 63' lang='lat' dir='ltr'><strong>codd.</strong></span> <span class='ocrx_word' id='word_1_33' title='bbox 2358 983 2501 1052; x_wconf 84' lang='lat' dir='ltr'><strong>apud</strong></span> 
     </span>
     <span class='ocr_line' id='line_1_7' title="bbox 206 1057 2040 1129; baseline 0 -19"><span class='ocrx_word' id='word_1_34' title='bbox 206 1059 704 1114; x_wconf 52' lang='lat' dir='ltr'><strong>Serum-adimen-</strong></span> <span class='ocrx_word' id='word_1_35' title='bbox 733 1062 833 1126; x_wconf 87' lang='lat'><strong>111,</strong></span> <span class='ocrx_word' id='word_1_36' title='bbox 872 1062 998 1116; x_wconf 79' lang='lat'><strong>126.</strong></span> <span class='ocrx_word' id='word_1_37' title='bbox 1137 1059 1246 1117; x_wconf 67' lang='lat'><strong>⁵94</strong></span> <span class='ocrx_word' id='word_1_38' title='bbox 1286 1064 1441 1113; x_wconf 74' lang='lat' dir='ltr'><strong>Tune</strong></span> <span class='ocrx_word' id='word_1_39' title='bbox 1466 1059 1631 1113; x_wconf 80' lang='lat' dir='ltr'><strong>Goth.</strong></span> <span class='ocrx_word' id='word_1_40' title='bbox 1656 1077 1740 1129; x_wconf 82' lang='lat' dir='ltr'><strong>pr.</strong></span> <span class='ocrx_word' id='word_1_41' title='bbox 1766 1057 2040 1111; x_wconf 81' lang='lat' dir='ltr'><strong>eumaliis.</strong></span> 
     </span>
    </p>
   </div>
   <div class='ocr_carea' id='block_1_5' title="bbox 198 1236 1331 2776">
    <p class='ocr_par' dir='ltr' id='par_1_5' title="bbox 198 1236 1331 2776">
     <span class='ocr_line' id='line_1_8' title="bbox 200 1236 1330 1316; baseline 0.006 -24"><span class='ocrx_word' id='word_1_42' title='bbox 200 1236 415 1311; x_wconf 77' lang='lat' dir='ltr'><strong>laem,</strong></span> <span class='ocrx_word' id='word_1_43' title='bbox 475 1236 754 1316; x_wconf 73' lang='lat' dir='ltr'><strong>fulgida,</strong></span> <span class='ocrx_word' id='word_1_44' title='bbox 800 1236 912 1300; x_wconf 87' lang='lat' dir='ltr'><strong>lib.</strong></span> <span class='ocrx_word' id='word_1_45' title='bbox 971 1236 1139 1313; x_wconf 84' lang='lat' dir='ltr'><strong>VIII,</strong></span> <span class='ocrx_word' id='word_1_46' title='bbox 1185 1239 1330 1301; x_wconf 87' lang='grc'><strong>681.</strong></span> 
     </span>
     <span class='ocr_line' id='line_1_9' title="bbox 201 1317 1331 1401; baseline -0.001 -20"><span class='ocrx_word' id='word_1_47' title='bbox 201 1317 547 1401; x_wconf 71' lang='lat' dir='ltr'><strong>(Handjus,</strong></span> <span class='ocrx_word' id='word_1_48' title='bbox 573 1323 705 1382; x_wconf 81' lang='lat' dir='ltr'><strong>iam</strong></span> <span class='ocrx_word' id='word_1_49' title='bbox 734 1342 771 1380; x_wconf 80' lang='lat' dir='ltr'><strong>a</strong></span> <span class='ocrx_word' id='word_1_50' title='bbox 797 1321 1013 1381; x_wconf 82' lang='lat' dir='ltr'><strong>Iahnio</strong></span> <span class='ocrx_word' id='word_1_51' title='bbox 1037 1321 1223 1396; x_wconf 62' lang='lat' dir='ltr'><strong>laud„</strong></span> <span class='ocrx_word' id='word_1_52' title='bbox 1253 1321 1331 1381; x_wconf 87' lang='lat' dir='ltr'><strong>ad</strong></span> 
     </span>
     <span class='ocr_line' id='line_1_10' title="bbox 198 1407 1330 1484; baseline 0.003 -20"><span class='ocrx_word' id='word_1_53' title='bbox 198 1409 372 1470; x_wconf 76' lang='lat' dir='ltr'><strong>stat.</strong></span> <span class='ocrx_word' id='word_1_54' title='bbox 415 1410 480 1470; x_wconf 88' lang='lat' dir='ltr'><strong>S.</strong></span> <span class='ocrx_word' id='word_1_55' title='bbox 521 1409 586 1481; x_wconf 90' lang='lat'><strong>1,</strong></span> <span class='ocrx_word' id='word_1_56' title='bbox 638 1412 722 1484; x_wconf 78' lang='lat'><strong>2,</strong></span> <span class='ocrx_word' id='word_1_57' title='bbox 772 1413 920 1472; x_wconf 85' lang='lat'><strong>113.</strong></span> <span class='ocrx_word' id='word_1_58' title='bbox 963 1409 1048 1468; x_wconf 86' lang='lat' dir='ltr'><strong>ita</strong></span> <span class='ocrx_word' id='word_1_59' title='bbox 1093 1407 1330 1467; x_wconf 86' lang='lat' dir='ltr'><strong>scribit:</strong></span> 
     </span>
     <span class='ocr_line' id='line_1_11' title="bbox 201 1491 1330 1573; baseline 0.002 -22"><span class='ocrx_word' id='word_1_60' title='bbox 201 1491 332 1566; x_wconf 83' lang='lat' dir='ltr'><strong>„Iu</strong></span> <span class='ocrx_word' id='word_1_61' title='bbox 367 1494 656 1553; x_wconf 82' lang='lat' dir='ltr'><strong>omm&#39;bus</strong></span> <span class='ocrx_word' id='word_1_62' title='bbox 689 1494 770 1553; x_wconf 86' lang='lat' dir='ltr'><strong>iis</strong></span> <span class='ocrx_word' id='word_1_63' title='bbox 808 1493 974 1569; x_wconf 85' lang='lat' dir='ltr'><strong>locis,</strong></span> <span class='ocrx_word' id='word_1_64' title='bbox 1019 1495 1082 1554; x_wconf 91' lang='lat' dir='ltr'><strong>in</strong></span> <span class='ocrx_word' id='word_1_65' title='bbox 1115 1493 1330 1573; x_wconf 88' lang='lat' dir='ltr'><strong>quibus</strong></span> 
     </span>
     <span class='ocr_line' id='line_1_12' title="bbox 207 1578 1331 1660; baseline 0.004 -26"><span class='ocrx_word' id='word_1_66' title='bbox 207 1579 412 1636; x_wconf 71' lang='lat' dir='ltr'><strong>homa</strong></span> <span class='ocrx_word' id='word_1_67' title='bbox 441 1588 550 1638; x_wconf 86' lang='lat' dir='ltr'><strong>aut</strong></span> <span class='ocrx_word' id='word_1_68' title='bbox 574 1579 655 1638; x_wconf 85' lang='lat' dir='ltr'><strong>de</strong></span> <span class='ocrx_word' id='word_1_69' title='bbox 694 1578 1177 1660; x_wconf 72' lang='lat' dir='ltr'><strong>pulchritudine,</strong></span> <span class='ocrx_word' id='word_1_70' title='bbox 1223 1590 1331 1639; x_wconf 84' lang='lat' dir='ltr'><strong>aut</strong></span> 
     </span>
     <span class='ocr_line' id='line_1_13' title="bbox 215 1662 1328 1745; baseline 0.004 -24"><span class='ocrx_word' id='word_1_71' title='bbox 215 1662 307 1721; x_wconf 76' lang='lat' dir='ltr'><strong>de</strong></span> <span class='ocrx_word' id='word_1_72' title='bbox 345 1665 602 1743; x_wconf 79' lang='lat' dir='ltr'><strong>gratiosa</strong></span> <span class='ocrx_word' id='word_1_73' title='bbox 636 1664 940 1743; x_wconf 80' lang='lat' dir='ltr'><strong>dignitate</strong></span> <span class='ocrx_word' id='word_1_74' title='bbox 978 1675 1328 1745; x_wconf 83' lang='lat' dir='ltr'><strong>usurpatur,</strong></span> 
     </span>
     <span class='ocr_line' id='line_1_14' title="bbox 218 1750 1326 1830; baseline 0.005 -24"><span class='ocrx_word' id='word_1_75' title='bbox 218 1750 461 1808; x_wconf 75' lang='lat' dir='ltr'><strong>Statius</strong></span> <span class='ocrx_word' id='word_1_76' title='bbox 490 1770 712 1809; x_wconf 87' lang='lat' dir='ltr'><strong>nomen</strong></span> <span class='ocrx_word' id='word_1_77' title='bbox 753 1751 1043 1830; x_wconf 76' lang='lat' dir='ltr'><strong>singulari</strong></span> <span class='ocrx_word' id='word_1_78' title='bbox 1075 1771 1326 1811; x_wconf 86' lang='lat' dir='ltr'><strong>numero</strong></span> 
     </span>
     <span class='ocr_line' id='line_1_15' title="bbox 211 1835 1329 1914; baseline 0.003 -21"><span class='ocrx_word' id='word_1_79' title='bbox 211 1835 450 1914; x_wconf 81' lang='lat' dir='ltr'><strong>posuit.</strong></span> <span class='ocrx_word' id='word_1_80' title='bbox 507 1837 697 1911; x_wconf 88' lang='lat' dir='ltr'><strong>Quod</strong></span> <span class='ocrx_word' id='word_1_81' title='bbox 726 1846 857 1895; x_wconf 86' lang='lat' dir='ltr'><strong>tam</strong></span> <span class='ocrx_word' id='word_1_82' title='bbox 887 1846 1111 1896; x_wconf 84' lang='lat' dir='ltr'><strong>certam</strong></span> <span class='ocrx_word' id='word_1_83' title='bbox 1143 1836 1329 1896; x_wconf 89' lang='lat' dir='ltr'><strong>habet</strong></span> 
     </span>
     <span class='ocr_line' id='line_1_16' title="bbox 210 1922 1327 2003; baseline 0.004 -24"><span class='ocrx_word' id='word_1_84' title='bbox 210 1940 484 1995; x_wconf 68' lang='lat' dir='ltr'><strong>musam,</strong></span> <span class='ocrx_word' id='word_1_85' title='bbox 501 1931 574 1982; x_wconf 86' lang='lat' dir='ltr'><strong>ut</strong></span> <span class='ocrx_word' id='word_1_86' title='bbox 604 1922 792 1981; x_wconf 79' lang='lat' dir='ltr'><strong>etiam</strong></span> <span class='ocrx_word' id='word_1_87' title='bbox 813 1922 894 1981; x_wconf 85' lang='lat' dir='ltr'><strong>ad</strong></span> <span class='ocrx_word' id='word_1_88' title='bbox 909 1923 1054 1981; x_wconf 79' lang='lat' dir='ltr'><strong>alios</strong></span> <span class='ocrx_word' id='word_1_89' title='bbox 1067 1924 1327 2003; x_wconf 79' lang='lat' dir='ltr'><strong>scripto-</strong></span> 
     </span>
     <span class='ocr_line' id='line_1_17' title="bbox 207 2007 1327 2086; baseline 0.004 -21"><span class='ocrx_word' id='word_1_90' title='bbox 207 2007 642 2086; x_wconf 63' lang='lat' dir='ltr'><strong>rupea-tinere</strong></span> <span class='ocrx_word' id='word_1_91' title='bbox 652 2008 937 2069; x_wconf 81' lang='lat' dir='ltr'><strong>arbitrer.</strong></span> <span class='ocrx_word' id='word_1_92' title='bbox 956 2042 1028 2053; x_wconf 89' lang='lat'><strong>——</strong></span> <span class='ocrx_word' id='word_1_93' title='bbox 1053 2009 1327 2069; x_wconf 75' lang='lat' dir='ltr'><strong>Unuslo-</strong></span> 
     </span>
     <span class='ocr_line' id='line_1_18' title="bbox 209 2093 1324 2172; baseline 0.004 -22"><span class='ocrx_word' id='word_1_94' title='bbox 209 2093 571 2172; x_wconf 57' lang='lat' dir='ltr'><strong>mvn-gilii</strong></span> <span class='ocrx_word' id='word_1_95' title='bbox 585 2097 745 2157; x_wconf 76' lang='lat' dir='ltr'><strong>Aen.</strong></span> <span class='ocrx_word' id='word_1_96' title='bbox 766 2094 811 2167; x_wconf 89' lang='lat'><strong>1,</strong></span> <span class='ocrx_word' id='word_1_97' title='bbox 850 2096 999 2159; x_wconf 85' lang='lat'><strong>591.</strong></span> <span class='ocrx_word' id='word_1_98' title='bbox 1025 2093 1324 2154; x_wconf 84' lang='lat' dir='ltr'><strong>dubitati-</strong></span> 
     </span>
     <span class='ocr_line' id='line_1_19' title="bbox 212 2179 1325 2259; baseline 0.004 -23"><span class='ocrx_word' id='word_1_99' title='bbox 212 2197 395 2237; x_wconf 78' lang='lat' dir='ltr'><strong>onem</strong></span> <span class='ocrx_word' id='word_1_100' title='bbox 418 2198 676 2239; x_wconf 76' lang='lat' dir='ltr'><strong>movere</strong></span> <span class='ocrx_word' id='word_1_101' title='bbox 692 2188 921 2259; x_wconf 71' lang='lat' dir='ltr'><strong>posset,</strong></span> <span class='ocrx_word' id='word_1_102' title='bbox 942 2180 1054 2238; x_wconf 84' lang='lat' dir='ltr'><strong>nisi</strong></span> <span class='ocrx_word' id='word_1_103' title='bbox 1072 2179 1154 2239; x_wconf 86' lang='lat' dir='ltr'><strong>ibi</strong></span> <span class='ocrx_word' id='word_1_104' title='bbox 1177 2182 1325 2241; x_wconf 86' lang='lat' dir='ltr'><strong>aliae</strong></span> 
     </span>
     <span class='ocr_line' id='line_1_20' title="bbox 214 2263 1322 2345; baseline 0.004 -23"><span class='ocrx_word' id='word_1_105' title='bbox 214 2263 484 2323; x_wconf 76' lang='lat' dir='ltr'><strong>rationes</strong></span> <span class='ocrx_word' id='word_1_106' title='bbox 513 2274 767 2345; x_wconf 81' lang='lat' dir='ltr'><strong>poetam</strong></span> <span class='ocrx_word' id='word_1_107' title='bbox 801 2285 836 2322; x_wconf 89' lang='lat' dir='ltr'><strong>a</strong></span> <span class='ocrx_word' id='word_1_108' title='bbox 872 2267 1176 2325; x_wconf 86' lang='lat' dir='ltr'><strong>communi</strong></span> <span class='ocrx_word' id='word_1_109' title='bbox 1207 2287 1322 2327; x_wconf 86' lang='lat' dir='ltr'><strong>usu</strong></span> 
     </span>
     <span class='ocr_line' id='line_1_21' title="bbox 214 2347 1323 2433; baseline 0.004 -26"><span class='ocrx_word' id='word_1_110' title='bbox 214 2347 544 2409; x_wconf 79' lang='lat' dir='ltr'><strong>deduxisse</strong></span> <span class='ocrx_word' id='word_1_111' title='bbox 580 2349 1011 2415; x_wconf 76' lang='lat' dir='ltr'><strong>viderentur.“</strong></span> <span class='ocrx_word' id='word_1_112' title='bbox 1099 2352 1323 2433; x_wconf 88' lang='lat' dir='ltr'><strong>Nempe</strong></span> 
     </span>
     <span class='ocr_line' id='line_1_22' title="bbox 209 2434 1320 2519; baseline 0.005 -26"><span class='ocrx_word' id='word_1_113' title='bbox 209 2434 366 2494; x_wconf 76' lang='lat' dir='ltr'><strong>solet</strong></span> <span class='ocrx_word' id='word_1_114' title='bbox 393 2435 478 2494; x_wconf 81' lang='lat' dir='ltr'><strong>ita</strong></span> <span class='ocrx_word' id='word_1_115' title='bbox 515 2435 728 2495; x_wconf 77' lang='lat' dir='ltr'><strong>varios</strong></span> <span class='ocrx_word' id='word_1_116' title='bbox 765 2456 1076 2513; x_wconf 84' lang='lat' dir='ltr'><strong>numeros,</strong></span> <span class='ocrx_word' id='word_1_117' title='bbox 1121 2438 1320 2519; x_wconf 84' lang='lat' dir='ltr'><strong>singu-</strong></span> 
     </span>
     <span class='ocr_line' id='line_1_23' title="bbox 205 2521 1318 2604; baseline 0.004 -24"><span class='ocrx_word' id='word_1_118' title='bbox 205 2521 400 2582; x_wconf 67' lang='lat' dir='ltr'><strong>larem</strong></span> <span class='ocrx_word' id='word_1_119' title='bbox 468 2532 533 2581; x_wconf 88' lang='lat' dir='ltr'><strong>et</strong></span> <span class='ocrx_word' id='word_1_120' title='bbox 601 2522 901 2602; x_wconf 77' lang='lat' dir='ltr'><strong>pluralem</strong></span> <span class='ocrx_word' id='word_1_121' title='bbox 963 2543 1318 2604; x_wconf 86' lang='lat' dir='ltr'><strong>componere</strong></span> 
     </span>
     <span class='ocr_line' id='line_1_24' title="bbox 203 2607 1321 2689; baseline 0.006 -22"><span class='ocrx_word' id='word_1_122' title='bbox 203 2607 520 2687; x_wconf 73' lang='lat' dir='ltr'><strong>Virgilius,</strong></span> <span class='ocrx_word' id='word_1_123' title='bbox 566 2609 702 2670; x_wconf 76' lang='lat' dir='ltr'><strong>vid.</strong></span> <span class='ocrx_word' id='word_1_124' title='bbox 731 2609 884 2672; x_wconf 83' lang='lat' dir='ltr'><strong>V.L.</strong></span> <span class='ocrx_word' id='word_1_125' title='bbox 917 2609 995 2667; x_wconf 91' lang='lat' dir='ltr'><strong>ad</strong></span> <span class='ocrx_word' id='word_1_126' title='bbox 1026 2630 1116 2673; x_wconf 78' lang='lat' dir='ltr'><strong>vs.</strong></span> <span class='ocrx_word' id='word_1_127' title='bbox 1141 2611 1321 2689; x_wconf 82' lang='lat'><strong>427.;</strong></span> 
     </span>
     <span class='ocr_line' id='line_1_25' title="bbox 201 2692 1317 2776; baseline 0.004 -24"><span class='ocrx_word' id='word_1_128' title='bbox 201 2703 344 2753; x_wconf 83' lang='lat' dir='ltr'><strong>tum</strong></span> <span class='ocrx_word' id='word_1_129' title='bbox 370 2692 621 2753; x_wconf 79' lang='lat' dir='ltr'><strong>accedit</strong></span> <span class='ocrx_word' id='word_1_130' title='bbox 657 2697 835 2754; x_wconf 71' lang='lat' dir='ltr'><strong>metii</strong></span> <span class='ocrx_word' id='word_1_131' title='bbox 872 2697 1048 2770; x_wconf 84' lang='lat' dir='ltr'><strong>ratio,</strong></span> <span class='ocrx_word' id='word_1_132' title='bbox 1097 2695 1171 2754; x_wconf 89' lang='lat' dir='ltr'><strong>de</strong></span> <span class='ocrx_word' id='word_1_133' title='bbox 1199 2717 1317 2776; x_wconf 86' lang='lat' dir='ltr'><strong>qua</strong></span> 
     </span>
    </p>
   </div>
   <div class='ocr_carea' id='block_1_6' title="bbox 191 2778 1317 4491">
    <p class='ocr_par' dir='ltr' id='par_1_6' title="bbox 191 2778 1317 4491">
     <span class='ocr_line' id='line_1_26' title="bbox 205 2778 1314 2856; baseline 0.004 -19"><span class='ocrx_word' id='word_1_134' title='bbox 205 2778 344 2840; x_wconf 72' lang='lat' dir='ltr'><strong>vid.</strong></span> <span class='ocrx_word' id='word_1_135' title='bbox 391 2780 472 2852; x_wconf 86' lang='lat' dir='ltr'><strong>Q.</strong></span> <span class='ocrx_word' id='word_1_136' title='bbox 514 2779 593 2838; x_wconf 83' lang='lat' dir='ltr'><strong>V.</strong></span> <span class='ocrx_word' id='word_1_137' title='bbox 639 2779 826 2856; x_wconf 82' lang='lat' dir='ltr'><strong>vlm,</strong></span> <span class='ocrx_word' id='word_1_138' title='bbox 868 2785 944 2855; x_wconf 82' lang='lat'><strong>3,</strong></span> <span class='ocrx_word' id='word_1_139' title='bbox 991 2781 1034 2855; x_wconf 80' lang='lat'><strong>1,</strong></span> <span class='ocrx_word' id='word_1_140' title='bbox 1073 2801 1127 2844; x_wconf 88' lang='lat' dir='ltr'><strong>a.</strong></span> <span class='ocrx_word' id='word_1_141' title='bbox 1165 2782 1227 2845; x_wconf 87' lang='lat' dir='ltr'><strong>b.</strong></span> <span class='ocrx_word' id='word_1_142' title='bbox 1263 2803 1314 2847; x_wconf 89' lang='lat' dir='ltr'><strong>c.</strong></span> 
     </span>
     <span class='ocr_line' id='line_1_27' title="bbox 223 2862 1317 2944; baseline 0.004 -21"><span class='ocrx_word' id='word_1_143' title='bbox 223 2862 410 2944; x_wconf 81' lang='lat' dir='ltr'><strong>Wr.)</strong></span> <span class='ocrx_word' id='word_1_144' title='bbox 463 2864 774 2943; x_wconf 76' lang='lat' dir='ltr'><strong>afflarat,</strong></span> <span class='ocrx_word' id='word_1_145' title='bbox 823 2865 986 2944; x_wconf 86' lang='lat' dir='ltr'><strong>quod</strong></span> <span class='ocrx_word' id='word_1_146' title='bbox 1018 2866 1317 2927; x_wconf 79' lang='lat' dir='ltr'><strong>Homerus</strong></span> 
     </span>
     <span class='ocr_line' id='line_1_28' title="bbox 217 2946 1316 3037; baseline 0.01 -31"><span class='ocrx_word' id='word_1_147' title='bbox 217 2946 415 3023; x_wconf 79' lang='lat' dir='ltr'><strong>dixit,</strong></span> <span class='ocrx_word' id='word_1_148' title='bbox 456 2949 797 3024; x_wconf 80' lang='lat' dir='ltr'><strong>affuderat,</strong></span> <span class='ocrx_word' id='word_1_149' title='bbox 841 2951 1117 3032; x_wconf 66' lang='grc' dir='ltr'><strong>κατέχευε</strong></span> <span class='ocrx_word' id='word_1_150' title='bbox 1140 2949 1316 3037; x_wconf 73' lang='grc' dir='ltr'><em>χάριν</em></span> 
     </span>
     <span class='ocr_line' id='line_1_29' title="bbox 211 3033 1315 3122; baseline 0.005 -25"><span class='ocrx_word' id='word_1_151' title='bbox 211 3039 465 3122; x_wconf 69' lang='grc' dir='ltr'><strong>κεφαλῇ</strong></span> <span class='ocrx_word' id='word_1_152' title='bbox 487 3058 552 3098; x_wconf 76' lang='grc' dir='ltr'><strong>τε</strong></span> <span class='ocrx_word' id='word_1_153' title='bbox 585 3035 694 3099; x_wconf 75' lang='grc' dir='ltr'><strong>καὶ</strong></span> <span class='ocrx_word' id='word_1_154' title='bbox 730 3033 940 3117; x_wconf 74' lang='grc' dir='ltr'><strong>ὤμοις.</strong></span> <span class='ocrx_word' id='word_1_155' title='bbox 971 3048 1032 3096; x_wconf 89' lang='lat' dir='ltr'><strong>et</strong></span> <span class='ocrx_word' id='word_1_156' title='bbox 1058 3071 1141 3084; x_wconf 92' lang='lat'><strong>—</strong></span> <span class='ocrx_word' id='word_1_157' title='bbox 1167 3064 1315 3102; x_wconf 75' lang='grc' dir='ltr'><strong>κακ-</strong></span> 
     </span>
     <span class='ocr_line' id='line_1_30' title="bbox 207 3119 1315 3202; baseline 0.006 -21"><span class='ocrx_word' id='word_1_158' title='bbox 207 3125 493 3202; x_wconf 67' lang='grc' dir='ltr'><strong><em>ιεφαλῆς</em></strong></span> <span class='ocrx_word' id='word_1_159' title='bbox 585 3125 771 3200; x_wconf 72' lang='grc' dir='ltr'><strong><em>χεῦεν</em></strong></span> <span class='ocrx_word' id='word_1_160' title='bbox 846 3120 1006 3186; x_wconf 62' lang='lat' dir='ltr'><strong>nom</strong></span> <span class='ocrx_word' id='word_1_161' title='bbox 1097 3119 1315 3201; x_wconf 70' lang='grc' dir='ltr'><strong><em>κᾶλλος</em></strong></span> 
     </span>
     <span class='ocr_line' id='line_1_31' title="bbox 198 3199 1312 3291; baseline 0.003 -23"><span class='ocrx_word' id='word_1_162' title='bbox 198 3199 466 3288; x_wconf 62' lang='grc' dir='ltr'><strong>Ἀθήνη.</strong></span> <span class='ocrx_word' id='word_1_163' title='bbox 535 3206 806 3285; x_wconf 73' lang='lat' dir='ltr'><strong>ajflare,</strong></span> <span class='ocrx_word' id='word_1_164' title='bbox 850 3208 924 3267; x_wconf 90' lang='lat' dir='ltr'><strong>ab</strong></span> <span class='ocrx_word' id='word_1_165' title='bbox 956 3209 1129 3269; x_wconf 85' lang='lat' dir='ltr'><strong>initio</strong></span> <span class='ocrx_word' id='word_1_166' title='bbox 1164 3233 1312 3291; x_wconf 86' lang='lat' dir='ltr'><strong>pro-</strong></span> 
     </span>
     <span class='ocr_line' id='line_1_32' title="bbox 191 3291 1313 3372; baseline 0.005 -22"><span class='ocrx_word' id='word_1_167' title='bbox 191 3292 335 3372; x_wconf 77' lang='lat' dir='ltr'><strong>prie</strong></span> <span class='ocrx_word' id='word_1_168' title='bbox 363 3291 611 3351; x_wconf 77' lang='lat' dir='ltr'><strong>dictum</strong></span> <span class='ocrx_word' id='word_1_169' title='bbox 643 3292 890 3353; x_wconf 82' lang='lat' dir='ltr'><strong>videtur</strong></span> <span class='ocrx_word' id='word_1_170' title='bbox 932 3293 1009 3354; x_wconf 90' lang='lat' dir='ltr'><strong>de</strong></span> <span class='ocrx_word' id='word_1_171' title='bbox 1048 3297 1167 3355; x_wconf 77' lang='lat' dir='ltr'><strong>oris</strong></span> <span class='ocrx_word' id='word_1_172' title='bbox 1199 3318 1313 3356; x_wconf 86' lang='lat' dir='ltr'><strong>an-</strong></span> 
     </span>
     <span class='ocr_line' id='line_1_33' title="bbox 192 3375 1313 3458; baseline 0.004 -22"><span class='ocrx_word' id='word_1_173' title='bbox 192 3375 402 3437; x_wconf 78' lang='lat' dir='ltr'><strong>helitu</strong></span> <span class='ocrx_word' id='word_1_174' title='bbox 420 3422 440 3452; x_wconf 91' lang='lat'><strong>,</strong></span> <span class='ocrx_word' id='word_1_175' title='bbox 483 3396 613 3455; x_wconf 82' lang='lat' dir='ltr'><strong>quo</strong></span> <span class='ocrx_word' id='word_1_176' title='bbox 641 3378 777 3456; x_wconf 89' lang='lat' dir='ltr'><strong>quis</strong></span> <span class='ocrx_word' id='word_1_177' title='bbox 804 3388 911 3439; x_wconf 90' lang='lat' dir='ltr'><strong>aut</strong></span> <span class='ocrx_word' id='word_1_178' title='bbox 941 3381 1313 3458; x_wconf 78' lang='lat' dir='ltr'><strong>crederetur,</strong></span> 
     </span>
     <span class='ocr_line' id='line_1_34' title="bbox 199 3466 1313 3544; baseline 0.006 -23"><span class='ocrx_word' id='word_1_179' title='bbox 199 3472 350 3540; x_wconf 70' lang='lat' dir='ltr'><strong>m,</strong></span> <span class='ocrx_word' id='word_1_180' title='bbox 411 3472 731 3541; x_wconf 77' lang='lat' dir='ltr'><strong>tamquam</strong></span> <span class='ocrx_word' id='word_1_181' title='bbox 770 3466 1097 3544; x_wconf 75' lang='lat' dir='ltr'><strong>symbolice</strong></span> <span class='ocrx_word' id='word_1_182' title='bbox 1150 3476 1313 3544; x_wconf 86' lang='lat' dir='ltr'><strong>actu,</strong></span> 
     </span>
     <span class='ocr_line' id='line_1_35' title="bbox 205 3548 1309 3628; baseline 0.005 -22"><span class='ocrx_word' id='word_1_183' title='bbox 205 3548 534 3607; x_wconf 75' lang='lat' dir='ltr'><strong>videretur</strong></span> <span class='ocrx_word' id='word_1_184' title='bbox 605 3549 902 3628; x_wconf 82' lang='lat' dir='ltr'><strong>inspirare</strong></span> <span class='ocrx_word' id='word_1_185' title='bbox 959 3553 1127 3613; x_wconf 84' lang='lat' dir='ltr'><strong>alteri</strong></span> <span class='ocrx_word' id='word_1_186' title='bbox 1183 3554 1309 3614; x_wconf 83' lang='lat' dir='ltr'><strong>vim</strong></span> 
     </span>
     <span class='ocr_line' id='line_1_36' title="bbox 208 3632 1308 3719; baseline 0.007 -28"><span class='ocrx_word' id='word_1_187' title='bbox 208 3632 475 3712; x_wconf 66' lang='lat' dir='ltr'><strong>aliquam</strong></span> <span class='ocrx_word' id='word_1_188' title='bbox 515 3644 631 3695; x_wconf 77' lang='lat' dir='ltr'><strong>aut</strong></span> <span class='ocrx_word' id='word_1_189' title='bbox 675 3654 846 3695; x_wconf 85' lang='lat' dir='ltr'><strong>suam</strong></span> <span class='ocrx_word' id='word_1_190' title='bbox 890 3647 998 3697; x_wconf 89' lang='lat' dir='ltr'><strong>aut</strong></span> <span class='ocrx_word' id='word_1_191' title='bbox 1032 3649 1308 3719; x_wconf 85' lang='lat' dir='ltr'><strong>praeter-</strong></span> 
     </span>
     <span class='ocr_line' id='line_1_37' title="bbox 207 3719 1309 3804; baseline 0.006 -26"><span class='ocrx_word' id='word_1_192' title='bbox 207 3721 578 3780; x_wconf 73' lang='lat' dir='ltr'><strong>naturale..</strong></span> <span class='ocrx_word' id='word_1_193' title='bbox 689 3719 778 3780; x_wconf 82' lang='lat' dir='ltr'><strong>Ita</strong></span> <span class='ocrx_word' id='word_1_194' title='bbox 820 3719 1037 3804; x_wconf 81' lang='lat' dir='ltr'>Apollo</span> <span class='ocrx_word' id='word_1_195' title='bbox 1080 3727 1309 3785; x_wconf 84' lang='lat' dir='ltr'><strong>afflasse</strong></span> 
     </span>
     <span class='ocr_line' id='line_1_38' title="bbox 207 3809 1309 3891; baseline 0.005 -26"><span class='ocrx_word' id='word_1_196' title='bbox 207 3816 499 3867; x_wconf 74' lang='lat' dir='ltr'><strong>narratur</strong></span> <span class='ocrx_word' id='word_1_197' title='bbox 545 3824 655 3866; x_wconf 84' lang='lat' dir='ltr'><strong>ore</strong></span> <span class='ocrx_word' id='word_1_198' title='bbox 695 3809 1049 3885; x_wconf 86' lang='lat' dir='ltr'><strong>nonnullos,</strong></span> <span class='ocrx_word' id='word_1_199' title='bbox 1093 3812 1309 3891; x_wconf 85' lang='lat' dir='ltr'><strong>quibus</strong></span> 
     </span>
     <span class='ocr_line' id='line_1_39' title="bbox 209 3890 1309 3974; baseline 0.007 -25"><span class='ocrx_word' id='word_1_200' title='bbox 209 3890 525 3953; x_wconf 76' lang='lat' dir='ltr'><strong>divinandi</strong></span> <span class='ocrx_word' id='word_1_201' title='bbox 583 3891 711 3950; x_wconf 74' lang='lat' dir='ltr'><strong>vim</strong></span> <span class='ocrx_word' id='word_1_202' title='bbox 756 3894 1110 3974; x_wconf 83' lang='lat' dir='ltr'><strong>impertiret.</strong></span> <span class='ocrx_word' id='word_1_203' title='bbox 1226 3898 1309 3956; x_wconf 86' lang='lat' dir='ltr'><strong>De</strong></span> 
     </span>
     <span class='ocr_line' id='line_1_40' title="bbox 205 3978 1309 4042; baseline 0.005 -5"><span class='ocrx_word' id='word_1_204' title='bbox 205 3980 440 4040; x_wconf 82' lang='lat' dir='ltr'><strong>nutrice</strong></span> <span class='ocrx_word' id='word_1_205' title='bbox 469 3978 572 4039; x_wconf 80' lang='lat' dir='ltr'><strong>vel</strong></span> <span class='ocrx_word' id='word_1_206' title='bbox 605 3986 804 4038; x_wconf 85' lang='lat' dir='ltr'><strong>matre</strong></span> <span class='ocrx_word' id='word_1_207' title='bbox 834 3981 1166 4042; x_wconf 85' lang='lat' dir='ltr'><strong>nutricium</strong></span> <span class='ocrx_word' id='word_1_208' title='bbox 1191 3982 1309 4042; x_wconf 90' lang='lat' dir='ltr'><strong>ha-</strong></span> 
     </span>
     <span class='ocr_line' id='line_1_41' title="bbox 203 4063 1306 4128; baseline 0.005 -5"><span class='ocrx_word' id='word_1_209' title='bbox 203 4063 314 4125; x_wconf 84' lang='lat' dir='ltr'><strong>litu</strong></span> <span class='ocrx_word' id='word_1_210' title='bbox 354 4087 469 4126; x_wconf 76' lang='lat' dir='ltr'><strong>suo</strong></span> <span class='ocrx_word' id='word_1_211' title='bbox 517 4064 773 4124; x_wconf 80' lang='lat' dir='ltr'><strong>fovente</strong></span> <span class='ocrx_word' id='word_1_212' title='bbox 825 4065 1056 4127; x_wconf 87' lang='lat' dir='ltr'><strong>dictum</strong></span> <span class='ocrx_word' id='word_1_213' title='bbox 1103 4078 1193 4128; x_wconf 84' lang='lat' dir='ltr'><strong>est</strong></span> <span class='ocrx_word' id='word_1_214' title='bbox 1240 4070 1306 4128; x_wconf 89' lang='lat' dir='ltr'><strong>in</strong></span> 
     </span>
     <span class='ocr_line' id='line_1_42' title="bbox 202 4149 1307 4230; baseline 0.005 -21"><span class='ocrx_word' id='word_1_215' title='bbox 202 4149 442 4230; x_wconf 83' lang='lat' dir='ltr'><strong>Hymno</strong></span> <span class='ocrx_word' id='word_1_216' title='bbox 487 4153 553 4212; x_wconf 85' lang='lat' dir='ltr'><strong>in</strong></span> <span class='ocrx_word' id='word_1_217' title='bbox 594 4152 730 4211; x_wconf 88' lang='lat' dir='ltr'><strong>Cer.</strong></span> <span class='ocrx_word' id='word_1_218' title='bbox 775 4154 906 4217; x_wconf 78' lang='lat'><strong>238</strong></span> <span class='ocrx_word' id='word_1_219' title='bbox 951 4163 1015 4212; x_wconf 85' lang='lat' dir='ltr'><strong>et</strong></span> <span class='ocrx_word' id='word_1_220' title='bbox 1062 4155 1126 4213; x_wconf 88' lang='lat' dir='ltr'><strong>in</strong></span> <span class='ocrx_word' id='word_1_221' title='bbox 1162 4155 1307 4214; x_wconf 87' lang='lat' dir='ltr'><strong>locis</strong></span> 
     </span>
     <span class='ocr_line' id='line_1_43' title="bbox 204 4237 1306 4319; baseline 0.004 -23"><span class='ocrx_word' id='word_1_222' title='bbox 204 4238 280 4296; x_wconf 83' lang='lat' dir='ltr'><strong>ihi</strong></span> <span class='ocrx_word' id='word_1_223' title='bbox 321 4238 607 4302; x_wconf 74' lang='lat' dir='ltr'><strong>laudatis.</strong></span> <span class='ocrx_word' id='word_1_224' title='bbox 710 4237 870 4297; x_wconf 88' lang='lat' dir='ltr'><strong>Inde</strong></span> <span class='ocrx_word' id='word_1_225' title='bbox 916 4240 1161 4299; x_wconf 86' lang='lat' dir='ltr'><strong>omnino</strong></span> <span class='ocrx_word' id='word_1_226' title='bbox 1199 4241 1306 4319; x_wconf 70' lang='lat' dir='ltr'><strong>ast·</strong></span> 
     </span>
     <span class='ocr_line' id='line_1_44' title="bbox 195 4325 1305 4405; baseline 0.001 -21"><span class='ocrx_word' id='word_1_227' title='bbox 195 4325 348 4401; x_wconf 77' lang='lat' dir='ltr'><strong>flare</strong></span> <span class='ocrx_word' id='word_1_228' title='bbox 423 4325 786 4405; x_wconf 77' lang='lat' dir='ltr'><strong>contingere</strong></span> <span class='ocrx_word' id='word_1_229' title='bbox 863 4335 994 4399; x_wconf 81' lang='lat' dir='ltr'><strong>est,</strong></span> <span class='ocrx_word' id='word_1_230' title='bbox 1068 4326 1305 4405; x_wconf 79' lang='lat' dir='ltr'><strong>proprie</strong></span> 
     </span>
     <span class='ocr_line' id='line_1_45' title="bbox 207 4409 1305 4491; baseline 0.008 -27"><span class='ocrx_word' id='word_1_231' title='bbox 207 4411 425 4491; x_wconf 67' lang='lat' dir='ltr'><strong>quidem</strong></span> <span class='ocrx_word' id='word_1_232' title='bbox 471 4413 741 4487; x_wconf 69' lang='lat' dir='ltr'><strong>leviter,</strong></span> <span class='ocrx_word' id='word_1_233' title='bbox 801 4409 955 4487; x_wconf 83' lang='lat' dir='ltr'><strong>quia</strong></span> <span class='ocrx_word' id='word_1_234' title='bbox 998 4417 1305 4473; x_wconf 82' lang='lat' dir='ltr'><strong>contactus</strong></span> 
     </span>
    </p>
   </div>
   <div class='ocr_carea' id='block_1_7' title="bbox 1387 1230 2498 4489">
    <p class='ocr_par' dir='ltr' id='par_1_7' title="bbox 1404 1230 2498 2174">
     <span class='ocr_line' id='line_1_46' title="bbox 1416 1230 2497 1315; baseline -0.007 -20"><span class='ocrx_word' id='word_1_235' title='bbox 1416 1234 1536 1296; x_wconf 87' lang='lat' dir='ltr'><strong>hoc</strong></span> <span class='ocrx_word' id='word_1_236' title='bbox 1560 1253 1748 1315; x_wconf 81' lang='lat' dir='ltr'><strong>genus</strong></span> <span class='ocrx_word' id='word_1_237' title='bbox 1786 1242 1907 1308; x_wconf 85' lang='lat' dir='ltr'><strong>est,</strong></span> <span class='ocrx_word' id='word_1_238' title='bbox 1950 1252 2168 1314; x_wconf 80' lang='lat' dir='ltr'><strong>parum</strong></span> <span class='ocrx_word' id='word_1_239' title='bbox 2204 1230 2317 1290; x_wconf 84' lang='lat' dir='ltr'><strong>sub</strong></span> <span class='ocrx_word' id='word_1_240' title='bbox 2358 1249 2497 1288; x_wconf 89' lang='lat' dir='ltr'><strong>sen-</strong></span> 
     </span>
     <span class='ocr_line' id='line_1_47' title="bbox 1414 1319 2498 1399; baseline -0.007 -18"><span class='ocrx_word' id='word_1_241' title='bbox 1414 1342 1550 1381; x_wconf 85' lang='lat' dir='ltr'><strong>sum</strong></span> <span class='ocrx_word' id='word_1_242' title='bbox 1592 1320 1841 1396; x_wconf 79' lang='lat' dir='ltr'><strong>cadens3</strong></span> <span class='ocrx_word' id='word_1_243' title='bbox 1885 1319 2087 1399; x_wconf 85' lang='lat' dir='ltr'><strong>itaque</strong></span> <span class='ocrx_word' id='word_1_244' title='bbox 2132 1327 2192 1377; x_wconf 89' lang='lat' dir='ltr'><strong>et</strong></span> <span class='ocrx_word' id='word_1_245' title='bbox 2228 1326 2393 1376; x_wconf 80' lang='lat' dir='ltr'><strong>vates</strong></span> <span class='ocrx_word' id='word_1_246' title='bbox 2436 1323 2498 1373; x_wconf 87' lang='lat' dir='ltr'><strong>et</strong></span> 
     </span>
     <span class='ocr_line' id='line_1_48' title="bbox 1412 1401 2497 1488; baseline -0.008 -21"><span class='ocrx_word' id='word_1_247' title='bbox 1412 1417 1628 1488; x_wconf 88' lang='lat' dir='ltr'><strong>poetae</strong></span> <span class='ocrx_word' id='word_1_248' title='bbox 1663 1406 1885 1486; x_wconf 81' lang='lat' dir='ltr'><strong>afflari</strong></span> <span class='ocrx_word' id='word_1_249' title='bbox 1916 1404 2232 1480; x_wconf 86' lang='lat' dir='ltr'><strong>dicuntur,</strong></span> <span class='ocrx_word' id='word_1_250' title='bbox 2276 1401 2497 1481; x_wconf 89' lang='lat' dir='ltr'><strong>quippe</strong></span> 
     </span>
     <span class='ocr_line' id='line_1_49' title="bbox 1413 1488 2493 1571; baseline -0.007 -18"><span class='ocrx_word' id='word_1_251' title='bbox 1413 1495 1695 1567; x_wconf 76' lang='lat' dir='ltr'><strong>contacti,</strong></span> <span class='ocrx_word' id='word_1_252' title='bbox 1733 1495 2027 1571; x_wconf 74' lang='lat' dir='ltr'><strong>percussi.</strong></span> <span class='ocrx_word' id='word_1_253' title='bbox 2119 1492 2208 1552; x_wconf 84' lang='lat' dir='ltr'><strong>Ita</strong></span> <span class='ocrx_word' id='word_1_254' title='bbox 2254 1498 2317 1548; x_wconf 89' lang='lat' dir='ltr'><strong>et</strong></span> <span class='ocrx_word' id='word_1_255' title='bbox 2342 1488 2493 1566; x_wconf 77' lang='lat' dir='ltr'><strong>fid-</strong></span> 
     </span>
     <span class='ocr_line' id='line_1_50' title="bbox 1413 1573 2493 1657; baseline -0.006 -19"><span class='ocrx_word' id='word_1_256' title='bbox 1413 1600 1551 1638; x_wconf 84' lang='lat' dir='ltr'><strong>men</strong></span> <span class='ocrx_word' id='word_1_257' title='bbox 1592 1578 1821 1657; x_wconf 75' lang='lat' dir='ltr'><strong>afflare</strong></span> <span class='ocrx_word' id='word_1_258' title='bbox 1862 1577 2082 1636; x_wconf 84' lang='lat' dir='ltr'><strong>dicitur</strong></span> <span class='ocrx_word' id='word_1_259' title='bbox 2099 1620 2116 1652; x_wconf 90' lang='lat'><strong>,</strong></span> <span class='ocrx_word' id='word_1_260' title='bbox 2165 1584 2240 1636; x_wconf 87' lang='lat' dir='ltr'><strong>ut</strong></span> <span class='ocrx_word' id='word_1_261' title='bbox 2275 1574 2380 1633; x_wconf 82' lang='lat' dir='ltr'><strong>lib.</strong></span> <span class='ocrx_word' id='word_1_262' title='bbox 2422 1573 2493 1646; x_wconf 86' lang='lat'><strong>11,</strong></span> 
     </span>
     <span class='ocr_line' id='line_1_51' title="bbox 1413 1660 2492 1739; baseline -0.012 -9"><span class='ocrx_word' id='word_1_263' title='bbox 1413 1662 1561 1730; x_wconf 77' lang='grc'><strong>649.</strong></span> <span class='ocrx_word' id='word_1_264' title='bbox 1619 1664 1752 1725; x_wconf 81' lang='lat' dir='ltr'><strong>Alio</strong></span> <span class='ocrx_word' id='word_1_265' title='bbox 1792 1681 1972 1722; x_wconf 86' lang='lat' dir='ltr'><strong>sensu</strong></span> <span class='ocrx_word' id='word_1_266' title='bbox 2002 1662 2230 1739; x_wconf 77' lang='lat' dir='ltr'><strong>afflare</strong></span> <span class='ocrx_word' id='word_1_267' title='bbox 2272 1670 2334 1719; x_wconf 86' lang='lat' dir='ltr'><strong>et</strong></span> <span class='ocrx_word' id='word_1_268' title='bbox 2371 1660 2492 1717; x_wconf 82' lang='lat' dir='ltr'><strong>ad-</strong></span> 
     </span>
     <span class='ocr_line' id='line_1_52' title="bbox 1409 1748 2492 1828; baseline -0.006 -19"><span class='ocrx_word' id='word_1_269' title='bbox 1409 1753 1643 1828; x_wconf 70' lang='lat' dir='ltr'><strong>spirare</strong></span> <span class='ocrx_word' id='word_1_270' title='bbox 1689 1771 1722 1808; x_wconf 96' lang='lat' dir='ltr'><strong>a</strong></span> <span class='ocrx_word' id='word_1_271' title='bbox 1770 1748 2148 1827; x_wconf 77' lang='lat' dir='ltr'><strong>navigatione</strong></span> <span class='ocrx_word' id='word_1_272' title='bbox 2199 1755 2261 1804; x_wconf 89' lang='lat' dir='ltr'><strong>et</strong></span> <span class='ocrx_word' id='word_1_273' title='bbox 2307 1755 2492 1804; x_wconf 81' lang='lat' dir='ltr'><strong>vento</strong></span> 
     </span>
     <span class='ocr_line' id='line_1_53' title="bbox 1410 1829 2491 1896; baseline -0.007 -1"><span class='ocrx_word' id='word_1_274' title='bbox 1410 1836 1679 1896; x_wconf 87' lang='lat' dir='ltr'><strong>secundo</strong></span> <span class='ocrx_word' id='word_1_275' title='bbox 1756 1834 2007 1894; x_wconf 84' lang='lat' dir='ltr'><strong>ductum</strong></span> <span class='ocrx_word' id='word_1_276' title='bbox 2081 1841 2184 1893; x_wconf 83' lang='lat' dir='ltr'><strong>est.</strong></span> <span class='ocrx_word' id='word_1_277' title='bbox 2297 1829 2491 1890; x_wconf 85' lang='lat' dir='ltr'><strong>Etiam</strong></span> 
     </span>
     <span class='ocr_line' id='line_1_54' title="bbox 1410 1916 2492 1996; baseline -0.006 -16"><span class='ocrx_word' id='word_1_278' title='bbox 1410 1922 1579 1982; x_wconf 85' lang='lat' dir='ltr'><strong>aliud</strong></span> <span class='ocrx_word' id='word_1_279' title='bbox 1620 1931 1739 1996; x_wconf 88' lang='lat' dir='ltr'><strong>est,</strong></span> <span class='ocrx_word' id='word_1_280' title='bbox 1797 1920 1848 1979; x_wconf 81' lang='lat' dir='ltr'><strong>si</strong></span> <span class='ocrx_word' id='word_1_281' title='bbox 1888 1920 1964 1979; x_wconf 88' lang='lat' dir='ltr'><strong>de</strong></span> <span class='ocrx_word' id='word_1_282' title='bbox 2014 1916 2492 1978; x_wconf 63' lang='lat' dir='ltr'><strong>exhalationibus</strong></span> 
     </span>
     <span class='ocr_line' id='line_1_55' title="bbox 1410 2002 2490 2087; baseline -0.005 -20"><span class='ocrx_word' id='word_1_283' title='bbox 1410 2009 1710 2087; x_wconf 85' lang='lat' dir='ltr'><strong>corporis,</strong></span> <span class='ocrx_word' id='word_1_284' title='bbox 1755 2002 2133 2080; x_wconf 61' lang='lat' dir='ltr'><strong>ambrosiae,</strong></span> <span class='ocrx_word' id='word_1_285' title='bbox 2156 2006 2387 2083; x_wconf 74' lang='lat' dir='ltr'><strong>spirare</strong></span> <span class='ocrx_word' id='word_1_286' title='bbox 2429 2012 2490 2062; x_wconf 91' lang='lat' dir='ltr'><strong>et</strong></span> 
     </span>
     <span class='ocr_line' id='line_1_56' title="bbox 1404 2090 2205 2174; baseline -0.005 -21"><span class='ocrx_word' id='word_1_287' title='bbox 1404 2094 1636 2174; x_wconf 76' lang='lat' dir='ltr'><strong>afflare</strong></span> <span class='ocrx_word' id='word_1_288' title='bbox 1668 2093 1897 2151; x_wconf 87' lang='lat' dir='ltr'><strong>dictum</strong></span> <span class='ocrx_word' id='word_1_289' title='bbox 1925 2090 2205 2151; x_wconf 87' lang='lat' dir='ltr'><strong>occurrit.</strong></span> 
     </span>
    </p>

    <p class='ocr_par' dir='ltr' id='par_1_8' title="bbox 1387 2174 2489 4489">
     <span class='ocr_line' id='line_1_57' title="bbox 1492 2174 2488 2245; baseline -0.016 0"><span class='ocrx_word' id='word_1_290' title='bbox 1492 2180 1641 2245; x_wconf 73' lang='lat'><strong>692.</strong></span> <span class='ocrx_word' id='word_1_291' title='bbox 1673 2179 1818 2243; x_wconf 86' lang='grc'><strong>593.</strong></span> <span class='ocrx_word' id='word_1_292' title='bbox 1862 2177 2082 2239; x_wconf 83' lang='lat' dir='ltr'><strong>Versus</strong></span> <span class='ocrx_word' id='word_1_293' title='bbox 2110 2176 2251 2235; x_wconf 86' lang='lat' dir='ltr'><strong>olim</strong></span> <span class='ocrx_word' id='word_1_294' title='bbox 2270 2174 2357 2233; x_wconf 77' lang='lat' dir='ltr'><strong>sic</strong></span> <span class='ocrx_word' id='word_1_295' title='bbox 2382 2193 2488 2231; x_wconf 86' lang='lat' dir='ltr'><strong>ac-</strong></span> 
     </span>
     <span class='ocr_line' id='line_1_58' title="bbox 1405 2258 2489 2345; baseline -0.006 -21"><span class='ocrx_word' id='word_1_296' title='bbox 1405 2264 1730 2345; x_wconf 88' lang='lat' dir='ltr'><strong>cipiebam,</strong></span> <span class='ocrx_word' id='word_1_297' title='bbox 1775 2272 1847 2323; x_wconf 90' lang='lat' dir='ltr'><strong>ut</strong></span> <span class='ocrx_word' id='word_1_298' title='bbox 1888 2265 2098 2337; x_wconf 71' lang='lat' dir='ltr'><strong>decue,</strong></span> <span class='ocrx_word' id='word_1_299' title='bbox 2145 2260 2210 2324; x_wconf 87' lang='lat' dir='ltr'><strong>h.</strong></span> <span class='ocrx_word' id='word_1_300' title='bbox 2253 2280 2304 2319; x_wconf 89' lang='lat' dir='ltr'><strong>e.</strong></span> <span class='ocrx_word' id='word_1_301' title='bbox 2347 2258 2489 2339; x_wconf 89' lang='lat' dir='ltr'><strong>pul-</strong></span> 
     </span>
     <span class='ocr_line' id='line_1_59' title="bbox 1406 2348 2489 2427; baseline -0.006 -17"><span class='ocrx_word' id='word_1_302' title='bbox 1406 2350 1681 2427; x_wconf 85' lang='lat' dir='ltr'><strong>critudo,</strong></span> <span class='ocrx_word' id='word_1_303' title='bbox 1724 2349 2001 2408; x_wconf 80' lang='lat' dir='ltr'><strong>iuvenilis</strong></span> <span class='ocrx_word' id='word_1_304' title='bbox 2042 2348 2205 2407; x_wconf 84' lang='lat' dir='ltr'><strong>nitor</strong></span> <span class='ocrx_word' id='word_1_305' title='bbox 2239 2354 2300 2404; x_wconf 88' lang='lat' dir='ltr'><strong>et</strong></span> <span class='ocrx_word' id='word_1_306' title='bbox 2337 2364 2489 2403; x_wconf 88' lang='lat' dir='ltr'><strong>ocu-</strong></span> 
     </span>
     <span class='ocr_line' id='line_1_60' title="bbox 1400 2430 2486 2516; baseline -0.008 -20"><span class='ocrx_word' id='word_1_307' title='bbox 1400 2436 1603 2496; x_wconf 87' lang='lat' dir='ltr'><strong>lorum</strong></span> <span class='ocrx_word' id='word_1_308' title='bbox 1629 2435 1906 2495; x_wconf 83' lang='lat' dir='ltr'><strong>insolitus</strong></span> <span class='ocrx_word' id='word_1_309' title='bbox 1934 2432 2234 2516; x_wconf 81' lang='lat' dir='ltr'><strong>splendor,</strong></span> <span class='ocrx_word' id='word_1_310' title='bbox 2259 2430 2486 2491; x_wconf 81' lang='lat' dir='ltr'><strong>Aeneae</strong></span> 
     </span>
     <span class='ocr_line' id='line_1_61' title="bbox 1402 2514 2486 2600; baseline -0.005 -18"><span class='ocrx_word' id='word_1_311' title='bbox 1402 2533 1558 2582; x_wconf 79' lang='lat' dir='ltr'><strong>esset</strong></span> <span class='ocrx_word' id='word_1_312' title='bbox 1593 2522 1833 2598; x_wconf 80' lang='lat' dir='ltr'><strong>affusus,</strong></span> <span class='ocrx_word' id='word_1_313' title='bbox 1877 2522 2051 2600; x_wconf 89' lang='lat' dir='ltr'><strong>quale</strong></span> <span class='ocrx_word' id='word_1_314' title='bbox 2096 2520 2278 2579; x_wconf 81' lang='lat' dir='ltr'><strong>decus</strong></span> <span class='ocrx_word' id='word_1_315' title='bbox 2314 2514 2486 2599; x_wconf 85' lang='lat' dir='ltr'><strong>(pul-</strong></span> 
     </span>
     <span class='ocr_line' id='line_1_62' title="bbox 1403 2605 2486 2688; baseline -0.006 -19"><span class='ocrx_word' id='word_1_316' title='bbox 1403 2608 1676 2688; x_wconf 86' lang='lat' dir='ltr'><strong>critudo)</strong></span> <span class='ocrx_word' id='word_1_317' title='bbox 1711 2607 1864 2667; x_wconf 87' lang='lat' dir='ltr'><strong>illud</strong></span> <span class='ocrx_word' id='word_1_318' title='bbox 1908 2616 2027 2680; x_wconf 81' lang='lat' dir='ltr'><strong>est,</strong></span> <span class='ocrx_word' id='word_1_319' title='bbox 2072 2605 2237 2686; x_wconf 87' lang='lat' dir='ltr'><strong>quod</strong></span> <span class='ocrx_word' id='word_1_320' title='bbox 2276 2623 2486 2662; x_wconf 80' lang='lat' dir='ltr'><strong>manus</strong></span> 
     </span>
     <span class='ocr_line' id='line_1_63' title="bbox 1404 2691 2484 2775; baseline -0.006 -21"><span class='ocrx_word' id='word_1_321' title='bbox 1404 2693 1675 2775; x_wconf 72' lang='lat' dir='ltr'><strong>(artifex)</strong></span> <span class='ocrx_word' id='word_1_322' title='bbox 1702 2693 1941 2753; x_wconf 87' lang='lat' dir='ltr'><strong>addunt</strong></span> <span class='ocrx_word' id='word_1_323' title='bbox 1967 2692 2133 2751; x_wconf 86' lang='lat' dir='ltr'><strong>ebori</strong></span> <span class='ocrx_word' id='word_1_324' title='bbox 2153 2691 2250 2750; x_wconf 81' lang='lat' dir='ltr'><strong>vel</strong></span> <span class='ocrx_word' id='word_1_325' title='bbox 2271 2709 2484 2768; x_wconf 80' lang='lat' dir='ltr'><strong>argen-</strong></span> 
     </span>
     <span class='ocr_line' id='line_1_64' title="bbox 1403 2773 2485 2851; baseline -0.009 -11"><span class='ocrx_word' id='word_1_326' title='bbox 1403 2790 1471 2840; x_wconf 90' lang='lat' dir='ltr'><strong>to</strong></span> <span class='ocrx_word' id='word_1_327' title='bbox 1512 2780 1611 2840; x_wconf 84' lang='lat' dir='ltr'><strong>vel</strong></span> <span class='ocrx_word' id='word_1_328' title='bbox 1647 2777 1934 2838; x_wconf 85' lang='lat' dir='ltr'><strong>marmori</strong></span> <span class='ocrx_word' id='word_1_329' title='bbox 1976 2778 2182 2850; x_wconf 84' lang='lat' dir='ltr'><strong>Pario,</strong></span> <span class='ocrx_word' id='word_1_330' title='bbox 2242 2773 2485 2851; x_wconf 86' lang='lat' dir='ltr'><strong>quando</strong></span> 
     </span>
     <span class='ocr_line' id='line_1_65' title="bbox 1403 2856 2484 2937; baseline -0.007 -11"><span class='ocrx_word' id='word_1_331' title='bbox 1403 2856 1555 2926; x_wconf 75' lang='lat' dir='ltr'><strong>aui-&#39;o</strong></span> <span class='ocrx_word' id='word_1_332' title='bbox 1619 2863 2031 2924; x_wconf 83' lang='lat' dir='ltr'><strong>circumdatur</strong></span> <span class='ocrx_word' id='word_1_333' title='bbox 2048 2906 2066 2937; x_wconf 89' lang='lat'><strong>,</strong></span> <span class='ocrx_word' id='word_1_334' title='bbox 2136 2859 2484 2920; x_wconf 82' lang='lat' dir='ltr'><strong>includitur.</strong></span> 
     </span>
     <span class='ocr_line' id='line_1_66' title="bbox 1399 2945 2482 3011; baseline -0.003 0"><span class='ocrx_word' id='word_1_335' title='bbox 1399 2952 1495 3011; x_wconf 88' lang='lat' dir='ltr'><strong>Ita</strong></span> <span class='ocrx_word' id='word_1_336' title='bbox 1527 2971 1664 3010; x_wconf 90' lang='lat' dir='ltr'><strong>cum</strong></span> <span class='ocrx_word' id='word_1_337' title='bbox 1704 2949 1897 3009; x_wconf 79' lang='lat' dir='ltr'><strong>lensio</strong></span> <span class='ocrx_word' id='word_1_338' title='bbox 1945 2948 2020 3007; x_wconf 92' lang='lat' dir='ltr'><strong>de</strong></span> <span class='ocrx_word' id='word_1_339' title='bbox 2059 2945 2197 3005; x_wconf 87' lang='lat' dir='ltr'><strong>stilo</strong></span> <span class='ocrx_word' id='word_1_340' title='bbox 2240 2945 2482 3008; x_wconf 82' lang='lat' dir='ltr'><strong>Homer.</strong></span> 
     </span>
     <span class='ocr_line' id='line_1_67' title="bbox 1397 3030 2483 3119; baseline -0.014 -15"><span class='ocrx_word' id='word_1_341' title='bbox 1397 3059 1461 3119; x_wconf 78' lang='lat' dir='ltr'><strong>p.</strong></span> <span class='ocrx_word' id='word_1_342' title='bbox 1487 3040 1616 3102; x_wconf 78' lang='lat'><strong>296</strong></span> <span class='ocrx_word' id='word_1_343' title='bbox 1655 3045 1868 3116; x_wconf 83' lang='lat' dir='ltr'><strong>poetae</strong></span> <span class='ocrx_word' id='word_1_344' title='bbox 1912 3031 2203 3094; x_wconf 80' lang='lat' dir='ltr'><strong>iudicium</strong></span> <span class='ocrx_word' id='word_1_345' title='bbox 2243 3030 2483 3091; x_wconf 85' lang='lat' dir='ltr'><strong>deside-</strong></span> 
     </span>
     <span class='ocr_line' id='line_1_68' title="bbox 1397 3121 2481 3196; baseline -0.006 -13"><span class='ocrx_word' id='word_1_346' title='bbox 1397 3123 1628 3185; x_wconf 84' lang='lat' dir='ltr'><strong>rabam.</strong></span> <span class='ocrx_word' id='word_1_347' title='bbox 1699 3125 1987 3181; x_wconf 72' lang='lat' dir='ltr'><strong>iuventae</strong></span> <span class='ocrx_word' id='word_1_348' title='bbox 2019 3121 2221 3180; x_wconf 78' lang='lat' dir='ltr'><strong>lumen</strong></span> <span class='ocrx_word' id='word_1_349' title='bbox 2234 3139 2481 3196; x_wconf 76' lang='lat' dir='ltr'><strong>purpu-</strong></span> 
     </span>
     <span class='ocr_line' id='line_1_69' title="bbox 1394 3203 2480 3283; baseline -0.006 -14"><span class='ocrx_word' id='word_1_350' title='bbox 1394 3230 1562 3269; x_wconf 80' lang='lat' dir='ltr'><strong>reum</strong></span> <span class='ocrx_word' id='word_1_351' title='bbox 1588 3217 1650 3268; x_wconf 89' lang='lat' dir='ltr'><strong>et</strong></span> <span class='ocrx_word' id='word_1_352' title='bbox 1681 3209 1828 3268; x_wconf 76' lang='lat' dir='ltr'><strong>laeti</strong></span> <span class='ocrx_word' id='word_1_353' title='bbox 1853 3207 2101 3266; x_wconf 75' lang='lat' dir='ltr'><strong>honores</strong></span> <span class='ocrx_word' id='word_1_354' title='bbox 2123 3204 2315 3265; x_wconf 86' lang='lat' dir='ltr'><strong>multo</strong></span> <span class='ocrx_word' id='word_1_355' title='bbox 2348 3203 2480 3283; x_wconf 85' lang='lat' dir='ltr'><strong>plus</strong></span> 
     </span>
     <span class='ocr_line' id='line_1_70' title="bbox 1396 3289 2479 3375; baseline -0.006 -21"><span class='ocrx_word' id='word_1_356' title='bbox 1396 3294 1734 3375; x_wconf 72' lang='lat' dir='ltr'><strong>splendoris</strong></span> <span class='ocrx_word' id='word_1_357' title='bbox 1804 3292 2027 3352; x_wconf 82' lang='lat' dir='ltr'><strong>habere</strong></span> <span class='ocrx_word' id='word_1_358' title='bbox 2095 3289 2479 3365; x_wconf 75' lang='lat' dir='ltr'><strong>videbantur,</strong></span> 
     </span>
     <span class='ocr_line' id='line_1_71' title="bbox 1398 3379 2480 3460; baseline -0.006 -20"><span class='ocrx_word' id='word_1_359' title='bbox 1398 3401 1576 3460; x_wconf 90' lang='lat' dir='ltr'><strong>quam</strong></span> <span class='ocrx_word' id='word_1_360' title='bbox 1605 3400 1690 3455; x_wconf 86' lang='lat' dir='ltr'><strong>ea,</strong></span> <span class='ocrx_word' id='word_1_361' title='bbox 1734 3379 2091 3459; x_wconf 83' lang='lat' dir='ltr'><strong>quibuscum</strong></span> <span class='ocrx_word' id='word_1_362' title='bbox 2120 3395 2480 3456; x_wconf 70' lang='lat' dir='ltr'><strong>comparan-</strong></span> 
     </span>
     <span class='ocr_line' id='line_1_72' title="bbox 1399 3460 2476 3544; baseline -0.006 -18"><span class='ocrx_word' id='word_1_363' title='bbox 1399 3476 1503 3544; x_wconf 87' lang='lat' dir='ltr'><strong>tur</strong></span> <span class='ocrx_word' id='word_1_364' title='bbox 1535 3487 1593 3527; x_wconf 86' lang='lat' dir='ltr'><strong>v.</strong></span> <span class='ocrx_word' id='word_1_365' title='bbox 1626 3467 1775 3532; x_wconf 79' lang='lat'><strong>592.</strong></span> <span class='ocrx_word' id='word_1_366' title='bbox 1810 3467 1953 3531; x_wconf 81' lang='grc'><strong>598.</strong></span> <span class='ocrx_word' id='word_1_367' title='bbox 1997 3463 2320 3524; x_wconf 79' lang='lat' dir='ltr'><strong>Enimvero</strong></span> <span class='ocrx_word' id='word_1_368' title='bbox 2353 3460 2476 3520; x_wconf 86' lang='lat' dir='ltr'><strong>vidi</strong></span> 
     </span>
     <span class='ocr_line' id='line_1_73' title="bbox 1393 3546 2478 3633; baseline -0.006 -22"><span class='ocrx_word' id='word_1_369' title='bbox 1393 3550 1683 3633; x_wconf 77' lang='lat' dir='ltr'><strong>posthaec</strong></span> <span class='ocrx_word' id='word_1_370' title='bbox 1708 3549 2215 3630; x_wconf 83' lang='lat' dir='ltr'><strong>comparationem</strong></span> <span class='ocrx_word' id='word_1_371' title='bbox 2231 3548 2311 3607; x_wconf 81' lang='lat' dir='ltr'><strong>ita</strong></span> <span class='ocrx_word' id='word_1_372' title='bbox 2325 3546 2478 3606; x_wconf 84' lang='lat' dir='ltr'><strong>male</strong></span> 
     </span>
     <span class='ocr_line' id='line_1_74' title="bbox 1390 3637 2477 3718; baseline -0.006 -20"><span class='ocrx_word' id='word_1_373' title='bbox 1390 3639 1574 3718; x_wconf 77' lang='lat' dir='ltr'><strong>vulgo</strong></span> <span class='ocrx_word' id='word_1_374' title='bbox 1586 3637 1821 3697; x_wconf 87' lang='lat' dir='ltr'><strong>institui</strong></span> <span class='ocrx_word' id='word_1_375' title='bbox 1834 3658 1852 3713; x_wconf 88' lang='lat'>;</span> <span class='ocrx_word' id='word_1_376' title='bbox 1873 3654 2062 3714; x_wconf 87' lang='lat' dir='ltr'><strong>eoque</strong></span> <span class='ocrx_word' id='word_1_377' title='bbox 2076 3653 2328 3695; x_wconf 77' lang='lat' dir='ltr'><strong>avocare</strong></span> <span class='ocrx_word' id='word_1_378' title='bbox 2341 3653 2477 3711; x_wconf 87' lang='lat' dir='ltr'><strong>pra-</strong></span> 
     </span>
     <span class='ocr_line' id='line_1_75' title="bbox 1390 3719 2477 3803; baseline -0.006 -19"><span class='ocrx_word' id='word_1_379' title='bbox 1390 3744 1532 3785; x_wconf 85' lang='lat' dir='ltr'><strong>vam</strong></span> <span class='ocrx_word' id='word_1_380' title='bbox 1556 3722 2126 3803; x_wconf 82' lang='lat' dir='ltr'><strong>interpunctionem,</strong></span> <span class='ocrx_word' id='word_1_381' title='bbox 2150 3740 2288 3780; x_wconf 86' lang='lat' dir='ltr'><strong>cum</strong></span> <span class='ocrx_word' id='word_1_382' title='bbox 2302 3719 2477 3799; x_wconf 83' lang='lat' dir='ltr'><strong>plene</strong></span> 
     </span>
     <span class='ocr_line' id='line_1_76' title="bbox 1390 3807 2475 3890; baseline -0.005 -22"><span class='ocrx_word' id='word_1_383' title='bbox 1390 3818 1528 3890; x_wconf 85' lang='lat' dir='ltr'><strong>post</strong></span> <span class='ocrx_word' id='word_1_384' title='bbox 1537 3809 1783 3867; x_wconf 75' lang='lat' dir='ltr'><strong>honores</strong></span> <span class='ocrx_word' id='word_1_385' title='bbox 1794 3807 2070 3887; x_wconf 78' lang='lat' dir='ltr'><strong>distingui</strong></span> <span class='ocrx_word' id='word_1_386' title='bbox 2079 3816 2210 3883; x_wconf 81' lang='lat' dir='ltr'><strong>tur3</strong></span> <span class='ocrx_word' id='word_1_387' title='bbox 2230 3825 2355 3864; x_wconf 78' lang='lat' dir='ltr'><strong>ease</strong></span> <span class='ocrx_word' id='word_1_388' title='bbox 2369 3826 2475 3886; x_wconf 86' lang='lat' dir='ltr'><strong>po.</strong></span> 
     </span>
     <span class='ocr_line' id='line_1_77' title="bbox 1391 3891 2475 3974; baseline -0.004 -20"><span class='ocrx_word' id='word_1_389' title='bbox 1391 3896 1514 3954; x_wconf 82' lang='lat' dir='ltr'><strong>tius</strong></span> <span class='ocrx_word' id='word_1_390' title='bbox 1527 3894 2038 3974; x_wconf 79' lang='lat' dir='ltr'><strong>comparationem</strong></span> <span class='ocrx_word' id='word_1_391' title='bbox 2047 3891 2475 3953; x_wconf 82' lang='lat' dir='ltr'><strong>retrahendam</strong></span> 
     </span>
     <span class='ocr_line' id='line_1_78' title="bbox 1391 3978 2473 4057; baseline -0.005 -17"><span class='ocrx_word' id='word_1_392' title='bbox 1391 3981 1471 4040; x_wconf 89' lang='lat' dir='ltr'><strong>ad</strong></span> <span class='ocrx_word' id='word_1_393' title='bbox 1528 3981 1781 4039; x_wconf 80' lang='lat' dir='ltr'><strong>Aeneam</strong></span> <span class='ocrx_word' id='word_1_394' title='bbox 1827 3979 1980 4040; x_wconf 78' lang='lat' dir='ltr'><strong>nube</strong></span> <span class='ocrx_word' id='word_1_395' title='bbox 2026 3978 2473 4057; x_wconf 66' lang='lat' dir='ltr'><strong>cimumfioeutn,</strong></span> 
     </span>
     <span class='ocr_line' id='line_1_79' title="bbox 1393 4064 2474 4147; baseline -0.003 -21"><span class='ocrx_word' id='word_1_396' title='bbox 1393 4066 1581 4147; x_wconf 78' lang='lat' dir='ltr'><strong>quod&#39;</strong></span> <span class='ocrx_word' id='word_1_397' title='bbox 1604 4069 1774 4125; x_wconf 81' lang='lat' dir='ltr'><strong>clara</strong></span> <span class='ocrx_word' id='word_1_398' title='bbox 1817 4068 1884 4124; x_wconf 84' lang='lat' dir='ltr'><strong>in</strong></span> <span class='ocrx_word' id='word_1_399' title='bbox 1927 4068 2059 4124; x_wconf 77' lang='lat' dir='ltr'><strong>luce</strong></span> <span class='ocrx_word' id='word_1_400' title='bbox 2095 4064 2352 4141; x_wconf 61' lang='lat' dir='ltr'><strong>refulsit,</strong></span> <span class='ocrx_word' id='word_1_401' title='bbox 2400 4073 2474 4123; x_wconf 89' lang='lat' dir='ltr'><strong>ut</strong></span> 
     </span>
     <span class='ocr_line' id='line_1_80' title="bbox 1392 4149 2470 4233; baseline -0.004 -21"><span class='ocrx_word' id='word_1_402' title='bbox 1392 4173 1543 4233; x_wconf 78' lang='lat' dir='ltr'><strong>opus</strong></span> <span class='ocrx_word' id='word_1_403' title='bbox 1560 4152 1657 4211; x_wconf 80' lang='lat' dir='ltr'><strong>vel</strong></span> <span class='ocrx_word' id='word_1_404' title='bbox 1676 4159 2097 4211; x_wconf 83' lang='lat' dir='ltr'><strong>ornamentum</strong></span> <span class='ocrx_word' id='word_1_405' title='bbox 2121 4149 2470 4222; x_wconf 87' lang='lat' dir='ltr'><strong>eburneum,</strong></span> 
     </span>
     <span class='ocr_line' id='line_1_81' title="bbox 1391 4239 2471 4317; baseline -0.006 -20"><span class='ocrx_word' id='word_1_406' title='bbox 1391 4246 1734 4317; x_wconf 82' lang='lat' dir='ltr'><strong>argenteum</strong></span> <span class='ocrx_word' id='word_1_407' title='bbox 1764 4239 1861 4297; x_wconf 79' lang='lat' dir='ltr'><strong>vel</strong></span> <span class='ocrx_word' id='word_1_408' title='bbox 1889 4254 2293 4296; x_wconf 84' lang='lat' dir='ltr'><strong>marmoreum</strong></span> <span class='ocrx_word' id='word_1_409' title='bbox 2321 4253 2471 4292; x_wconf 89' lang='lat' dir='ltr'><strong>auro</strong></span> 
     </span>
     <span class='ocr_line' id='line_1_82' title="bbox 1387 4319 2469 4401; baseline -0.009 -17"><span class='ocrx_word' id='word_1_410' title='bbox 1387 4325 1684 4384; x_wconf 65' lang='lat' dir='ltr'><strong>inclusum</strong></span> <span class='ocrx_word' id='word_1_411' title='bbox 1701 4369 1718 4401; x_wconf 91' lang='lat'><strong>,</strong></span> <span class='ocrx_word' id='word_1_412' title='bbox 1777 4342 1958 4383; x_wconf 85' lang='lat' dir='ltr'><strong>aurea</strong></span> <span class='ocrx_word' id='word_1_413' title='bbox 2005 4342 2110 4381; x_wconf 91' lang='lat' dir='ltr'><strong>ora</strong></span> <span class='ocrx_word' id='word_1_414' title='bbox 2154 4319 2469 4390; x_wconf 84' lang='lat' dir='ltr'><strong>ambiente,</strong></span> 
     </span>
     <span class='ocr_line' id='line_1_83' title="bbox 1389 4399 2473 4489; baseline -0.009 -18"><span class='ocrx_word' id='word_1_415' title='bbox 1389 4430 1509 4489; x_wconf 83' lang='lat' dir='ltr'><strong>qua</strong></span> <span class='ocrx_word' id='word_1_416' title='bbox 1578 4428 1656 4469; x_wconf 84' lang='lat' dir='ltr'><strong>ex</strong></span> <span class='ocrx_word' id='word_1_417' title='bbox 1720 4409 1850 4470; x_wconf 90' lang='lat' dir='ltr'><strong>auri</strong></span> <span class='ocrx_word' id='word_1_418' title='bbox 1902 4406 2220 4488; x_wconf 84' lang='lat' dir='ltr'><strong>splendore</strong></span> <span class='ocrx_word' id='word_1_419' title='bbox 2274 4399 2473 4483; x_wconf 83' lang='lat' dir='ltr'><strong>ipsum</strong></span> 
     </span>
    </p>
   </div>
  </div>
 </body>
</html>
