2882 5028
449 401 604 473 300

944 391 1028 464 P.
1084 387 1606 464 VIRGILII
1656 384 2213 462 MARONIS

450 575 824 655 Perfusus
854 575 1071 652 sanie
1113 574 1337 648 vittas
1369 586 1702 674 atroque
1731 596 2088 664 venen03

453 680 869 758 Clamores
903 676 1135 752 simul
1165 676 1619 751 horrendos
1647 676 1744 751 ad
1774 674 2028 751 sidera
2063 672 2300 752 tollit:

450 781 721 879 Qualis
747 781 1127 878 mugituS,
1168 777 1368 878 fugit
1403 806 1653 881 quum
1687 779 1990 854 saucius
2022 803 2236 853 aram

449 893 791 979 TauruS,
818 907 825 914 ’
850 897 930 960 et
958 884 1336 960 incertam
1372 886 1699 959 excussit
1732 883 2033 958 cervice
2066 881 2426 957 securim.

446 991 555 1066 Αἵ
577 987 874 1086 gemini
902 986 1124 1086 lapsu
1156 986 1486 1062 delubra
1521 988 1619 1062 ad
1654 1011 1966 1062 summa
2001 984 2388 1060 dracones

2547 987 2696 1062 226

446 1092 898 1189 Effugiunt‚
952 1114 1392 1190 saevaeque
1421 1095 1708 1190 petunt
1736 1089 2169 1166 Tritonidis
2200 1112 2489 1182 arcem,

452 1196 617 1271 Sub
652 1194 1157 1295 pedibusque
1188 1193 1386 1269 deae
1422 1193 1818 1295 clipeique
1844 1192 1991 1268 sub
2022 1192 2221 1268 orbe
2256 1202 2650 1288 teguntur.

583 1406 683 1459 221
719 1402 982 1475 perfusas
1027 1402 1232 1470 aliquot
1270 1402 1617 1470 apudBnrm.
1691 1404 1883 1453 aoniae
1928 1402 2064 1453 Gud.
2104 1411 2159 1451 et
2202 1402 2356 1451 Voss.
2419 1399 2500 1467 (et
2531 1400 2693 1448 vinos

441 1474 563 1526 Alb.
597 1478 683 1527 W
676 1476 743 1540 r.)

886 1474 989 1527 223
1027 1473 1218 1538 Qualis
1251 1471 1712 1523 Grammaticorum
1757 1480 1813 1522 et
1855 1472 2103 1523 Codicum
2143 1469 2455 1520 auctoritate
2499 1465 2692 1534 recepit

441 1543 625 1594 Heius.
694 1541 868 1609 Vulgo
891 1543 1100 1612 quoles.
1168 1543 1263 1592 Est
1288 1552 1462 1592 tamen
1488 1552 1543 1592 et
1574 1542 1754 1610 qualis
1775 1541 1843 1591 de
1871 1540 2062 1608 plurali
2091 1538 2463 1608 accipiendum.
2526 1537 2688 1605 (putaz

443 1613 653 1682 qualis,
703 1612 738 1662 i.
789 1629 835 1662 e.
870 1612 1063 1681 quales
1096 1630 1163 1661 m.
1200 1611 1425 1661 tollit.
1470 1613 1614 1677 Wr.)
1686 1612 1930 1680 mugitus
1970 1610 2147 1662 veluti
2181 1609 2324 1675 apud
2362 1605 2600 1670 Maorob.
2647 1606 2688 1654 11

441 1687 553 1734 Sat.
581 1682 631 1735 5.
669 1691 724 1732 at
750 1681 888 1731 idem
914 1681 1006 1731 lib.
1038 1683 1127 1739 VI.
1166 1681 1232 1735 18
1265 1681 1459 1744 Qualis
1498 1699 1565 1731 m.
1635 1680 1790 1749 Apud
1817 1681 2052 1731 Lactant.
2093 1679 2161 1729 de
2184 1679 2256 1728 M.
2283 1679 2492 1729 Persec-
2512 1676 2583 1730 33
2609 1675 2688 1724 vi-

440 1751 579 1802 tiose
606 1751 880 1801 laudatur:
914 1751 1108 1819 quoles
1130 1753 1372 1820 mugitus
1394 1750 1561 1820 fingit
1593 1751 1819 1800 saucius
1848 1761 2064 1800 taurus.
2134 1765 2288 1798 aram
2313 1746 2497 1796 Heius.
2525 1762 2589 1796 ex
2620 1744 2689 1795 li-

439 1820 568 1884 bris,
602 1830 729 1888 post
750 1818 1007 1880 Pieriam,
1041 1819 1303 1885 probavit.
1369 1818 1546 1886 Vulgo
1569 1836 1721 1870 oras.

1853 1818 1959 1872 224
1991 1818 2222 1869 securim
2247 1833 2345 1885 per
2366 1818 2391 1867 ι’
2412 1813 2688 1881 Virgilium

441 1889 731 1957 scripsisse,
765 1888 925 1939 Probi
950 1888 1149 1939 Valerii
1168 1888 1478 1939 testimonio,
1502 1897 1711 1939 constat
1739 1888 1878 1955 apud
1906 1887 2049 1939 Geli.
2066 1888 2211 1950 XIII,
2236 1888 2324 1939 20.
2425 1887 2537 1939 225
2553 1884 2691 1953 lapsi

440 1959 577 2010 alter
600 1959 805 2021 Hamb„
840 1958 934 2008 sed
957 1958 1062 2009 vid.
1089 1968 1200 2008 not.

1337 1960 1446 2011 226
1480 1957 1794 2026 Diffugiunt
1823 1957 1958 2008 alter
2001 1956 2187 2007 Humb.
2230 1955 2283 2006 in
2322 1954 2547 2006 Collect.
2572 1958 2687 2004 Sex.

441 2026 763 2108 (diffugstmt
789 2026 939 2077 etiam
966 2026 1158 2078 Medic.
1188 2045 1273 2107 ap.
1299 2028 1339 2076 F
1343 2043 1494 2093 ogg.;
1537 2043 1709 2094 neque
1739 2026 1911 2090 aliter,
1947 2037 2006 2076 nt
2031 2025 2268 2087 videtur,
2300 2025 2505 2084 Palat.;
2557 2022 2686 2072 idem

438 2099 631 2148 Donati
662 2095 981 2165 expositioni
1017 2105 1395 2163 praescriptum
1411 2096 1587 2146 video·
1654 2100 1745 2158 Ac,
1780 2096 1881 2146 nisi
1907 2097 2048 2146 forte
2074 2093 2377 2163 dtffugiunt
2405 2111 2434 2143 e
2467 2111 2546 2142 vs.
2572 2093 2684 2145 212.

438 2165 662 2235 petitum
680 2205 696 2228 ‚
745 2167 917 2217 locum
945 2165 1033 2217 hie
1062 2178 1331 2232 utrumque
1366 2165 1600 2216 verbum·
1624 2165 1807 2216 habet:
1844 2164 2065 2232 effugi
2084 2181 2182 2214 mu
2198 2182 2223 2214 s
2262 2162 2398 2213 enim
2436 2161 2683 2231 pericula,

438 2245 754 2306 potestatem
791 2233 1035 2300 alterius,
1086 2236 1331 2295 visum5
1383 2234 1793 2301 diffugimus
1856 2236 1939 2285 vel
1989 2235 2042 2284 in
2080 2232 2249 2284 varias
2286 2243 2466 2302 partes
2503 2230 2686 2291 eundo,

436 2304 518 2357 vel
567 2304 777 2355 omuino
826 2304 1014 2355 disce
1033 2306 1154 2355 den
1173 2304 1209 2354 d
1226 2321 1258 2355 o
1309 2321 1374 2354 ex
1395 2303 1588 2371 -aliquo
1624 2304 1779 2363 loco;
1856 2305 1957 2355 hoc
2001 2302 2211 2371 quidem
2265 2302 2332 2352 ad
2378 2300 2684 2356 sententiam

438 2375 612 2442 aptius
638 2374 860 2425 videtur.
931 2373 1144 2425 Interim
1170 2391 1254 2424 res
1281 2372 1335 2423 in
1362 2373 1536 2424 medio
1573 2373 1930 2440 relinquenda.
1976 2372 2117 2436 Wr.)
2196 2372 2520 2423 Tritonidos
2550 2370 2682 2437 apud

436 2444 672 2496 Macrob.
700 2445 775 2498 lv
800 2447 909 2495 Sat.
931 2443 985 2509 4,
1022 2454 1076 2495 et
1107 2443 1226 2494 edd.
1252 2442 1457 2494 Fabrio.
1487 2452 1542 2493 et
1563 2443 1781 2511 Cuniug.

436 2620 526 2678 bis·
567 2619 655 2680 ita
699 2621 940 2700 proprie
989 2620 1216 2679 dictum
1271 2621 1516 2700 accipio.

437 2705 518 2764 At
562 2706 613 2764 si
639 2708 791 2765 collo
837 2708 1082 2785 proprie
1123 2707 1357 2765 dictum
1398 2705 1514 2764 ha-

433 2792 605 2867 beas,
649 2792 813 2870 quod
851 2792 944 2849 bis
982 2793 1056 2849 ab
1092 2803 1354 2870 utroque
1381 2812 1513 2849 ser-

431 2887 610 2957 pente
642 2877 1001 2937 circumdari
1027 2878 1131 2938 vix
1157 2879 1378 2957 potuit,
1422 2877 1513 2935 bis

432 2973 615 3039 esset,
657 2963 814 3021 binis
841 2964 1045 3042 spiriS,
1089 2982 1194 3023 seu
1233 2964 1516 3024 binorum

437 3058 780 3127 serpentum
806 3050 985 3128 spira.
1332 3088 1333 3095 κ

514 3134 901 3199 220—224.
973 3133 1090 3192 Pro
1140 3134 1515 3212 serpentibus

334 3268 343 3277 .
434 3219 611 3278 docte
666 3219 852 3276 nodo-s·
906 3219 1108 3297 ponit;
1177 3228 1237 3275 et
1288 3218 1514 3298 egregie

430 3304 510 3362 ad
550 3302 867 3361 horrorem
901 3304 1044 3371 facit
1069 3324 1128 3362 v.
1163 3307 1308 3379 221,
1349 3303 1514 3381 quod

428 3392 647 3463 vittas,
710 3389 931 3447 insulas
972 3389 1314 3461 sacerdotis»,
1363 3410 1507 3447 nar-

427 3484 544 3534 rat.
655 3474 984 3535 Clamores:
1064 3493 1241 3555 super
1297 3473 1390 3532 his
1449 3495 1508 3533 v.

428 3561 679 3620 Excurs.
734 3559 811 3618 ad
865 3558 926 3618 h.
965 3581 1057 3635 v.;
1129 3566 1273 3619 sunt
1311 3569 1511 3619 autem

426 3646 730 3726 praeclare
757 3646 1084 3724 comparati
1111 3646 1186 3705 ad
1214 3656 1512 3704 terrorem

428 3731 639 3790 animis
658 3731 1059 3792 iniiciendum.
1106 3735 1393 3791 irwertam
1414 3754 1511 3788 se-

425 3820 615 3875 curim
650 3838 773 3877 non
820 3819 963 3876 satis
996 3827 1156 3876 certo
1200 3826 1262 3877 et
1307 3817 1511 3877 valido

423 3904 551 3962 ictu
626 3903 985 3981 depressam.
1112 3904 1512 3963 imitationem

427 3990 682 4047 Senecae
710 3989 911 4067 Agam.
951 3993 1075 4053 777
1111 3993 1331 4046 cervice
1366 4003 1510 4046 eau-

420 4097 524 4133 rus·
572 4076 791 4133 vulnus
822 4078 1099 4132 mcemem
1128 4075 1340 4153 seren-s·
1371 4074 1509 4132 lau-

425 4161 533 4219 dat
592 4161 795 4218 Burm.
899 4158 1070 4218 Adde
1112 4160 1286 4217 aliam
1341 4159 1505 4237 apud

420 4247 633 4305 Silium
689 4245 770 4318 V,
844 4246 944 4310 64.
998 4246 1096 4309 65.
1198 4245 1508 4323 Sapienter

421 4342 622 4392 autem
646 4331 803 4390 bove
824 4350 944 4388 non
975 4350 1348 4408 quacunque,
1382 4330 1505 4405 sed,

420 4427 488 4477 ut
522 4417 876 4499 dignitatem
903 4436 999 4477 res
1028 4415 1297 4494 haberet,
1348 4416 1507 4478 bove

1921 2444 2025 2498 227
2061 2442 2242 2512 οζγιιεί
2263 2438 2363 2492 sub
2392 2442 2580 2492 Franc.

1600 2620 1843 2679 victima
1898 2620 1962 2679 in
2031 2617 2478 2697 comparatione
2545 2635 2682 2675 usus

1600 2715 1721 2780 est3
1764 2705 1928 2781 quod
1961 2705 2077 2762 iam
2105 2706 2168 2763 in
2211 2724 2380 2761 sacro
2420 2701 2680 2780 Neptuni

1598 2790 1889 2849 Heliconii
1924 2791 2149 2849 fecerat
2188 2789 2489 2847 Homerus
2536 2788 2679 2857 loco,

1600 2896 1777 2953 quem
1809 2886 2015 2935 noster
2038 2885 2177 2933 ante
2210 2874 2415 2933 oculos
2445 2871 2676 2946 habuit,

1601 2961 1769 3020 Iliad.
1799 2985 1857 3037 v,
1905 2960 2283 3024 403—405.
2327 2958 2485 3017 Male
2517 2978 2678 3018 com-

1595 3056 1816 3129 parant
1841 3046 2006 3106 Iliad.
2039 3071 2092 3126 ρ,
2142 3048 2267 3110 520
2295 3065 2421 3123 sqq.

1683 3137 2063 3205 225—227.
2121 3134 2337 3208 Lapsa
2378 3131 2677 3211 effugiunt

1601 3228 1813 3278 ornate
1828 3238 1941 3296 pro
1960 3216 2268 3291 labuntur,
2293 3226 2571 3296 serpunt;
2602 3233 2674 3271 ne

1598 3306 1780 3381 lapsu
1798 3303 1955 3362 nude
1971 3312 2128 3361 stare
2143 3311 2336 3381 putes.
2363 3301 2515 3383 (labi
2524 3320 2667 3380 pro-

1592 3391 1723 3470 prie
1764 3390 1837 3449 de
1866 3389 2254 3468 serpentibus,
2311 3385 2487 3469 Wr.)
2562 3385 2664 3442 de-

1593 3475 1765 3533 lubra
1794 3476 1883 3533 ad
1903 3496 2160 3550 stamma,
2193 3474 2495 3533 Minervae
2519 3464 2670 3529 te‘inss

1596 3561 1762 3641 plum
1805 3561 1870 3619 in
1910 3579 2045 3619 arce
2087 3580 2335 3618 summa.
2409 3560 2670 3634 (Homer.

1596 3647 1658 3705 ll.
1709 3646 1821 3722 VI,
1881 3650 2055 3720 297.:
2114 3646 2223 3721 „af
2282 3640 2344 3706 δ’
2379 3640 2476 3707 ὅτε
2527 3639 2673 3722 νηὸν

1596 3733 1813 3794 ’ἵκανον
1850 3725 2124 3810 Ἀθήνης
2157 3731 2220 3793 ἐν
2260 3725 2426 3793 πόλει
2459 3727 2615 3813 ἄκρῃ
2636 3732 2671 3762 “

1604 3820 1711 3879 W
1700 3816 1772 3898 r.)
1837 3817 2111 3877 Minerva
2135 3816 2197 3876 h.
2220 3816 2257 3874 l.
2289 3837 2500 3889 saeva,
2551 3815 2669 3873 ira-

1597 3914 1672 3962 ta»
1706 3903 1997 3962 Troianis.
2085 3902 2166 3961 At
2214 3901 2548 3960 Palladium
2598 3920 2670 3958 ex

1596 4008 1731 4047 arce
1781 3990 2095 4068 abreptum
2155 4008 2334 4066 supra
2397 3988 2669 4059 vidimus,

1595 4095 1654 4134 v.
1689 4076 1842 4139 164:
1886 4074 2051 4135 unde
2096 4093 2232 4152 ergo
2262 4072 2322 4131 h.
2353 4073 2391 4131 l.
2416 4073 2669 4132 Palladis

1590 4160 1863 4238 signum?
1909 4160 2231 4219 dicendum
2252 4160 2492 4232 scilicet,
2518 4160 2676 4233 suis-

1589 4266 1651 4303 se
1687 4246 1850 4305 aliud
1885 4267 1954 4305 ac
1993 4246 2298 4323 diversum
2332 4246 2407 4303 ab
2437 4246 2539 4304 illo
2570 4263 2667 4303 ar·-

1591 4352 1772 4390 canae
1804 4332 2105 4410 religionis
2119 4331 2403 4390 Palladio.
2450 4331 2666 4390 cf.Ex-

1593 4438 1746 4479 curs.
1781 4418 1871 4477 IX
1904 4426 2060 4479 extr.
2103 4417 2180 4477 ad
2216 4418 2287 4494 ll,
2332 4421 2473 4483 293.
2560 4412 2666 4474 sub
