2882 5028
417 348 571 426 956

899 341 982 415 Ρ.
1035 336 1543 417 VIRGILII
1593 332 2148 413 MARONIS

415 534 832 607 Musaeum
876 538 1058 602 ante
1091 523 1387 618 omnis;
1441 520 1808 598 medium
1837 546 2027 597 nam
2057 521 2397 624 plurima
2438 519 2676 599 turba

415 635 649 710 Hunc
731 629 1009 728 habet,
1098 641 1338 728 atque
1417 626 1773 702 humeris
1843 639 2276 704 exstantem
2345 628 2679 728 suspicit

1585 728 1655 804 al
1663 730 1755 804 tis
1771 762 1789 807 z

415 835 705 930 Dicite,
760 833 1031 912 felices
1079 834 1424 931 animae,
1482 847 1769 934 tuque,
1825 832 2130 932 optime
2153 843 2408 924 vates;

418 943 641 1035 Quae
703 940 926 1038 regio
998 938 1437 1034 Anchisen,
1520 937 1695 1039 quis
1773 935 2018 1015 hahet
2083 934 2357 1012 locus?
2469 933 2676 1009 illius

1581 1062 1771 1137 ergo
2522 1046 2677 1117 670

412 1147 840 1241 VenimuS,
894 1156 975 1221 et
1015 1166 1347 1241 magnos
1384 1142 1626 1221 Erebi
1666 1143 2141 1218 tranavimus
2182 1141 2468 1219 amniS.

413 1254 676 1349 Atque
716 1246 901 1324 huic
930 1271 1406 1348 responsum
1443 1247 1713 1348 paucis
1754 1247 1857 1321 ita
1890 1242 2243 1321 reddidit
2284 1243 2575 1321 heros:

409 1351 624 1430 Nulli
660 1364 871 1427 certa
903 1352 1212 1427 domus,

1318 1352 1548 1427 Lucis
1577 1349 2026 1425 habitamus
2061 1348 2349 1446 opaciS,

412 1456 964 1555 Riparumque
1007 1467 1231 1530 toros
1274 1467 1355 1530 et
1396 1467 1619 1555 prata
1658 1454 2006 1529 recentia
2047 1450 2227 1525 rivis

412 1557 872 1634 IncolimuS.

1008 1556 1171 1632 Sed
1247 1582 1437 1655 v08,
1528 1557 1591 1632 si
1655 1553 1814 1632 fert
1877 1558 1980 1632 ita
2053 1552 2300 1631 corde
2379 1549 2672 1626 volun-

1575 1673 1715 1756 ωε,
2519 1659 2672 1734 675

411 1763 587 1839 Hoc
641 1777 1009 1865 superate
1056 1764 1370 1865 iugum3
1427 1774 1508 1838 et
1548 1760 1758 1839 facili
1806 1761 1964 1836 iam
2016 1760 2335 1835 tramite
2374 1758 2668 1836 sistam.

546 1991 652 2045 667
678 1991 950 2054 Muscam,
985 1989 1065 2057 (ut
1088 1990 1143 2041 in
1183 1988 1375 2041 Medic.
1407 1986 1549 2055 Wr.)

959 2061 1063 2115 668
1100 2059 1272 2112 oculis
1296 2070 1432 2110 exst.
1461 2057 1724 2123 Parrhas„
1765 2056 1921 2108 male.
1990 2054 2138 2106 susci
2173 2056 2218 2104 it
2244 2054 2494 2106 nonnulli
2531 2052 2667 2122 apud

411 2059 522 2109 iam
555 2058 659 2111 duo
687 2057 854 2112 Goth.

407 2128 683 2181 Burmann.

789 2128 893 2181 669
923 2131 1129 2180 Discite
1149 2140 1255 2180 tres
1271 2130 1540 2180 Burmann.
1570 2145 1632 2179 ex
1659 2143 1822 2178 more.
1876 2127 2078 2196 optima

408 2199 664 2249 navimus
686 2196 887 2247 Nonius
912 2197 968 2246 in
998 2215 1143 2266 ergo,
1194 2206 1250 2248 et
1281 2198 1443 2249 Goth.
1474 2214 1578 2248 sec.

1602 1991 1927 2049 Musenum,
1971 1984 2107 2037 male
2135 1983 2361 2036 librarii.
2435 1985 2669 2036 medium

2155 2122 2243 2174 ud.
2349 2127 2456 2179 671
2475 2137 2665 2175 trans-

1655 2198 1733 2263 (ln
1766 2195 1956 2247 Medic.
2002 2192 2252 2262 scriptum
2295 2191 2663 2256 tranmavcb,

409 2264 503 2328 sic,
539 2266 634 2316 sed
670 2267 876 2335 punctis
917 2276 1128 2317 notatae
1161 2278 1283 2317 sunt
1319 2284 1404 2329 ns,
1472 2277 1530 2317 ut
1567 2265 1854 2322 delendaez
1906 2273 1962 2314 et
2002 2266 2353 2313 tranavimus
2391 2271 2572 2313 exstat
2611 2260 2664 2311 in

404 2334 574 2400 fragm

580 2370 592 2384 .
627 2334 795 2385 Vatic.
849 2334 933 2385 Sic
958 2334 1150 2402 ubique
1175 2334 1364 2386 literae
1390 2353 1460 2386 ns
1486 2345 1606 2386 ante
1632 2336 1687 2399 d,
1712 2337 1764 2415 j,
1796 2352 1852 2398 n,
1885 2333 1942 2383 in
1974 2332 2280 2399 compositis
2311 2331 2663 2390 abiiciuntur3

403 2401 528 2454 hinc
552 2403 665 2454 fieri
691 2401 893 2472 potuit,
947 2412 1006 2452 ut
1031 2404 1098 2466 V,
1133 2403 1256 2458 488.
1288 2422 1390 2472 pro
1419 2407 1651 2455 traiecto
1681 2399 1848 2471 prulia
1889 2418 2066 2453 manus
2104 2402 2337 2452 traiecto
2375 2402 2662 2462 scriberem

404 2471 697 2524 retinentur
733 2471 956 2524 eaedem
993 2470 1181 2525 literae
1219 2485 1340 2526 aute
1378 2492 1423 2539 c,
1448 2471 1503 2544 s,
1539 2492 1605 2539 m,
1633 2492 1692 2544 p,
1730 2485 1769 2537 t,
1805 2491 1859 2534 v,
1893 2469 1997 2523 nisi
2033 2469 2175 2538 quod
2213 2471 2312 2533 xl,
2337 2472 2463 2527 667.
2500 2485 2661 2522 tran-

404 2541 687 2606 verberat,
722 2542 1041 2610 typothetae
1066 2542 1288 2594 forsitan
1312 2560 1517 2607 errore,
1553 2551 1853 2608 ‘expressum
1882 2552 1985 2602 est3
2024 2538 2251 2607 denique
2276 2540 2396 2592 sola
2436 2560 2467 2593 s
2502 2540 2659 2591 omit-

404 2611 533 2662 titur
566 2622 816 2681 sequente
846 2611 1028 2662 eadem
1059 2630 1303 2675 consona,
1338 2623 1394 2663 ut
1418 2613 1694 2678 transilit,
1729 2609 2109 2663 transcribere.
2145 2638 2213 2648 —
2249 2627 2446 2662 amnes
2473 2610 2659 2662 Medic.

409 2682 558 2747 Wr.)
662 2680 767 2734 672
796 2681 884 2733 hic
904 2682 1121 2732 Oudart.
1224 2681 1327 2736 673
1372 2682 1534 2733 Nulli
1572 2694 1657 2732 est
1690 2683 1897 2748 Menag.
1936 2696 2018 2749 pr.

2124 2680 2194 2732 67
2194 2677 2230 2732 4
2244 2680 2507 2731 ,virentia
2532 2682 2659 2730 Par-

403 2750 548 2802 rhas.
577 2760 632 2800 et
660 2751 716 2800 in
745 2768 907 2817 marg.
937 2749 1157 2802 Dorvill.
1188 2769 1250 2801 ex
1281 2752 1501 2818 interpr.
1537 2752 1604 2802 cf.
1631 2752 1902 2801 Burmann.
1973 2767 2019 2800 r.
2045 2747 2202 2800 silvis
2222 2749 2376 2800 Rom.
2402 2758 2463 2800 et
2491 2750 2657 2817 Bigot.

403 2820 511 2875 675
549 2820 809 2891 voluptas
850 2821 1033 2871 Franc.
1074 2829 1133 2871 et
1175 2819 1260 2871 ed.
1299 2823 1455 2883 lunt„
1517 2831 1574 2871 ut
1612 2829 1667 2870 et
1700 2819 1837 2872 Pier.
1889 2817 2107 2885 aliquot.

2246 2819 2356 2874 676
2392 2837 2660 2891 superare

410 2889 576 2940 Goth.
604 2899 730 2940 tert.
767 2900 823 2941 et
848 2890 1032 2943 Franc.
1091 2887 1147 2961 f
1177 2907 1277 2942 vos
1302 2901 1342 2940 t.
1367 2888 1571 2960 aliquot
1595 2889 1730 2942 Pier.
1801 2889 1995 2941 ducam
2028 2888 2164 2940 Ven.

400 3080 617 3140 Linum
676 3082 773 3141 vel
822 3080 1130 3140 Musaeum
1184 3080 1487 3159 surrogari

398 3166 622 3246 potuit.
732 3167 945 3245 Magna
999 3175 1198 3226 autem
1257 3166 1484 3225 Musaei

399 3253 726 3312 auctoritas
771 3262 1023 3331 propter
1072 3252 1382 3331 religiones
1422 3261 1508 3312 et'

396 3337 606 3396 teletas
632 3336 973 3413 institutas3
1029 3347 1091 3397 et
1116 3338 1285 3397 facile
1319 3357 1485 3396 nunc

398 3422 525 3481 eius
554 3422 1039 3482 commemoratio
1086 3422 1147 3482 h.
1173 3423 1213 3482 l.
1242 3422 1482 3502 opinio-

395 3528 533 3567 nem
570 3527 813 3567 movere
853 3517 1078 3589 potest,
1136 3517 1375 3589 poetam
1406 3507 1483 3567 de

394 3593 579 3653 initiis
624 3593 941 3672 cogitasse,
1001 3615 1137 3654 cum
1182 3614 1258 3653 ex
1300 3594 1479 3653 nobi-

391 3679 624 3739 lissimis
651 3678 1065 3758 hierophantis
1093 3698 1282 3740 unum
1308 3701 1481 3740 com-

391 3774 699 3826 memoret.
799 3767 1073 3825 Ceterum
1119 3766 1200 3825 ad
1248 3765 1478 3825 Home-

390 3871 531 3912 rum
553 3852 616 3911 in
662 3851 834 3910 simili
872 3851 1005 3910 loco
1035 3871 1161 3911 rem
1199 3862 1473 3912 transtu·

391 3937 464 3997 lit
477 3937 780 4017 praeclare
808 3937 982 3996 Silius
1011 3937 1173 4012 XIII,
1199 3942 1325 4003 780
1347 3959 1474 4016 sqq.

475 4027 619 4087 667.
667 4027 811 4089 668.
864 4023 1025 4094 Bene
1071 4021 1189 4082 hoc
1240 4043 1316 4082 ex
1358 4022 1473 4082 he·—

387 4127 563 4168 roum
614 4117 818 4168 aetate
856 4119 917 4168 et
957 4108 1250 4187 opinione.
1319 4109 1472 4169 Nam

386 4193 469 4252 ad
536 4194 842 4253 Platonem
908 4214 1045 4253 eum
1118 4195 1470 4273 respexisse,

386 4279 550 4359 apud
594 4281 869 4341 Servium
929 4280 1074 4341 levis
1125 4280 1472 4340 coniectura

381 4372 491 4423 est.
575 4364 674 4423 Ad
705 4367 890 4426 verba
925 4368 996 4426 cs.
1024 4365 1194 4426 Iliad.
1219 4389 1273 4449 y,
1318 4369 1467 4433 226.

1567 3086 1713 3147 227.
1775 3078 2054 3162 (-669.
2098 3084 2344 3160 optime,
2393 3101 2481 3140 ne
2504 3082 2658 3142 sorte

1567 3168 1915 3247 praecipuas
1955 3168 2243 3246 quasdam
2279 3176 2494 3246 partes
2519 3167 2657 3227 Mu-

1568 3272 1702 3313 saeo
1746 3253 1874 3313 vati
1912 3253 2099 3312 tribui
2133 3253 2477 3327 existimes,
2536 3274 2655 3313 vox

1568 3346 1683 3412 est,
1727 3349 1800 3398 ut
1840 3358 2045 3417 saepe,
2116 3338 2338 3400 blande
2386 3340 2656 3420 compel-

1566 3424 1778 3500 lantis,
1841 3426 2136 3485 Graecum
2166 3417 2219 3486 ὦ
2250 3429 2484 3507 λῷστε·
2534 3425 2655 3485 vid.

1564 3510 1727 3588 Eleg.
1785 3510 1863 3568 ad
1904 3510 2138 3569 Messal.
2193 3530 2255 3590 p.
2297 3516 2406 3575 31.
2482 3513 2655 3587 Wr.)

1561 3594 1710 3655 Mox
1738 3595 1863 3659 674
1887 3605 2117 3672 ornate,
2159 3616 2273 3675 pro
2301 3596 2489 3674 ripis3
2533 3596 2653 3678 (ri-

1562 3701 1831 3762 parum
1873 3683 2025 3741 tori
2064 3690 2208 3741 sunt
2235 3682 2408 3759 ripae
2435 3682 2506 3741 in
2534 3682 2651 3742 tori

1561 3768 1812 3846 speciem
1848 3776 2168 3846 surgentes,
2196 3768 2483 3847 supinae;
2529 3768 2651 3828 vid.

1559 3852 1739 3933 Ilgen.
1764 3852 1843 3911 ad
1872 3854 2015 3933 Cop.
2053 3873 2143 3913 vs.
2174 3854 2234 3918 5.
2283 3850 2469 3933 W.)
2555 3877 2649 3912 re·

1558 3943 1753 3998 centia
1790 3947 1927 3998 sunt
1968 3941 2117 3997 rivis
2134 3983 2153 4013 ‚
2198 3936 2262 3998 h.
2295 3958 2346 3999 e.
2388 3940 2645 3999 virentia

1555 4034 1805 4104 propter
1836 4024 2061 4083 vicinas
2102 4044 2318 4102 aquas3
2361 4035 2435 4084 ut
2478 4028 2645 4084 Serv.

1558 4112 1712 4170 cons.
1755 4111 1957 4169 Burm.
2005 4119 2065 4168 et
2110 4130 2167 4169 v.
2225 4110 2355 4174 676
2401 4114 2638 4183 sistam,

1554 4215 1663 4256 vos
1694 4195 1771 4254 ad
1799 4216 1936 4255 eum
1957 4195 2252 4254 deducam
2269 4195 2431 4255 sacili
2455 4207 2516 4253 et
2532 4217 2639 4255 ex-

1552 4281 1760 4361 pedita
1831 4282 1961 4356 via,
2050 4281 2254 4359 quales
2318 4281 2382 4340 iu
2440 4282 2639 4361 Elysio

1528 4367 1800 4426 ,omnino
1843 4386 1967 4426 esse
1994 4369 2122 4426 vias
2149 4365 2397 4427 credere
2420 4367 2509 4427 sas
2534 4376 2631 4425 est.
