2882 5028
473 355 620 431 106

462 539 619 612 Per
642 533 899 608 varios
933 557 1187 628 casm,

461 740 942 817 Ostendunt.

983 349 1063 422 P.
1122 346 1651 424 VIRGILII
1703 347 2264 425 MARONIS

1248 557 1397 634 per
1429 546 1555 609 tot
1590 532 2042 609 discrimina
2082 559 2383 632 rerum,

464 635 909 715 Tendimus
939 638 1018 710 in
1055 638 1404 713 Latium:
1459 635 1693 713 sedes
1717 638 1857 714 ubi
1896 635 2054 713 fata
2085 639 2388 739 quietas

1049 739 1221 816 Illic
1253 738 1371 814 fas
1396 763 1643 839 regna
1670 764 2088 839 resurgere
2127 741 2438 820 Troiae.

2572 645 2755 718 205

458 849 791 939 Durate,
849 856 930 918 et
955 856 1272 919 vosmet
1297 845 1544 920 rebus
1575 859 1879 921 servate
1911 845 2301 922 secundis.

566 945 782 1025 Talia
815 972 1014 1022 voce
1047 946 1332 1040 refert3
1384 951 1752 1049 curisque
1786 948 2239 1049 ingentibus
2273 971 2508 1045 aeger

462 1054 515 1129 S
580 1077 710 1128 em
745 1048 966 1127 voltu
995 1049 1345 1149 simulat,
1399 1053 1696 1153 premit
1731 1051 1978 1128 altum
2029 1050 2274 1128 corde
2321 1049 2744 1131 dolorem.

458 1079 577 1232 Illi
614 1180 702 1231 se
727 1152 1075 1256 praedae
1112 1154 1548 1254 adcingunt
1576 1154 2076 1259 dapibusque
2110 1152 2431 1232 futuris:

2559 1165 2748 1235 210

596 1348 704 1402 206
737 1346 896 1398 sedes
914 1345 991 1399 ibi
1013 1343 1168 1399 codd.
1196 1347 1337 1417 apud
1365 1346 1505 1399 Pier-
1574 1348 1775 1418 qm'etis
1812 1364 1887 1400 ac.
1910 1345 2097 1413 nobis,
2144 1356 2293 1399 vetus
2327 1346 2437 1398 MS.
2463 1364 2554 1415 ap.
2582 1364 2741 1397 eun-
2761 1313 2775 1323 .

459 1416 597 1468 dem.

733 1418 842 1471 207
876 1416 1085 1468 durare
1120 1425 1177 1468 et
1203 1434 1430 1469 servare
1457 1434 1590 1468 unus
1626 1416 1811 1467 Heins.

1950 1418 2056 1471 209
2098 1417 2215 1468 aleo
2261 1416 2427 1468 corde
2460 1416 2740 1469 nouend.

457 1503 537 1553 pr.
574 1486 712 1537 alter
749 1486 937 1540 Hamb.
977 1486 1163 1552 Puget.
1205 1485 1356 1538 Leid.
1406 1502 1495 1537 uu.
1540 1486 1698 1537 etiam
1757 1484 1961 1555 aliquot
2004 1485 2166 1539 Pierii
2207 1503 2306 1537 nec
2342 1485 2446 1536 hoc
2477 1483 2738 1538 indocte.

459 1555 646 1606 Exulat
684 1556 737 1606 h.
770 1555 807 1608 l.
847 1568 902 1606 ει
941 1565 1061 1606 ante
1097 1557 1329 1637 premia
1380 1555 1526 1625 quod
1563 1574 1725 1625 saepe
1766 1555 1846 1606 fit.
1897 1555 2015 1624 (aed
2044 1554 2188 1607 haud
2212 1566 2431 1607 temere.
2473 1555 2628 1620 Wr.)
2657 1583 2732 1595 ——-

431 1624 683 1677 Similem
712 1643 914 1676 versum
938 1624 1227 1676 videbnnua
1257 1626 1349 1689 IV,
1388 1625 1512 1682 477.
1549 1625 1843 1677 Consilium
1881 1625 2044 1678 vultu
2080 1637 2137 1675 ee
2195 1638 2220 1676 3
2251 1643 2317 1675 ac
2342 1642 2489 1694 spem

831 1698 937 1748 210
970 1695 1097 1746 Illic
1121 1694 1283 1746 Goth.
1314 1712 1421 1746 see.
1487 1697 1803 1766 Accingunt
1827 1712 1948 1746 sese
1976 1644 2193 1765 praef

454 1709 695 1747 881811αὸ-

2553 1638 2742 1676 tohu

2160 1713 2227 1746 aa
2254 1695 2434 1760 Puget.
2557 1692 2738 1745 iatin-

455 1764 683 1816 ctionem
707 1764 783 1815 ita
814 1762 1019 1815 institui
1049 1763 1161 1815 vult
1191 1766 1539 1817 Burmannus:
1578 1764 1830 1837 praedae
1858 1764 2157 1836 accingunt
2175 1802 2191 1830 ,
2234 1761 2579 1836 dapibusque
2606 1763 2737 1835 su—

454 1835 600 1886 turis
631 1838 882 1906 Tergora
911 1834 1194 1905 deripiunt
1220 1852 1266 1885 c.

451 1995 587 2031 mm
615 1974 882 2030 medium
921 1987 979 2032 et
1010 1977 1540 2033 eminentissisnum

453 2059 664 2118 Galate
708 2058 951 2119 dicitur.
1036 2060 1158 2118 Sed
1201 2070 1346 2119 sunt
1386 2059 1538 2119 haec

451 2165 487 2202 a
534 2155 716 2226 poeta
762 2144 985 2220 aliena,
1042 2145 1147 2224 qui
1188 2146 1539 2227 simpliciter

450 2231 626 2290 littus
671 2230 901 2289 Siciliae
941 2241 1253 2292 memorat.

534 2320 922 2381 203—207.
993 2320 1229 2377 Forsan
1276 2330 1333 2376 et
1381 2317 1536 2376 haec

449 2402 595 2459 olim
637 2405 972 2460 meminisse
1010 2402 1242 2462 iuvabit
1263 2428 1281 2460 .·
1355 2403 1536 2462 nobi-

447 2487 565 2547 lem
620 2487 978 2548 sententiam
1037 2488 1344 2549 illustrant
1384 2490 1539 2549 Cer-

447 2573 527 2635 da
556 2583 620 2634 et
646 2575 760 2634 alii.
805 2574 926 2634 Sed
954 2576 1220 2653 pertinet
1251 2574 1374 2635 huc
1403 2577 1537 2634 Eu·-

444 2660 745 2740 ripideum
771 2705 788 2735 ‚
861 2661 1027 2739 quod
1092 2662 1357 2721 Macrob.
1427 2661 1533 2720 VII

445 2750 570 2808 Sat.
599 2752 642 2811 2
665 2746 904 2821 laudat,
946 2744 1052 2821 Ὦς
1081 2742 1205 2827 ’ἡδύ
1242 2771 1369 2822 τοι,
1415 2767 1529 2809 σω·

444 2832 636 2895 θέντα
663 2837 1018 2913 μεμνῆσθαι
1057 2828 1301 2908 πόνων,
1347 2833 1532 2891 latine

444 2938 802 2980 conversum
836 2940 869 2976 a
898 2918 1018 2978 Cic.
1049 2920 1126 2979 de
1158 2920 1288 2978 Fin.
1325 2919 1398 2991 11,
1414 2924 1532 2994 32;

444 3012 506 3061 et
533 3013 668 3065 ante
700 3003 1044 3082 Euripidem
1076 3003 1320 3064 Homeri
1362 3006 1533 3063 locus

442 3090 658 3169 odyss.
684 3113 737 3165 o,
781 3094 908 3153 397
929 3123 992 3133 -
1018 3089 1165 3153 400.
1224 3090 1531 3167 Ingeniosa

443 3175 771 3234 imitatione
792 3173 942 3233 haec
967 3183 1253 3252 sequutus
1274 3186 1365 3235 est
1386 3179 1532 3235 Sta-

443 3261 563 3321 tius
603 3261 630 3320 I
664 3260 850 3320 Theb.
895 3262 1021 3324 472
1050 3264 1285 3320 bin-san
1317 3274 1371 3319 et
1411 3262 1530 3320 has

442 3359 718 3405 venturus
754 3367 931 3404 amor
948 3350 1331 3423 peuemiseric
1374 3349 1521 3421 iras,

451 3432 533 3491 Ut
558 3436 896 3491 meminisse
931 3435 1115 3490 itu-et.
1184 3452 1296 3491 nec
1324 3442 1528 3491 tamen

439 3518 641 3578 omnia
684 3519 983 3577 malorum
1022 3538 1237 3595 genera
1276 3537 1357 3576 ex
1399 3519 1526 3577 vita

435 3604 757 3683 praeterita
812 3603 1141 3666 meminisse
1188 3604 1524 3666 iucundum

435 3698 542 3747 eat.
628 3692 789 3750 Bene
838 3688 957 3748 hoc
1004 3698 1208 3748 monet
1257 3690 1521 3750 Mam-ob.

433 3779 560 3835 Sat.
589 3776 715 3850 vn,
759 3780 818 3842 2.
893 3775 1130 3835 Etenim
1159 3785 1320 3851 sunt,
1364 3799 1525 3855 quae

414 3864 674 3933 ,animus
716 3863 1052 3920 meminisse
1093 3862 1286 3921 horret
1314 3870 1383 3921 ut
1417 3863 1523 3922 lib.

433 3946 506 4022 11,
556 3951 653 4012 12.
711 3948 809 4007 Sic
836 3965 988 4024 quae
1017 3946 1149 4024 quis
1180 3968 1242 4006 se
1274 3948 1519 4026 indigna

431 4042 489 4092 et
511 4033 737 4093 iniusta
786 4043 895 4091 aut
933 4032 1328 4110 ignominiosa
1374 4055 1516 4114 per-

429 4119 604 4194 tulit,
673 4127 779 4179 aut
817 4119 1046 4178 atrocia
1089 4118 1248 4178 vidit
1290 4129 1353 4178 et
1398 4122 1519 4181 im-

427 4205 645 4266 mania.
731 4202 878 4269 204.
922 4205 1033 4263 Per
1064 4201 1178 4264 hos
1218 4206 1377 4284 ipsos
1412 4228 1517 4267 ca-

426 4312 546 4366 sua,
593 4310 701 4372 per
723 4289 878 4351 haec
907 4290 1257 4350 discrimina
1283 4313 1478 4352 mnam
1495 4317 1517 4351 .·

425 4378 808 4459 pleonasmus
846 4377 1038 4457 poetis
1085 4378 1521 4456 frequentatus.

1620 1974 1880 2033 Possunt
1904 1981 2105 2034 tamen
2135 1995 2227 2032 res
2248 1994 2362 2054 pro
2385 1973 2571 2032 rebus
2599 1975 2733 2034 ad-

1618 2060 1809 2121 versis
1828 2104 1847 2136 ,
1901 2059 2184 2140 periculis
2199 2102 2218 2135 ,
2263 2059 2483 2139 accipi,
2533 2070 2608 2119 ut
2662 2082 2733 2122 v.

1621 2150 1766 2213 178.
1853 2142 2197 2226 (discrimen
2245 2166 2440 2204 mmm
2481 2145 2733 2206 dicitur

1620 2231 1969 2309 discrimen,
2028 2231 2090 2289 in
2149 2231 2313 2309 quod
2356 2251 2479 2289 rea
2524 2241 2733 2292 tuae

1620 2317 1924 2376 adductae
1985 2324 2145 2376 sunt.
2228 2318 2333 2378 W
2323 2315 2453 2399 elz.)
2543 2318 2731 2377 sedes

1620 2402 1882 2481 ubisata
1914 2425 1971 2482 q.
2037 2401 2367 2460 ostendunt
2390 2401 2452 2461 h.
2484 2421 2537 2461 e.
2567 2423 2731 2463 ora-

1619 2489 1754 2548 cula
1782 2497 1844 2547 ct
1864 2487 2111 2568 auguria
2137 2488 2513 2568 praedicunt,
2559 2510 2727 2569 pro-

1617 2575 1891 2634 mittunt.
1986 2574 2301 2633 Ostendere
2336 2574 2564 2654 egregie
2609 2576 2727 2635 in-

1615 2659 1825 2739 primis
1850 2670 2097 2739 poetae,
2136 2658 2255 2718 hac
2279 2659 2344 2719 in
2373 2681 2459 2719 re.
2518 2659 2728 2722 Iidem

1595 2747 1719 2824 fies
1764 2764 1887 2803 csse
1936 2746 2152 2805 dicunt
2191 2764 2293 2820 ea,
2367 2765 2522 2823 quae
2564 2747 2728 2807 fatis

1613 2831 1958 2891 volentibus
1989 2840 2052 2890 et
2082 2832 2467 2891 oraculorum
2502 2834 2725 2892 moni-

1614 2926 1689 2976 tu
1737 2917 1913 2977 fiunt.
2014 2916 2321 2993 Quaeras,
2372 2917 2538 2976 unde
2583 2918 2725 2980 iam

1617 3012 1747 3062 tum
1786 3003 2015 3061 Aeneas
2052 3022 2270 3062 nomen
2312 3022 2504 3064 novae
2548 3004 2727 3064 aedis

1614 3089 1723 3147 sibi
1761 3089 2110 3170 promissae,
2155 3091 2410 3147 Latium
2430 3134 2447 3164 ,
2508 3104 2724 3149 nove-

1613 3176 1741 3235 tit?
1784 3195 1971 3252 quum
2001 3174 2129 3233 aliis
2171 3174 2237 3233 in
2264 3175 2409 3234 locis
2440 3185 2568 3234 tam
2603 3176 2720 3237 iu-

1612 3270 1777 3319 certa
1822 3259 2021 3319 onmia
2069 3260 2123 3320 ei
2166 3270 2378 3320 essent.
2461 3262 2720 3324 Scilicet

1613 3346 1671 3405 in
1719 3345 1867 3406 locis
1900 3345 2107 3405 inseris
2143 3349 2403 3407 certiora
2445 3347 2722 3409 edoctus

1610 3432 1807 3491 suerat
1836 3431 1937 3491 lib.
1970 3432 2064 3507 vl,
2110 3436 2256 3496 891.
2298 3439 2357 3498 2.
2446 3433 2531 3491 De
2570 3435 2717 3513 ipsa

1608 3537 1676 3576 re
1706 3519 1780 3577 cs.
1807 3537 1939 3597 sup.
1973 3518 2172 3596 Disqu.
2204 3518 2254 3578 11
2274 3539 2319 3577 s.
2346 3519 2444 3579 vl.
2471 3529 2536 3580 et
2566 3520 2713 3581 Ex-

1608 3624 1765 3663 cura.
1798 3604 1915 3663 XV
1941 3603 2018 3661 ad
2045 3603 2151 3662 lib.
2181 3605 2251 3664 11.
2313 3608 2557 3664 Durare
2582 3628 2714 3684 pro

1608 3690 1832 3749 durare
1868 3709 1950 3765 se,
1995 3690 2260 3749 animum
2296 3712 2505 3766 suum,
2551 3713 2715 3771 poe-

1608 3785 1705 3834 tae
1732 3775 2011 3856 primum,
2054 3795 2201 3835 mox
2228 3776 2327 3837 alii
2352 3777 2711 3857 scriptores,

1608 3871 1679 3921 ut
1704 3861 1965 3921 Tacitus.
2030 3866 2261 3941 Πῆτε,
2294 3865 2485 3941 φίλοι.
2526 3864 2595 3923 lt
2642 3868 2713 3948 β,

1606 3952 1752 4013 299.
1797 3947 1873 4006 cf.
1902 3947 2116 4010 Cen-da.

1686 4037 1833 4099 208.
1861 4037 2006 4099 209.
2051 4031 2538 4111 Magnanimum
2571 4034 2710 4096 Ae-

1605 4138 1776 4179 neam
1809 4118 1996 4179 vides.
2081 4121 2345 4192 Premit,
2406 4121 2708 4199 occultat,

1603 4215 1677 4266 ut
1720 4224 1912 4286 saepe.
1983 4207 2180 4265 altum
2223 4206 2497 4285 proprie,
2568 4208 2708 4270 alto

1606 4291 1822 4368 corde,
1866 4289 1928 4350 h.
1981 4311 2033 4350 e.
2075 4290 2321 4366 intimo,
2381 4291 2487 4350 sed
2519 4293 2709 4354 docte

1606 4386 1782 4459 poeta
1865 4376 2181 4459 epitheton
2244 4380 2533 4439 transfert
2618 4381 2705 4442 ad
