2882 5028
479 328 1087 409 AENEIDOS
1133 329 1353 410 LIB.
1399 329 1538 426 HI,
1605 332 2040 416 854—364

2252 337 2406 412 495

166 521 257 592 Et
285 516 692 593 volucmm
722 514 1062 614 linguae,
1118 528 1199 591 et:
1224 481 1623 616 praepetis
1659 517 1934 592 omina
1958 540 2299 616 pennae,

163 624 341 696 Fare
391 643 527 720 age
576 627 966 722 (namque
1015 643 1349 696 omnem
1402 644 1723 699 cursum
1770 619 1969 696 mihi
2016 641 2400 724 prospera

1313 722 1506 799 dixit

162 823 491 923 Religio,
547 839 629 903 et
666 825 926 903 cuncti
954 839 1373 902 suaserunt
1402 827 1739 903 nurnine
1773 825 1932 903 divi

164 927 448 1005 Italiam
476 942 796 1032 petere,
854 943 937 1005 et
971 943 1223 1006 terras
1256 943 1565 1007 tentare
1591 942 1980 1032 repostas3

282 1137 379 1191 861
419 1138 526 1203 Qui
558 1138 847 1190 volucrum
881 1136 1061 1190 Schol.
1102 1138 1297 1192 Horat.
1324 1157 1411 1208 ap.
1461 1138 1643 1190 Heins-
1716 1140 1898 1193 omnia
1943 1139 2198 1195 nonnulli.
2248 1143 2399 1224 ‘pin-

160 1223 253 1256 nae
284 1206 468 1258 Medic.
506 1208 643 1258 Gud.
696 1218 751 1259 et
798 1217 923 1260 tert.
976 1207 1192 1259 Mentel.

1331 1210 1450 1263 362
1489 1210 1676 1260 Omnis
1725 1228 1772 1262 c.
1804 1239 1868 1246 —
1898 1210 2145 1281 Relle'gr'e
2191 1209 2399 1279 aliquot

159 1274 397 1340 Pieriani,
432 1294 539 1328 sec.
576 1277 830 1328 Rotteud.
868 1277 1003 1330 Gud.
1041 1295 1071 1328 a
1107 1295 1173 1328 m.
1211 1295 1293 1345 pr.
1329 1279 1457 1329 item
1494 1278 1658 1330 Goth.
1699 1297 1800 1347 pr„
1849 1297 1922 1330 sc.
1976 1289 2034 1328 ut
2085 1279 2187 1331 sit:
2244 1299 2400 1333 omne

160 1347 450 1397 vaccinium
470 1385 485 1409 ,
526 1349 700 1398 omnis
738 1348 964 1399 deorum
998 1348 1257 1411 monitus,
1293 1347 1437 1415 quod
1477 1346 1668 1399 merito
1703 1348 1937 1400 arridere
1971 1356 2181 1417 potest,
2221 1367 2397 1417 qnon-

159 1410 247 1464 iam
296 1415 556 1483 sequitur:
619 1418 806 1467 cuncti
837 1416 973 1468 divi.
1039 1415 1125 1468 sic
1161 1433 1380 1468 cunum
1430 1426 1610 1482 esset,
1663 1435 1816 1498 quem
1861 1427 2050 1482 teneo,
2100 1417 2398 1486 navigatio-

158 1499 291 1546 nem,
323 1502 471 1552 quam
507 1485 647 1537 facio
686 1503 864 1536 versus
900 1484 1116 1536 ltaliam.
1174 1497 1319 1538 recte
1357 1505 1563 1540 omnem
1599 1486 1805 1549 editum
1844 1488 2015 1539 omnis
2050 1486 2189 1537 unde
2225 1499 2396 1542 ortum

158 1551 243 1615 sit,
276 1553 483 1605 docebit
521 1559 592 1618 Q.
626 1556 694 1607 V.
742 1556 891 1620 XVI,
942 1559 989 1609 1.
1045 1557 1167 1608 Wr-

158 1639 259 1674 cum
292 1623 453 1677 Goth.
489 1623 591 1677 ult.
659 1626 889 1680 numina
922 1625 1039 1677 divi
1070 1623 1207 1677 Gud.

157 1796 350 1873 quibus
369 1799 616 1877 singulis
646 1798 884 1858 diverso
911 1798 1091 1859 modo
1123 1798 1219 1859 di-

158 1881 314 1943 citur.
366 1883 565 1944 Aliter
580 1885 763 1944 sentit
786 1886 997 1963 aliquis
1020 1886 1220 1962 deum,

158 1966 308 2029 aliter
354 1971 557 2030 sidera
613 1981 676 2029 et
734 1971 938 2031 avium
989 1981 1220 2032 cantus.

157 2058 308 2113 sentit
328 2070 490 2115 vates
527 2056 859 2133 Phoebum,
885 2077 1021 2117 cum
1041 2057 1222 2116 deum

155 2148 365 2217 pectore
389 2141 637 2220 recipit,
679 2162 819 2217 seu,
872 2142 967 2202 dei
1014 2144 1222 2203 afflatu

156 2231 362 2304 tactus,
404 2229 739 2305 divinoque
761 2229 965 2288 furore
993 2229 1221 2308 plenus,

159 2310 340 2371 futura
374 2313 672 2393 praedicit
702 2322 763 2372 et
793 2315 1037 2374 oracula
1063 2313 1188 2373 edit
1204 2334 1224 2389 3

158 2393 258 2455 hoe
300 2408 471 2478 poeta
533 2405 887 2461 exornavit:
958 2403 1066 2480 qui
1102 2421 1225 2459 nu-

158 2486 306 2543 mim
359 2484 596 2545 Phoebi
626 2530 646 2562 ,
734 2486 858 2563 Qui
923 2486 1216 2565 tripodas,

158 2564 385 2649 (tripodi
416 2571 685 2632 insidens
713 2571 955 2652 Delphis
999 2571 1218 2652 Pythia

155 2655 596 2740 vaticinabatur)
617 2659 809 2717 Clarii
819 2659 1022 2717 lauros
1035 2654 1222 2738 (qua-

155 2746 337 2818 unus,
379 2755 451 2804 ut
473 2746 602 2804 sere
631 2743 829 2803 omnia
870 2744 1221 2821 antiquissi-

154 2843 237 2883 ma
282 2828 415 2887 fana
441 2874 460 2907 ‚
523 2828 828 2908 religionis
889 2838 951 2888 et
1003 2828 1221 2888 caloris

156 2928 353 2989 musa,
395 2936 568 2975 sacro
600 2914 737 2974 luco
765 2914 1061 2974 inclusum
1090 2923 1222 2974 erat

154 3000 416 3078 templum
471 3000 767 3081 Apollinis
815 3001 996 3060 Clarii
1057 2999 1221 3080 apud

150 3078 556 3164 Colophonem.
605 3106 666 3146 v.
703 3087 899 3146 Strab.
946 3087 1106 3162 xlv,
1158 3107 1218 3166 p.

155 3168 305 3252 442),
331 3172 390 3231 h.
418 3193 468 3232 e.
501 3169 610 3251 qui
636 3172 763 3231 vim
791 3172 1057 3232 divinam
1086 3174 1221 3231 ani-

156 3272 239 3312 mo
267 3258 450 3337 capis,
496 3277 681 3336 quam
716 3257 956 3338 Delphis
985 3256 1220 3339 Pythia,

157 3347 205 3397 et
227 3343 381 3422 apud
421 3344 648 3404 Claron
692 3343 998 3420 sacerdos,
1042 3363 1218 3402 men-

155 3432 208 3482 te
226 3429 478 3509 recipere
513 3429 685 3489 solet.
768 3433 950 3489 sentis
989 3431 1210 3504 sidem,

155 3513 291 3572 nosti
317 3535 467 3593 qnae
493 3536 573 3575 ex
600 3516 674 3574 iis
700 3516 779 3575 ad
805 3517 1013 3575 sutura
1035 3534 1220 3595 prae-

156 3596 392 3660 videnda
430 3601 703 3681 intelligi
740 3601 984 3682 possint.
1083 3601 1219 3659 Hoc

156 3680 208 3738 in
235 3683 559 3747 Homericis
580 3706 895 3748 occurrere
916 3687 979 3746 in
1006 3695 1218 3746 vatum

157 3765 412 3831 laudibus
462 3793 590 3833 non
657 3773 941 3848 memini3
1026 3791 1219 3851 neque

157 3857 483 3938 astrologiae
542 3860 785 3920 omnino
840 3857 1110 3918 studium
1152 3858 1219 3916 iu

156 3937 270 3998 vita
304 3941 546 4003 heroica
604 3955 696 4007 est
743 3946 1219 4022 frequentatum3

158 4030 214 4081 nt
237 4037 606 4091 ostentorum
629 4041 692 4091 et
715 4031 1079 4110 διοσημείωγ
1102 4030 1219 4089 ob—

156 4114 396 4174 servatio
442 4116 594 4194 suit3
639 4118 781 4177 licet
830 4117 978 4175 adeo
1018 4116 1218 4196 suspi-

157 4197 265 4255 cari
277 4242 293 4274 ‚
343 4201 545 4262 sidera
592 4223 704 4283 pro
753 4202 917 4262 caelo
978 4212 1040 4262 et
1080 4220 1216 4262 aere

157 4297 265 4341 eae
289 4286 497 4365 posita.
580 4289 830 4368 Reliqua
864 4286 944 4347 ad
971 4289 1217 4367 auguria

157 4385 279 4430 cum
301 4390 378 4431 ex
394 4372 699 4438 oscinibus
743 4384 876 4436 tum
911 4394 990 4438 ex
1035 4394 1217 4456 prae-

1324 1556 1433 1612 363
1481 1569 1536 1607 ee
1585 1556 1740 1609 abest
1783 1575 1814 1609 a
1863 1558 1998 1610 Ven.
2046 1564 2102 1608 et
2152 1557 2395 1613 Parrha.

1304 1799 1573 1882 petibus,
1630 1797 1693 1858 h.
1752 1817 1802 1858 e.
1848 1818 1924 1858 ex
1964 1800 2166 1861 avium
2209 1812 2393 1863 cantu

1306 1906 1376 1944 ac
1409 1885 1656 1960 volatu,
1699 1894 1992 1965 spectent.
2048 1887 2121 1947 cs.
2155 1887 2264 1952 inf.
2312 1890 2393 1964 X,

1312 1973 1432 2037 175
1460 1992 1546 2050 sq.
1586 1970 1728 2030 add.
1774 1970 2001 2031 callim.
2042 1973 2107 2033 L.
2151 1974 2215 2034 P.
2272 1978 2394 2040 123

1305 2077 1432 2134 sqq.
1505 2065 1564 2115 et
1629 2056 1712 2115 ibi
1781 2057 1979 2135 lutpp.
2051 2079 2102 2122 e.
2169 2059 2392 2140 Spanh.

1309 2140 1520 2224 (Recte
1551 2140 1897 2203 WunderL:
1955 2142 2203 2217 „Verbis
2229 2147 2393 2203 side-

1306 2249 1378 2286 m
1398 2230 1580 2286 sentis
1613 2229 1836 2287 seriora
1878 2235 2144 2308 tempora
2185 2229 2393 2290 inferri

1306 2313 1457 2372 mihi
1485 2312 1793 2377 videntur.
1884 2313 2034 2372 Nam
2076 2313 2153 2372 ad
2195 2325 2394 2375 astro-

1305 2399 1521 2477 logiam
1537 2444 1556 2476 ,
1607 2418 1759 2477 quae
1779 2400 2059 2468 *Homero
2092 2399 2392 2480 incognita

1306 2485 1458 2561 suit,
1515 2494 1816 2566 spectant,
1862 2484 1942 2545 ad
1988 2505 2168 2563 quam
2212 2488 2392 2548 etism

1303 2573 1621 2630 referenda
1663 2580 1836 2646 sunt,
1895 2591 2048 2649 quae
2101 2572 2257 2632 infra
2299 2575 2393 2633 le-

1301 2665 1531 2735 guntur
1566 2657 1642 2716 de
1678 2658 1859 2736 Asyla
1909 2666 2050 2716 vate
2097 2658 2176 2733 X,
2223 2658 2392 2724 175.:

1301 2744 1457 2801 coeli
1496 2748 1599 2802 cui
1635 2745 1835 2801 sislera
1869 2748 2156 2819 parent.“
2212 2747 2315 2805 W
2305 2744 2390 2826 r.)

1340 2838 1345 2843 ’
1390 2828 1773 2893 362-864.
1834 2848 2096 2907 namque
2159 2849 2393 2888 omnem

1303 2934 1550 2972 cursum
1577 2913 1732 2971 mila·
1751 2934 2041 2991 prospera
2078 2915 2233 2972 dixit
2264 2916 2389 2973 Re-

1303 2999 1492 3077 ligio:
1545 2999 1722 3058 etiam
1748 2997 1865 3057 hoc
1898 3017 2010 3077 per
2035 2996 2391 3079 hypallagen

1303 3084 1603 3163 explicare
1660 3085 1878 3145 volunt
1905 3127 1924 3160 ,
1981 3104 2097 3163 pro
2118 3128 2136 3160 ,
2199 3087 2393 3146 omnis

1302 3170 1512 3249 religio
1540 3190 1893 3252 prosperum
1928 3170 2084 3229 dixit
2128 3191 2389 3231 cursum.

1303 3256 1642 3335 Perpetem.
1718 3258 1965 3335 Religio
2011 3257 2255 3336 proprie
2315 3259 2392 3318 de

1303 3342 1521 3401 ritibus
1548 3343 1831 3421 religiosis
1875 3351 1936 3400 et
1986 3345 2198 3418 sacris,
2244 3365 2391 3403 mox

1302 3427 1376 3486 de
1406 3431 1485 3486 iis
1513 3429 1787 3487 onmibus
1827 3428 2018 3504 dicta,
2063 3450 2219 3507 quae
2252 3452 2393 3489 cum

1299 3517 1489 3571 saeris
1497 3513 1671 3587 fiunt
1688 3558 1705 3588 ‚
1746 3525 2051 3591 parantur
2064 3556 2082 3587 ,
2120 3515 2391 3575 obu‘nen-

1301 3615 1398 3656 tur
1419 3642 1438 3674 ,
1490 3598 1758 3677 adeoque
1796 3599 1976 3657 etiam
2020 3597 2094 3657 de
2136 3604 2393 3679 extispi-

1301 3687 1415 3742 eiis
1430 3729 1448 3758 ,
1513 3686 1774 3745 ome-ulis
1819 3684 2107 3763 omnique
2167 3690 2394 3745 vatici-

1302 3772 1537 3828 niomm
1581 3789 1830 3849 genere,
1893 3769 2239 3850 accipienda
2281 3782 2391 3849 est,

1301 3853 1363 3914 h.
1407 3855 1448 3914 l.
1497 3855 1572 3914 de
1619 3858 1860 3915 oraculo
1907 3866 1970 3916 et
2019 3858 2264 3918 omnino
2316 3857 2391 3918 de

1301 3940 1588 4001 vaticinio
1606 3964 1623 4018 3
1657 3964 2009 4021 prosperum
2036 3944 2389 4004 vaticinium

1303 4035 1413 4102 est,
1441 4028 1606 4105 quod
1632 4048 1917 4108 prospera
1947 4029 2206 4090 nuntiat.
2264 4031 2391 4091 To·-

1300 4121 1454 4189 tum,
1499 4114 1602 4192 qui
1630 4124 1914 4196 superest,
1960 4135 2221 4193 cursum,
2266 4136 2392 4194 quo

1299 4199 1398 4257 ille
1426 4200 1832 4261 instituendus
1854 4203 1933 4261 sit
1979 4197 2123 4281 (hoc
2148 4222 2207 4262 v.
2237 4205 2385 4268 363.

1300 4285 1427 4350 864
1451 4286 1706 4347 ulterius
1746 4284 2037 4369 declarat)
2083 4286 2202 4346 iam
2245 4287 2390 4345 satis

1299 4371 2169 4461 definiverunt‘praedictiones
2181 4416 2202 4450 ,
2241 4392 2392 4451 quas
