2882 5028
801 385 984 458 AD
1089 382 1722 460 LIBRUM
1827 384 2058 458 11·
2334 395 2487 469 403

200 570 366 632 idem
410 592 558 633 cum
623 573 775 635 fune
825 574 890 634 in
944 574 1187 655 pictura
1232 572 1471 635 Codicis
1521 574 1713 635 vatic.
1761 596 1823 656 p.
1867 574 1952 639 47
2009 577 2290 639 occmrit.
2377 580 2487 640 Est

202 658 458 719 tandan
499 669 723 739 patera
762 660 1041 735 Etrusco,
1091 679 1202 719 seu
1240 659 1450 721 Italico
1491 679 1690 740 opere,
1736 661 1902 741 apud
1934 663 2247 723 Lansium
2287 661 2483 745 (Sag-

196 747 311 824 gio
351 746 425 803 da·
458 748 727 825 Lingua
766 744 1051 827 Etrusca)
1098 746 1267 807 Tom.
1310 745 1385 820 11,
1446 767 1504 826 Ρ.
1543 751 1688 812 223
1775 746 2050 808 Habebat
2080 749 2265 828 igitur
2303 761 2485 830 poeta

201 830 477 890 sabulum
524 851 562 890 ιι
605 832 818 892 multis
855 840 1181 892 tractatam
1235 841 1297 891 et
1352 833 1663 911 vulgarem
1708 842 1851 893 ante
1891 852 1955 893 se
1990 835 2287 914 positam,
2363 837 2474 897 sed

200 935 348 975 cnm
393 935 468 975 ea
524 917 709 977 simul
743 918 1002 997 tragicos
1048 938 1190 978 suos
1250 938 1329 977 ex
1381 918 1627 978 Graecis
1678 936 2005 999 expressos.
2104 920 2254 981 Nam
2307 924 2484 983 Livia·

199 1003 558 1061 Ande-onim*
594 1005 718 1064 suit
752 1004 987 1079 sabula,
1031 1007 1246 1085 Equus
1300 1006 1630 1076 Troianus,
1677 1023 1713 1063 e
1754 1025 1876 1084 qua
1915 1006 2249 1085 fingmento
2285 1027 2481 1089 pauca

199 1096 577 1168 supersunt,
620 1090 856 1168 aliaque
906 1092 1143 1150 Naevii
1184 1087 1350 1169 apud
1390 1088 1789 1168 Macrob.v1‚
1837 1096 1894 1167 1,
1945 1100 2010 1152 et
2047 1090 2124 1152 de
2165 1111 2237 1153 eo
2274 1103 2479 1157 actum

200 1174 331 1234 fnit
373 1176 443 1233 in
484 1178 672 1235 Λοοιι·
715 1175 1058 1254 Deiphobo.
1103 1195 1164 1236 v.
1200 1179 1372 1235 Serv.
1412 1176 1496 1235 ad
1534 1176 1880 1251 11‚17.uti
1923 1196 2164 1257 quoque
2207 1180 2274 1240 in
2321 1181 2478 1240 Tra-

198 1260 356 1339 ginis
401 1261 620 1320 Graec.
663 1270 1076 1338 memoratur,
1117 1281 1178 1322 v.
1210 1281 1262 1324 c.
1315 1262 1519 1342 Eurip.
1561 1220 1781 1323 'i'road-
1812 1266 1853 1327 9
1891 1283 1981 1341 sq.

386 1346 511 1405 ssd
553 1347 799 1424 gravior
840 1348 1179 1407 observatio
1219 1349 1374 1407 sorte
1417 1356 1510 1407 est
1541 1348 1689 1454 ina,
1733 1368 1852 1427 qua
1897 1357 2029 1408 erte
2069 1358 2251 1428 poeta
2295 1350 2478 1411 sebu-

205 1432 333 1492 hm
370 1450 490 1512 per
538 1451 603 1490 se
661 1453 813 1513 puel
816 1432 952 1493 ilem
998 1443 1061 1493 et
1113 1434 1345 1493 nullam
1399 1392 1783 1513 πιθιῗνὸτητα
1837 1433 2161 1496 habentem
2205 1436 2291 1495 ita
2344 1449 2476 1497 tra-

205 1518 514 1592 ctaverit,
556 1527 631 1577 ut
662 1517 817 1579 nihil
844 1539 953 1578 nos
989 1519 1055 1578 in
1094 1538 1164 1577 ea
1203 1517 1503 1594 offendat,
1559 1519 1751 1579 multa
1788 1519 2102 1581 delectent.
2187 1521 2477 1582 Fabulam

205 1603 343 1662 dixi
388 1604 681 1684 puerilem
738 1615 801 1665 et
846 1624 956 1686 per
993 1625 1056 1664 se
1107 1625 1326 1684 parum
1363 1563 1763 1684 probabilem5
1831 1607 1946 1666 etsi
1983 1606 2477 1686 interpretatione

206 1709 321 1748 ma
390 1709 524 1747 eam
573 1690 784 1750 iuvare
841 1691 1045 1752 conati
1115 1692 1241 1751 sint
1299 1691 1476 1750 multi
1550 1691 1733 1751 etiam
1778 1690 1942 1751 inter
1989 1703 2243 1753 veteres.
2324 1694 2477 1755 Vide

204 1777 310 1834 vel
351 1778 530 1834 Serv.
568 1785 633 1833 et
674 1775 932 1836 Cei-dam
970 1777 1049 1836 ad
1085 1774 1148 1836 h.
1188 1777 1229 1837 L
1271 1786 1332 1836 et
1367 1777 1548 1855 plura
1582 1778 1726 1837 satis
1769 1777 1971 1858 inepte
2012 1780 2347 1858 excogitata
2377 1800 2475 1859 ap.

208 1861 490 1920 Licetnm
541 1863 816 1921 Gemnsis
851 1864 1156 1922 Annulw.
1203 1883 1263 1942 Ρ.
1321 1867 1450 1927 310
1491 1882 1620 1941 sqq.
1723 1861 2072 1923 Abhorrens
2113 1873 2204 1923 est
2255 1885 2289 1923 a
2331 1865 2476 1926 rudi

216 1956 273 2005 et
314 1947 571 2007 indocta
595 1957 932 2024 vetustate,
978 1949 1240 2027 cogitare
1279 1947 1355 2007 de
1394 1948 1676 2008 machina
1719 1948 1927 2008 bellica
1966 1949 2031 2009 in
2066 1951 2204 2029 equi
2245 1971 2476 2012 morem

219 2034 499 2093 formata.
589 2034 708 2093 Sed
762 1994 933 2094 haud,
970 2035 1154 2096 dubie
1203 2034 1271 2094 in
1310 2034 1532 2095 veteris
1594 2034 1876 2094 Graeciae
1923 2037 2122 2114 prisco
2183 2055 2474 2114 sermone,

221 2119 476 2178 audaces
518 2128 585 2178 et
629 2119 955 2180 insolentes
994 2121 1216 2201 figuras
1271 2129 1566 2196 sectante,
1625 2120 1879 2181 obscura
1921 2119 2102 2181 huius
2152 2122 2306 2201 Equi
2342 2123 2474 2184 ori-

220 2224 290 2284 go
324 2205 499 2267 latet.
584 2205 774 2279 Quod
809 2216 1013 2267 tamen
1045 2226 1140 2267 me
1179 2206 1244 2266 in
1282 2205 1402 2265 hac
1434 2206 1644 2266 fabula
1684 2208 1881 2268 multo
1931 2209 2117 2287 magis
2160 2217 2340 2286 tenet,
2382 2218 2475 2271 est

219 2289 369 2366 hoc,
406 2290 578 2371 quod
615 2292 717 2352 ille
757 2294 962 2393 Equus
994 2293 1224 2353 Palladi
1257 2293 1390 2352 voti
1434 2312 1645 2353 caussa
1687 2293 1958 2354 offertur.
2041 2295 2224 2370 Nam,
2267 2295 2318 2355 si
2351 2296 2475 2355 Ne-

218 2384 445 2457 ptuno,
491 2377 804 2457 Equestris
833 2380 925 2440 rei
967 2378 1230 2454 auctori,
1271 2376 1516 2464 Ἱππίαι,
1558 2388 1974 2439 consecratum
2017 2379 2305 2454 viderem,
2347 2402 2474 2443 non

217 2463 488 2524 mirarer.
576 2464 765 2539 Quod
804 2466 996 2526 Pallas
1035 2466 1267 2527 artibus
1306 2474 1584 2545 praeest,
1627 2464 1698 2526 id
1744 2475 1988 2526 tantum
2029 2466 2110 2529 ad
2154 2466 2473 2530 artificium

212 2551 351 2630 equi
408 2551 572 2630 ligno
630 2553 769 2611 sacti
813 2555 1115 2633 pertinere
1154 2559 1379 2651 potest.
1465 2551 1563 2610 An
1610 2571 1831 2630 equus,
1896 2552 2071 2612 navis
2130 2554 2472 2633 symbolum

212 2635 385 2718 (nam
439 2637 889 2716 navigationem
938 2639 1304 2719 antiquiores
1350 2656 1462 2717 per
1512 2639 1943 2716 equitationem
2001 2637 2473 2717 adumbrabant5

210 2734 277 2783 ιιι
317 2725 487 2783 sorte
530 2721 651 2782 hoc
688 2724 819 2804 ipso
852 2734 1056 2785 ortum
1097 2723 1415 2798 videatur,
1476 2724 1640 2802 quod
1686 2724 2003 2803 Neptunus
2052 2743 2274 2802 equum
2322 2746 2473 2805 pro-

218 2810 463 2869 duxisse
514 2810 794 2887 proditus
839 2814 971 2888 est),
1014 2831 1128 2890 pro
1171 2808 1554 2887 navigatione
1599 2809 1751 2868 felici
1781 2808 2095 2869 dedicatus
2128 2810 2291 2871 fuit?
2332 2811 2473 2870 Pal-

223 2895 333 2954 ladi
374 2903 587 2955 autem
604 2939 621 2970 ,
696 2896 837 2974 quia
883 2915 949 2955 ea
1008 2897 1118 2956 dea
1167 2905 1421 2976 propter
1469 2894 1737 2954 ablatum
1785 2894 2122 2954 Palladium
2165 2904 2297 2954 erat
2337 2896 2473 2976 pla-

230 2981 450 3040 cunda?
521 2980 772 3060 Navigio
830 2983 1009 3043 etiam
1065 2982 1333 3042 actuario
1370 2999 1596 3059 equum
1647 2979 1972 3040 adsimulat
2009 2980 2216 3059 Eurip.
2251 2982 2472 3041 Troad.

230 3067 341 3130 538
375 3068 443 3126 ιιι
491 3065 665 3126 chori
707 3068 938 3144 verbis,
987 3089 1141 3148 quae
1178 3068 1496 3145 antiquum
1534 3086 1872 3127 sermonem
1907 3068 2033 3127 fere
2060 3066 2473 3144 aemulantum

222 3151 291 3211 ad
330 3153 515 3212 navis
551 3153 732 3211 etiam
766 3154 1017 3214 modum
1054 3164 1118 3215 et
1146 3156 1443 3213 rationem
1474 3173 1509 3211 a
1542 3153 1890 3213 vectoribus
1913 3152 2169 3212 insessae
2203 3152 2472 3213 effictum

216 3257 351 3297 eum
395 3237 651 3299 exhibet
691 3239 1022 3320 Tryphiod.
1072 3260 1133 3301 v.
1180 3244 1282 3304 62.
1335 3242 1478 3303 181.
1564 3239 1750 3313 Quod
1799 3257 1948 3300 vero
1983 3232 2051 3297 iu
2090 3238 2340 3319 Virgilio
2377 3241 2472 3299 sa-

216 3324 354 3382 bula
405 3344 521 3405 per
543 3343 608 3382 se
645 3324 846 3406 inepta
883 3327 1118 3408 placere
1159 3332 1383 3405 potest,
1426 3323 1494 3383 id
1534 3325 1798 3385 efficitur
1838 3324 2107 3404 primum
2148 3325 2276 3384 eius
2312 3326 2472 3384 anti-

215 3410 481 3488 qnitate;
537 3430 679 3470 nam
715 3412 781 3470 in
816 3413 1023 3472 multis
1060 3410 1283 3491 mythis
1325 3409 1445 3470 boc
1495 3430 1639 3470 suus
1680 3429 1977 3490 quemque
2012 3428 2220 3469 sensus
2255 3409 2474 3470 docere

214 3505 445 3575 potest,
491 3515 614 3575 quo
653 3499 966 3577 propiores
1004 3498 1092 3558 illi
1134 3516 1341 3557 rerum
1378 3493 1811 3575 hominumque
1839 3496 2164 3576 originibus
2205 3497 2473 3577 priscae-

213 3600 330 3660 que
374 3583 546 3641 vitae
589 3585 895 3664 asperitati
935 3593 1042 3644 aut
1090 3581 1461 3662 simplicitati
1502 3582 1657 3657 sint,
1720 3601 1792 3641 eo
1835 3583 2066 3642 facilius
2110 3582 2175 3640 in
2210 3582 2284 3641 ιιι
2327 3582 2474 3642 ferri

210 3687 308 3726 res
354 3688 579 3749 parum
620 3670 955 3749 probabiles
998 3668 1098 3752 (cs.
1142 3669 1248 3728 inf.
1278 3668 1359 3728 ad
1398 3666 1478 3726 111
1490 3710 1506 3741 ‚
1550 3671 1677 3731 209
1728 3676 1792 3727 et
1823 3665 2014 3751 250);
2069 3676 2203 3727 tum
2240 3677 2473 3727 tract&

212 3754 381 3813 tione
422 3756 725 3835 sapienter
764 3766 829 3816 et
876 3776 1093 3835 magno
1137 3775 1276 3815 cum
1319 3752 1547 3815 iudicio
1586 3753 1869 3813 instituta
1920 3761 2102 3834 poeta
2152 3753 2351 3814 omnia
2396 3753 2473 3813 ab

212 3840 404 3900 oculis
448 3842 747 3918 removit,
820 3861 975 3921 quae
1017 3852 1332 3902 attenuare
1384 3857 1517 3898 rem
1557 3846 1620 3896 et
1661 3839 1900 3899 officere
1958 3838 2236 3918 dignitati
2272 3840 2474 3921 opicae

210 3935 533 4004 poterant3
576 3937 792 3988 contra
821 3930 1009 3989 multa
1040 3926 1349 4008 appomt,
1404 3943 1557 4003 quae
1598 3924 1682 3985 ad
1709 3924 2194 4006 probabilitatem
2215 3926 2474 4001 faciunt3

211 4031 472 4092 cumque
524 4013 803 4094 inprimis
844 4014 953 4074 vix
998 4014 1063 4074 ιιι
1106 4010 1521 4074 stolidissimos
1569 4010 1843 4071 homines
1900 4011 2116 4071 cadere
2167 4010 2472 4086 videatur,

210 4107 283 4158 nt
324 4102 643 4180 patiantur
697 4098 815 4159 sibi
861 4109 985 4160 tam
1040 4110 1285 4179 turpem
1325 4095 1603 4157 fraudem
1639 4096 1802 4173 fieri,
1858 4106 1963 4174 ut,
2021 4097 2357 4177 suspicione
2396 4096 2475 4156 de

208 4182 357 4244 viris
390 4185 458 4245 in
504 4186 683 4266 Equo
719 4184 984 4246 conditis
1019 4186 1202 4245 semel
1239 4192 1410 4259 orta,
1468 4192 1672 4244 tumen
1711 4203 1850 4245 eum
1896 4184 2062 4243 intra
2092 4183 2330 4242 moenia
2367 4200 2473 4241 re-

210 4271 466 4350 cipiant,
512 4272 735 4333 callide
774 4281 954 4352 poeta
993 4272 1171 4353 plura
1210 4287 1433 4348 eaque,
1493 4288 1649 4347 quae
1691 4270 1771 4330 ad
1805 4270 2152 4350 religionem
2177 4275 2472 4348 spectant,

205 4374 333 4417 rem
374 4360 454 4420 ad
480 4358 811 4420 hominum
853 4358 1082 4418 animos
1121 4356 1627 4456 potentissimam,
1686 4357 1928 4431 attulit,
1985 4372 2139 4434 quae
2179 4351 2473 4412 Troianos

203 4462 238 4503 a
288 4447 609 4527 propo-ito
653 4454 1048 4521 revocarent,
1105 4443 1371 4525 primum
1415 4441 1658 4503 Sinonis
1695 4442 1897 4520 dolos,
1952 4450 2088 4501 tum
2115 4437 2473 4500 laocoontis

1892 4541 2058 4612 26*
