2882 5028
507 412 1127 493 AENEIDOS
1181 414 1393 491 LIB.
1446 414 1539 510 V,
1594 416 2032 493 814—824
2261 421 2409 492 831

156 600 563 681 Caeruleo
598 626 748 703 per
778 624 1093 677 summa
1133 600 1325 677 levis
1362 598 1579 675 volat
1616 623 1966 701 aequora
2002 623 2255 676 curm.

154 704 604 783 subsidunt
638 704 925 800 undae,
981 705 1543 804 tumidumque
1573 703 1721 779 sub
1757 728 1891 778 axe
1922 705 2226 779 tonanti
2260 714 2413 785 820

155 809 563 886 Sternitur
631 833 939 911 aequor
1015 809 1236 910 aquis
1268 809 1290 906 ,'
1380 805 1853 985 fugguntque
1930 831 2023 884 ex
2088 807 2414 885 aethere

219 939 231 947 ·
1323 933 1488 985 mm
1554 938 1598 987 1.

155 1021 377 1092 Tum
407 1014 664 1092 variae
702 1015 1087 1090 comitum
1124 1010 1402 1105 facies;
1451 1014 1796 1089 inmania
1826 1025 2024 1111 cete,

153 1123 260 1195 Et
290 1119 565 1194 senior
599 1117 874 1194 Glauci
908 1117 1233 1212 chorum,
1285 1121 1694 1219 Inousque
1724 1117 2179 1211 Palaemon,

156 1223 700 1323 Tritonesque
734 1221 898 1314 citi,
952 1219 1406 1322 Phorcique
1448 1222 1831 1297 exercitus
1869 1222 2152 1297 omnis,

264 1370 439 1440 821.
492 1381 762 1448 Aoms:
814 1382 1160 1434 ruamur
1192 1380 1447 1435 vas'ro
1482 1381 1709 1437 amn.

298 1569 406 1623 819
435 1567 757 1620 Caeruleum
787 1566 999 1634 Medic„
1034 1567 1130 1620 aed
1155 1585 1187 1620 a
1214 1585 1282 1620 m.
1307 1586 1389 1637 pr.
1462 1586 1700 1639 aequore
1744 1566 1909 1621 Goth.
1952 1584 2032 1636 pr.
2102 1582 2270 1618 cursu
2292 1563 2410 1615 Hu-

151 1655 276 1705 gen.
306 1647 364 1687 et
389 1636 500 1688 Erf.
640 1639 743 1691 820
776 1638 1148 1707 tumulumque
1178 1639 1386 1704 Menng.
1430 1640 1511 1706 pr.
1580 1640 1808 1690 sonanti
1831 1647 2056 1706 quatuor
2090 1637 2261 1686 Burm.
2297 1650 2413 1686 cnm

151 1708 324 1761 Goth.
354 1724 478 1771 sec„
511 1716 569 1757 at
598 1706 703 1758 hoc
731 1705 897 1758 minus
928 1708 1210 1775 poeticum.
1279 1708 1395 1758 Nec
1428 1708 1767 1775 argutandum
1794 1707 1849 1757 in
1878 1723 1962 1769 eo,
2014 1706 2153 1776 quod
2176 1705 2231 1755 in
2264 1702 2412 1772 aquia

152 1786 393 1828 rotarum
414 1775 689 1844 strepitum
724 1794 878 1828 nemo
921 1777 1196 1837 exaudiam
1244 1786 1326 1827 est
1368 1777 1640 1846 proprium
1677 1795 1739 1828 ac
1784 1786 2092 1845 perpetuum
2127 1774 2407 1844 epitheton

151 1857 410 1898 rotarum.
477 1847 728 1897 tonantis
752 1847 954 1913 Hagen.
1094 1848 1193 1900 821
1232 1847 1385 1915 equis
1415 1851 1592 1915 Sprot.
1635 1857 1688 1897 et
1732 1845 1920 1897 Medic.
1946 1864 1976 1896 a
2014 1863 2080 1897 m.
2116 1863 2194 1926 pr.
2266 1843 2409 1894 Idem

152 1934 300 2036 ἓξῖἷζι
314 1914 1139 2036 ³0⁶5..{;‘.fiz‘;”5350⁶0351.“‘22332
1160 1916 1559 2053 ζ’..ωἳῗιῗῖῗηὲῗ
1578 1914 2411 2048 5}5.‘{f,‘:.¹”.33,'⁰.5;.¹‘fifflzoqssss

151 2064 307 2107 certo
333 2052 543 2114 dicere3
580 2053 635 2103 id
670 2053 712 2103 si
755 2053 998 2121 vulgatae
1031 2052 1247 2105 lectioni
1289 2054 1464 2105 favere
1509 2054 1855 2118 existimabis,
1906 2063 1960 2104 at
2005 2070 2104 2121 ego
2136 2066 2401 2121 quaeram,

150 2124 296 2176 unde
323 2122 580 2174 invectum
605 2123 802 2189 probes
828 2123 960 2174 illud
988 2122 1313 2193 fugiuntqu
1332 2143 1362 2174 e
1399 2143 1479 2175 ex
1516 2125 1701 2174 aeth?
1749 2123 1984 2175 Proxime
2014 2124 2081 2175 ad
2110 2140 2282 2172 verum
2315 2139 2412 2171 ac-

151 2193 350 2246 cedere
384 2191 514 2243 mihi
550 2191 847 2256 videbitur,
883 2192 974 2261 qui
1008 2193 1166 2254 dicat,
1202 2210 1256 2242 in
1289 2192 1661 2261 antiquissimis
1693 2194 1841 2244 libris
1864 2232 1878 2257 ‚
1930 2193 2067 2243 unde
2096 2192 2153 2256 ii,
2188 2190 2276 2260 qui
2314 2207 2410 2240 ex-
2523 2210 2530 2219 ·

152 2272 330 2326 stant,
377 2261 587 2314 codices
626 2261 876 2330 descripti
917 2262 1041 2325 sint,
1087 2262 1335 2330 scriptum
1370 2262 1558 2313 fuisse:

152 2331 386 2395 omissis,
412 2348 542 2413 quae
573 2331 935 2383 desiderantur
959 2331 1098 2382 inter
1114 2330 1355 2401 fugiunt
1381 2342 1435 2383 et
1464 2333 1715 2395 aether-⁴93
1752 2333 1852 2383 iaxn
1878 2331 2009 2382 alios
2035 2344 2210 2393 vasto,
2233 2329 2411 2393 alium,

151 2403 383 2454 fortasse
426 2416 596 2467 ipsum
640 2400 1027 2468 Apronianum,
1074 2401 1337 2452 inventam
1357 2440 1371 2464 ,
1417 2412 1475 2451 ut
1505 2401 1856 2470 probabiliter
1887 2400 2075 2453 coniici
2108 2410 2318 2470 potest,
2354 2398 2411 2449 in

151 2470 337 2541 aliquo
374 2470 670 2540 antiquiore
714 2469 853 2522 libro
908 2488 1081 2522 veram
1135 2470 1415 2524 lectionem
1447 2469 1821 2541 fugiuntque
1855 2490 1936 2524 ex
1968 2470 2114 2522 aetla.
2154 2469 2411 2521 intulisse.

150 2542 293 2594 Mihi
319 2540 527 2610 quidem
558 2541 701 2592 fraus
732 2540 787 2591 in
810 2539 1010 2611 vulgari
1038 2540 1270 2592 lectione
1310 2541 1581 2592 commissa
1604 2552 1786 2609 aperte
1815 2559 1873 2592 se
1908 2541 2135 2608 prodere
2176 2540 2407 2591 videtur:

191 2613 383 2663 rimum
428 2609 563 2660 enim
610 2609 920 2661 adiectivum
961 2624 1186 2673 vastus,
1221 2609 1436 2660 multum
1466 2628 1495 2660 a
1523 2609 1749 2677 Virgilio
1777 2611 2158 2678 frequentatum
2178 2646 2195 2673 ,
2228 2609 2330 2660 nisi
2354 2608 2410 2660 in

150 2631 372 2732 brevem
405 2679 636 2730 vocalem
656 2679 869 2743 desinit,
911 2678 984 2730 ita
1010 2697 1219 2747 semper
1247 2679 1299 2730 in
1329 2697 1480 2731 versu
1506 2677 1812 2745 collocatur,
1848 2689 1904 2730 ut
1931 2678 2099 2729 altera
2129 2679 2224 2730 sub
2249 2677 2410 2729 ictum

153 2750 336 2812 eadat,
371 2765 476 2800 non
511 2748 765 2810 elidatur3
800 2749 904 2800 vid.
930 2750 997 2800 V.
1038 2750 1099 2800 1..
1131 2749 1200 2800 ad
1246 2754 1374 2799 Aen.
1400 2751 1438 2813 1,
1474 2749 1628 2808 333.;
1680 2759 1790 2800 tum
1827 2747 2071 2800 aether
2107 2765 2137 2798 a
2180 2747 2411 2814 Virgilio

151 2820 314 2882 altus,
348 2818 569 2883 arduus,
601 2817 820 2886 longus,
867 2836 1101 2883 magnus,
1138 2819 1415 2881 maximus,
1448 2835 1701 2881 summus,
1738 2818 1959 2881 dicitur,
1993 2833 2268 2884 numquam
2301 2834 2410 2868 va·-

152 2899 338 2944 atnu
372 2904 542 2955 neque
583 2886 724 2949 aeri,
759 2905 859 2939 nec
893 2889 1076 2952 coelo,
1111 2905 1210 2939 nec
1249 2887 1473 2956 Olympo
1502 2888 1796 2956 adiungitur
1820 2887 1924 2939 hoc
1964 2886 2243 2954 epitheton
2271 2885 2413 2954 apud

154 2959 398 3010 eundern.
469 2957 675 3025 Nempe
712 2974 741 3008 a
762 2955 1127 3008 dmiramur
1162 2956 1412 3018 aetheris,
1450 2956 1610 3018 coeli,
1645 2956 2083 3024 magnitudinem3
2136 2965 2197 3006 at
2214 2968 2413 3006 vastus

102 3057 113 3064 -
152 3028 234 3080 ita
271 3036 556 3094 usurpatur
593 3044 623 3077 a
665 3025 915 3093 Virgilio,
948 3044 1053 3077 non
1086 3037 1143 3077 ut
1178 3044 1240 3077 ea
1268 3026 1540 3093 designet,
1578 3044 1709 3094 quae
1747 3024 2145 3077 admirationem
2179 3023 2257 3075 sni
2289 3040 2409 3074 mo·

153 3106 301 3160 vent,
336 3096 431 3147 sed
473 3112 565 3158 ea,
604 3112 742 3164 quae
773 3106 862 3147 aut
887 3112 984 3162 per
1010 3097 1108 3148 vim
1136 3095 1219 3147 vel
1248 3094 1654 3163 magnitudinem
1683 3113 1824 3146 suam
1859 3095 1893 3147 h
1911 3112 1942 3147 o
1960 3111 2222 3145 rrorem
2257 3093 2413 3146 incu-

148 3167 317 3229 tiunt,
351 3176 439 3217 aut
476 3182 611 3234 quae
644 3182 831 3232 magua
871 3166 1081 3233 quidem
1125 3176 1275 3229 sunt,
1310 3165 1404 3217 sed
1444 3181 1552 3216 non
1601 3164 1943 3217 admirabilia.
2015 3164 2149 3215 Hinc
2181 3180 2285 3215 uon
2328 3171 2413 3215 est

151 3237 299 3288 idem
349 3251 564 3299 mare,
612 3251 906 3302 aequor,
953 3253 1289 3303 magnum,
1335 3253 1397 3287 ac
1430 3251 1652 3298 mare,
1687 3252 1981 3303 aequor,
2023 3244 2304 3285 vastum.
2341 3262 2410 3273 -—

150 3307 281 3363 822.
315 3303 507 3355 Bothio
543 3303 818 3372 abruptior
847 3303 1054 3356 videtur
1083 3304 1212 3356 baec
1240 3303 1441 3364 orati03
1480 3302 1656 3370 itaque
1698 3321 1795 3373 pro
1839 3305 2088 3355 comitum
2130 3302 2411 3371 Virgilium

151 3374 433 3445 scripsisse
461 3383 616 3443 putat
647 3375 955 3494 corm'tarffife
978 3383 1049 3433 at.
1087 3383 1145 3425 ut
1171 3384 1386 3438 taceam,
1422 3373 1736 3424 abstinuisse
1766 3373 1864 3425 bac
1895 3373 2034 3424 illius
2072 3373 2217 3423 verbi
2243 3373 2410 3424 forma

152 3443 459 3512 Virgilium,
498 3441 602 3494 vid.
625 3443 756 3494 Not.
784 3442 881 3565 ᾗ
958 3460 1009 3494 n.
1031 3445 1118 3509 W,
1145 3445 1266 3496 201.
1297 3444 1440 3508 We.)
1581 3444 1689 3497 823
1726 3443 2027 3512 Glaucique
2057 3441 2193 3493 alter
2222 3442 2407 3494 Hamb.

151 3516 355 3567 Ionius
381 3514 551 3578 Rom„
590 3510 745 3566 male.
895 3514 1105 3566 Inoiue.
1138 3507 1404 3566 Γλαύκου
1436 3508 1627 3581 χορὸς,
1661 3506 1852 3573 'Infids
1888 3527 1949 3565 τε
1979 3510 2304 3578 Παλαίμων.

1611 2261 1851 2334 fugiunt
1899 2263 2122 2313 aethere
2166 2279 2240 2325 n.,
2289 2277 2412 2311 casu

150 3673 307 3749 iugo
353 3689 477 3729 non
552 3668 795 3730 videtur
849 3668 1060 3728 Latine
1104 3668 1240 3730 dici.
1324 3670 1543 3736 Proteo
1586 3669 1825 3748 quidem
1868 3690 1983 3750 pro
2018 3672 2300 3731 armentis
2341 3689 2410 3729 ea

158 3757 270 3817 W
258 3753 340 3835 r.)
410 3774 472 3815 v.
535 3755 676 3817 Var.
716 3756 876 3814 Lect.
916 3755 1080 3833 fitis
1127 3774 1241 3835 pro

152 3841 344 3920 equis.
401 3861 461 3901 v.
507 3841 580 3915 Η,
624 3843 726 3908 61.
776 3840 854 3900 ad
900 3861 957 3901 v.
987 3843 1112 3905 819
1155 3860 1240 3918 sq.

153 3927 318 3991 eous.
364 3946 498 4005 sup.
543 3927 590 4002 1,
642 3926 777 3991 147.
839 3926 958 3991 154
1003 3945 1129 4004 sqq.
1183 3946 1244 3985 v.

153 4016 306 4080 822.
402 4014 557 4070 Tum
586 4016 795 4071 variae
826 4015 1109 4070 comitum
1117 4011 1246 4090 sa·-

150 4101 277 4157 cies
295 4141 317 4172 ,
371 4095 522 4179 (vid.
552 4096 621 4158 V.
648 4097 714 4156 L.
746 4096 920 4179 Wr.)
980 4096 1247 4174 exquisi-

150 4184 278 4244 tius
311 4203 492 4261 quam
528 4183 779 4242 comites
801 4183 967 4242 varia
1012 4183 1159 4242 facie
1183 4191 1246 4242 et

151 4269 478 4350 adsmctm
518 4288 661 4328 nam
684 4282 830 4344 cete,
860 4268 1091 4329 belluae
1112 4288 1245 4328 ma-

145 4355 340 4431 rinae,
382 4355 444 4415 in
475 4356 766 4414 comitatu
799 4354 1059 4434 Neptuni
1091 4355 1245 4414 alio-

145 4459 411 4520 rumque
506 4440 760 4501 deorum
836 4440 1247 4518 marinorunu

1326 3763 1606 3835 pascente
1675 3755 1890 3833 odyss.
1950 3781 2014 3838 γ,
2089 3755 2216 3823 448
2281 3777 2409 3835 sqq.

1328 3843 1541 3920 Georg.
1585 3840 1692 3915 IV,
1737 3840 1864 3906 480
1904 3862 1989 3920 sq.
2078 3845 2223 3907 823.
2265 3841 2409 3907 824-

1330 3927 1483 3986 Deos
1524 3926 1787 3986 marinos
1826 3929 2073 3987 omnino
2123 3929 2409 4008 designat,

1331 4032 1589 4090 quorum
1651 4012 1951 4092 principes
2015 4016 2289 4074 Glaucus
2341 4032 2411 4071 ac

1330 4099 1611 4157 Phorcus
1660 4119 1796 4159 cum
1849 4101 2188 4158 Melicerta.
2253 4098 2408 4157 cons.

1329 4203 1460 4264 sup.
1504 4203 1566 4244 v.
1611 4186 1754 4248 240.
1807 4193 1869 4243 et
1906 4184 2209 4263 Georg.·1,
2265 4181 2408 4247 437.

1333 4270 1563 4329 Glauci
1605 4269 1819 4329 chorus
1833 4314 1851 4345 ,
1899 4281 1973 4330 ut
2005 4269 2236 4330 Phorci
2260 4267 2410 4326 cho-

1327 4376 1430 4414 rus
1469 4374 1600 4436 sup.
1657 4375 1716 4414 v.
1762 4356 1887 4421 240
1933 4364 1996 4414 et
2056 4353 2217 4433 apud
2259 4353 2407 4414 Plin.

1327 4439 1406 4502 H.
1459 4440 1530 4500 N.
1595 4440 1896 4515 xxxvl,
1957 4439 2015 4503 4.
2067 4459 2114 4499 a.
2159 4444 2231 4515 7,
2276 4439 2408 4521 (qui
