2882 5028
598 358 765 432 DE
825 356 1309 433 CARMINE
1359 356 1675 434 EPICO
1731 358 2106 436 VIRGIL.
2454 369 2500 437 7

198 544 335 634 sis,
400 566 505 616 ex
576 543 1163 643 superioribus
1223 540 1449 623 facile
1520 543 2000 641 intelligitur.
2118 548 2242 621 Ne
2302 543 2506 621 illud

205 669 643 737 moneam,
718 648 936 747 epici
985 647 1352 725 carminis
1392 648 1722 723 virtutes
1758 645 2051 723 multas
2101 672 2193 723 ex
2243 673 2503 725 narra-

210 750 450 824 tionis
496 750 791 825 bonae
855 749 1136 825 indole
1195 764 1276 827 et
1317 764 1594 827 natura
1663 774 1835 827 esse
1886 749 2307 852 petendam,
2399 751 2499 829 ad

217 878 462 953 quam
510 855 815 954 utique
864 878 1051 929 cum
1097 855 1376 931 ceteris
1422 868 1503 931 et
1546 855 1706 930 hoc
1745 867 2046 956 spectat
2070 913 2091 950 ‚
2142 868 2235 931 ut
2275 868 2498 931 tanto

218 955 543 1033 dulcior
591 958 696 1031 sit
742 958 1013 1032 omnis
1059 958 1438 1054 narratio,
1530 972 1828 1060 quanto
1870 959 2117 1056 magis
2166 957 2290 1035 illa
2334 960 2499 1036 ani-

217 1085 452 1135 mum
513 1075 845 1137 terrore
911 1059 1043 1136 vel
1107 1061 1619 1138 miseratione
1684 1064 2044 1160 exagitat3
2129 1074 2220 1138 ut
2279 1087 2497 1139 vero.

220 1164 457 1265 quod
486 1166 619 1239 vir
670 1163 1298 1262 elegantissimus
1344 1163 1899 1259 arbitrabatur,
1952 1163 2199 1241 sutilis
2238 1166 2334 1241 ali
2397 1192 2497 1241 ua

220 1269 716 1366 tragicamm
765 1267 1170 1343 actionum
1215 1292 1639 1370 compages
1693 1268 2005 1346 bonum
2057 1293 2254 1369 epos
2317 1295 2362 1345 e
2400 1267 2497 1344 fi-

221 1373 416 1467 ciat,
471 1371 713 1447 valde
745 1395 1054 1450 vereor.
1160 1371 1325 1447 Alia
1364 1397 1495 1448 res
1521 1385 1659 1467 est,
1712 1374 1774 1448 si
1805 1373 1979 1474 quis
2007 1369 2496 1472 profiteatur,

220 1499 320 1551 ex
370 1476 586 1574 epici
648 1475 1023 1550 carminis
1085 1476 1438 1576 partibus
1497 1475 1751 1551 bonas
1811 1475 2255 1574 tragoedias
2320 1474 2496 1551 fieri

222 1603 509 1679 posse.
571 1578 678 1653 de
714 1602 882 1678 quo
911 1579 1067 1653 iam
1096 1579 1559 1656 Aristoteles
1599 1580 1757 1680 egit
1784 1584 2002 1663 Poet.
2031 1603 2092 1654 c.
2121 1590 2221 1659 23
2259 1592 2340 1653 et
2373 1590 2496 1659 26.

441 1682 655 1758 Illud
699 1683 1001 1758 interea
1040 1684 1306 1780 negari
1333 1684 1649 1784 nequit,
1707 1708 1891 1759 cum
1925 1682 2045 1780 id,
2101 1682 2323 1786 quod
2358 1682 2498 1759 ad-

221 1786 685 1861 mirationis
745 1786 1067 1860 maioris
1112 1787 1273 1860 vim
1321 1800 1402 1861 et
1447 1810 1798 1864 caussam
1849 1785 2125 1883 habet,
2189 1785 2285 1861 ad
2332 1786 2498 1862 ani-

221 1914 413 1965 mos
456 1903 783 1964 nostros
826 1888 1277 1965 movendos
1315 1902 1540 1965 tanto
1581 1891 1680 1965 sit
1717 1890 2160 1990 potentiuS‚
2199 1896 2499 1966 heroica

220 2007 695 2093 argmenta
739 2015 992 2090 genus
1035 1994 1234 2093 epici
1281 1993 1649 2069 carminis
1683 1992 2268 2071 nobilissimum
2302 2019 2496 2069 con-

220 2098 611 2188 stituere3
663 2096 1024 2196 inprimis
1064 2096 1126 2172 si
1169 2127 1261 2173 ex
1305 2103 1627 2185 heroicis
1670 2102 2114 2197 temporibus
2151 2099 2495 2197 petitum

220 2197 515 2295 fuerit,
573 2198 863 2300 quibus
893 2207 1203 2275 deorum
1244 2207 1657 2278 interventu
1694 2224 1824 2276 res
1853 2213 1988 2276 aut
2016 2212 2281 2299 gestae
2312 2214 2498 2276 sunt

222 2317 365 2379 aut
410 2305 587 2402 geri
659 2302 1045 2396 creditae3
1103 2305 1244 2379 etsi
1288 2306 1554 2379 minus
1593 2303 1804 2382 bene
1872 2330 1914 2379 a
1956 2305 2355 2379 Batteusio
2416 2316 2496 2378 et

223 2405 400 2481 aliis
436 2419 609 2482 tota
646 2407 845 2506 epici
875 2407 1242 2482 carminis
1276 2409 1389 2483 vis
1431 2407 1530 2483 ab
1576 2407 1699 2482 his
1749 2407 2092 2484 deorum
2137 2407 2516 2484 ministelv

220 2510 362 2586 riis
392 2509 692 2586 deduci
732 2511 1020 2611 coepit.
1122 2516 1286 2587 Nec
1316 2512 1742 2614 quicquam
1781 2508 2175 2587 infelicius
2205 2510 2495 2588 cedere

218 2627 538 2715 potest,
594 2639 838 2714 quam
888 2614 1027 2690 ubi
1072 2614 1413 2692 deorum
1455 2629 1586 2690 aut
1628 2617 2052 2712 geniorum
2100 2639 2345 2722 opera
2375 2616 2492 2692 uti

222 2717 572 2793 voluere
622 2730 911 2816 poetae
958 2718 1051 2792 iis
1096 2719 1174 2792 in
1219 2719 1462 2795 rebus
1511 2718 2037 2820 exponendiS‚
2094 2742 2286 2820 quas
2323 2743 2491 2794 non

218 2823 378 2896 nisi
442 2821 877 2896 hominum
945 2820 1271 2899 consilio
1316 2835 1399 2898 et
1453 2847 1702 2898 manu
1760 2835 2016 2919 gestas
2080 2845 2251 2898 esse
2311 2823 2492 2897 satis

220 2923 667 3001 constabat.

437 3032 533 3106 V.
588 3026 960 3128 Reliqua,
1036 3051 1240 3127 quae
1299 3028 1402 3105 de
1466 3029 1813 3104 carmine
1860 3028 2091 3128 epico
2144 3027 2490 3128 praecipi

219 3131 540 3227 solent,
598 3132 887 3230 partim
916 3159 1011 3206 ex
1038 3138 1501 3209 narrationis
1543 3138 1777 3208 bonae
1808 3138 2098 3208 ratione
2127 3160 2224 3208 ao
2252 3159 2488 3231 prae·-

221 3242 500 3335 cepfis,
556 3234 843 3334 partim
894 3263 988 3311 ex
1012 3242 1353 3334 poeticae
1383 3243 1745 3313 orationis
1782 3243 2002 3336 genio
2023 3291 2043 3324 ‚
2099 3246 2489 3333 quatenus

227 3339 313 3414 in
344 3352 702 3438 utroque
734 3361 1045 3413 summa
1084 3337 1599 3442 perfectaque
1640 3341 1837 3415 ratio
1885 3338 2307 3440 quaeritur,
2358 3362 2487 3413 re-

223 3443 477 3542 petita
523 3454 712 3516 sunt
757 3454 838 3516 et
887 3439 1116 3517 facile
1159 3445 1414 3544 repeti
1464 3455 1834 3544 possunt:
1903 3467 1970 3521 v,
2021 3466 2083 3520 c.
2132 3465 2332 3542 quae
2385 3440 2487 3516 de

227 3543 614 3646 episodiis
653 3557 928 3642 argute
976 3548 1221 3643 magis
1267 3573 1509 3648 quam
1563 3571 1750 3621 vere
1796 3544 2330 3647 disputantur3
2408 3556 2489 3619 et

228 3673 440 3749 quae
515 3646 619 3723 de
681 3648 1003 3723 unitatis
1059 3648 1234 3748 lege
1295 3650 1906 3751 praecipiuntur.
2025 3652 2197 3726 Una
2244 3645 2489 3723 debet

229 3776 403 3827 esse
437 3752 767 3827 actionis
804 3776 1143 3850 summa,
1195 3756 1259 3829 si
1283 3753 1615 3856 quidem
1646 3776 2010 3828 summus
2037 3752 2119 3826 iu
2149 3752 2308 3826 hoc
2345 3750 2484 3827 ad-

228 3854 669 3930 mirationis
724 3854 1195 3933 iniiciendae
1251 3877 1552 3955 genere
1629 3852 1965 3932 effectus
2026 3855 2486 3955 propositus

232 3973 347 4033 est
376 3973 708 4060 poetae;
763 3983 868 4034 ne
918 3957 1392 4038 distrahatur
1439 3959 1827 4037 audientis
1870 3959 2177 4034 animus
2209 3956 2484 4035 infrin-

229 4076 614 4166 gatur-que
657 4060 865 4138 adeo
903 4086 1177 4140 seusus
1207 4061 1701 4166 affectusque
1732 4063 1845 4137 vis
1884 4076 1965 4141 et
1990 4062 2367 4156 intentio,
2416 4061 2481 4136 si

233 4165 320 4243 ad
360 4167 594 4271 plura
639 4179 1037 4243 avocetur.
1137 4174 1423 4271 Neque
1477 4167 1555 4242 in
1605 4166 1726 4242 his
1780 4166 2090 4242 animos
2137 4189 2482 4264 genero-

226 4272 460 4350 siores
495 4271 642 4348 diu
695 4269 1042 4346 detineri
1081 4272 1342 4352 velim.
1445 4270 1838 4371 Pleraque
1882 4269 2098 4348 enim
2139 4280 2325 4344 sunt
2365 4280 2482 4348 ta-

221 4375 344 4478 lia,
397 4391 537 4477 ut,
593 4371 750 4452 nisi
802 4372 986 4473 quis
1020 4376 1444 4456 tardissimi
1490 4374 1590 4452 sit
1637 4373 1965 4473 ingenii,
2022 4373 2286 4474 primo
2323 4384 2480 4446 sta-
