2882 5028
416 252 575 399 24e
776 288 1669 393 ExCURSU's
1772 310 2017 391 x111„
2102 313 2314 388 xlv

587 503 665 570 Et
702 501 770 565 hi
794 501 1039 600 quidem
1075 502 1305 581 priscae
1340 510 1403 561 et
1443 501 1647 581 epicae
1681 522 1925 584 poeseos
1969 503 2281 585 praecipui
2318 502 2492 562 modi
2522 502 2692 562 divi-

421 610 562 657 nam
602 588 998 670 praesentiam
1027 586 1406 664 declarandi,
1452 607 1634 668 super
1673 589 1891 668 quibus
1930 590 2121 650 multa
2147 588 2384 669 posm‘nt
2412 589 2697 668 argutius

423 676 753 756 disputari,
795 675 913 741 nisi
935 674 1057 737 hoc
1095 694 1132 735 a
1165 674 1409 739 consilio
1451 683 1663 739 nostro
1700 684 1854 735 esset
1894 675 2191 751 alienum;
2249 683 2313 733 et
2340 676 2543 735 faeere
2570 674 2699 736 hoc

423 761 614 825 cuivis
657 780 735 823 ex
760 760 1167 842 superioribus
1194 770 1283 821 est
1309 761 1375 825 in
1400 770 1662 839 promtu.
1722 761 1986 836 Quando
2017 770 2222 823 autem
2251 760 2327 820 de
2353 761 2590 840 origine
2632 772 2700 824 et

423 868 632 917 caussa
673 845 857 911 huius
893 845 1334 927 phantasmatis
1373 844 1688 909 hominum
1727 847 2029 907 mentibus
2066 848 2310 908 subnati
2349 849 2702 926 quaeritur,

424 933 787 1013 ablegandus
813 941 907 997 est
945 933 1137 995 lector
1166 933 1246 995 ad
1290 933 1438 995 Exn.
1466 932 1493 991 1
1534 932 1613 994 ad
1641 933 1744 995 lib.
1773 934 1881 1010 IX,
1927 937 2073 998 688.
2159 932 2284 992 Nec
2319 942 2527 993 tamen
2577 954 2702 997 ex-

424 1019 814 1085 intimandum
850 1027 974 1096 est,
1031 1037 1263 1099 semper
1308 1016 1461 1079 haec
1494 1027 1626 1077 tam
1681 1028 1963 1081 accurate
2008 1027 2072 1078 et
2121 1018 2347 1081 diserte
2399 1040 2434 1078 a
2490 1020 2703 1099 poetis

425 1105 694 1165 tractari.
784 1105 950 1180 Quin
985 1125 1159 1185 saepe
1189 1105 1335 1164 satis
1377 1102 1634 1180 habent,
1679 1105 1860 1165 deum
1895 1124 2231 1169 memorare
2270 1125 2410 1165 cum
2440 1106 2704 1167 mortali

426 1201 732 1272 agentem,
791 1210 1016 1255 numen
1076 1210 1255 1255 suum
1304 1189 1819 1269 manifestantem,
1887 1200 1952 1253 et
2002 1206 2037 1249 a
2102 1190 2344 1250 mortali
2395 1191 2699 1270 agnitum,

425 1278 594 1343 nulla
641 1286 847 1341 tamen
868 1296 942 1337 re
975 1275 1246 1353 adiecta,
1290 1296 1408 1354 qua
1440 1275 1828 1356 intelligatur,
1871 1276 2179 1355 quomodo
2203 1277 2271 1336 id
2306 1276 2439 1337 fieri
2467 1288 2707 1357 potue-

425 1364 524 1428 rit
612 1363 848 1437 Scilicet
872 1362 993 1425 iam
1017 1363 1095 1421 ab
1129 1362 1302 1425 initio
1327 1362 1491 1425 inter
1515 1372 1760 1442 poetam
1790 1372 1854 1422 et
1880 1363 2170 1423 lectorem
2197 1363 2391 1422 tacito
2427 1383 2705 1425 consen-

426 1470 500 1511 su
537 1457 936 1525 convenerat,
990 1467 1166 1528 posse
1208 1458 1272 1516 et
1312 1448 1504 1509 solere
1544 1468 1583 1511 a
1626 1448 1740 1515 diis
1783 1448 1916 1509 fieri
1946 1469 2049 1524 ea,
2088 1469 2244 1527 quae
2276 1457 2526 1510 naturae
2554 1472 2703 1511 mo-

426 1556 558 1597 rem
592 1534 880 1601 deserunt
907 1554 1096 1614 eoque
1116 1535 1245 1615 ipso
1276 1533 1657 1598 mirationem
1683 1535 1928 1597 faciunt.
2012 1534 2304 1615 Exempla
2332 1534 2476 1595 vide
2521 1536 2703 1598 nid.

427 1646 488 1697 υ,
532 1626 696 1696 819,
738 1622 847 1685 ubi
898 1620 1232 1721 Neptunus
1268 1620 1533 1684 Aeneam
1582 1641 1709 1683 non
1750 1620 1932 1696 latet,
1978 1627 2042 1681 et
2083 1644 2139 1702 ρ,
2181 1620 2308 1688 334
2352 1619 2708 1700 Apollinem

426 1707 590 1767 idem
608 1704 813 1789 Ἔγνω
857 1702 1079 1770 ἐσάντα
1122 1699 1292 1769 ἰδων.
1335 1705 1492 1764 adde
1529 1706 1699 1770 Iliad.
1747 1708 1806 1787 β,
1870 1711 2010 1772 172.
2069 1729 2116 1782 ε,
2173 1704 2322 1772 794.
2362 1709 2513 1775 815.
2605 1709 2709 1772 sic

428 1793 538 1855 inf.
583 1792 733 1870 ΧΠ,
805 1797 932 1859 682
985 1795 1307 1855 lammam
1352 1810 1625 1852 sororem
1670 1792 1937 1871 agnoscit
1986 1792 2268 1867 Turnus,
2333 1811 2449 1853 nec
2515 1794 2706 1854 addi-

430 1887 569 1954 tur,
610 1898 736 1958 quo
775 1879 941 1959 signo
982 1877 1086 1938 vel
1131 1885 1502 1957 argumento.

941 2382 1014 2468 E
1047 2382 1149 2466 X
1186 2380 1256 2470 C
1292 2383 1370 2469 U
1397 2383 1482 2469 R
1511 2385 1572 2469 S
1611 2382 1694 2469 U
1729 2383 1789 2467 S
1912 2382 2011 2466 X
2027 2382 2064 2466 1
2082 2382 2166 2465 V

665 2569 850 2660 Equi
896 2581 1100 2656 caput
1148 2591 1347 2635 omen
1400 2568 2086 2658 Carthaginiensium
2110 2565 2473 2658 fortunae.

610 2743 660 2819 1,
699 2738 828 2807 442
841 2741 1085 2808 -445-
1141 2742 1652 2824 Poeni.Effodere
1681 2743 1812 2803 loco
1838 2745 2087 2822 signum
2105 2787 2122 2816 ,
2173 2744 2339 2822 quod
2375 2747 2557 2822 regia
2602 2745 2717 2804 Iu·-

441 2850 522 2888 no
544 2832 949 2905 Mon-stram,
994 2842 1184 2907 eaput
1217 2832 1379 2890 aeras
1414 2833 1590 2910 equi;
1636 2832 1724 2888 sic
1746 2849 1895 2892 nam
1914 2828 2059 2908 jore
2087 2827 2240 2891 bello
2265 2831 2619 2908 Egregium
2659 2843 2721 2888 es

425 2914 691 2994 facilem
719 2918 886 2978 uictu
902 2937 1021 2994 per
1044 2917 1292 2976 saecula
1315 2928 1580 2994 gentem.
1638 2915 1838 2994 caput
1867 2915 2155 2994 equinum
2182 2914 2334 2975 adeo
2366 2914 2717 2994 auspicium

442 3010 507 3060 et
532 3020 710 3063 omen
732 3003 975 3061 futurae
1000 3000 1121 3061 fuit
1145 3002 1454 3079 fortunam
1480 3002 1613 3063 fore
1625 3001 1856 3062 Poenos
1885 3009 2124 3081 gentem
2148 3000 2494 3062 bellicosam
2521 3010 2591 3059 et
2608 3019 2717 3061 re-

441 3105 582 3146 rum
613 3087 799 3166 copiis
826 3082 930 3168 (ex
956 3086 1326 3165 agricultura
1340 3131 1358 3158 ,
1401 3087 1782 3167 navigatione
1819 3095 1885 3146 et
1914 3086 2286 3148 commerciis
2306 3085 2721 3169 populorum)

444 3172 810 3236 affluentem.
892 3171 1103 3234 lustin.
1135 3172 1349 3250 XVIII,
1393 3174 1455 3248 5,
1504 3177 1583 3239 16
1609 3173 1713 3234 Ibi
1733 3194 1966 3255 quoque
1990 3176 2134 3253 equi
2169 3186 2357 3251 capus
2378 3185 2712 3251 repertum,

442 3257 790 3320 bellicosum
818 3267 1247 3340 potentemque
1265 3259 1861 3338 populumszamm
1884 3259 2271 3337 ss'gmfieans,
2317 3257 2454 3319 mhi
2481 3261 2711 3337 anqui-

445 3355 652 3404 catam
685 3345 885 3404 aedem
926 3344 1111 3407 dedic.
1222 3344 1391 3418 Quae
1438 3345 1715 3406 fidiculas
1755 3344 1993 3420 verbis,
2060 3345 2329 3424 facilem
2368 3348 2535 3403 victu
2579 3345 2719 3404 sore

445 3438 721 3509 gentem,
783 3427 1254 3510 interpretandis
1287 3428 1683 3494 adhibuerint
1708 3431 1828 3491 viri
1876 3430 2081 3506 docti,
2135 3430 2278 3493 vide
2318 3429 2482 3510 apud
2530 3430 2717 3490 eard.

447 3516 654 3575 Buxm.
692 3517 914 3596 Trapp.
994 3515 1061 3576 si
1099 3514 1680 3596 Carthaginiensium
1716 3515 2035 3578 historiam
2071 3516 2367 3596 inspicere
2400 3516 2721 3576 meminis-

448 3610 585 3662 sent
607 3599 726 3662 viri
752 3601 953 3677 docti,
992 3601 1060 3661 in
1091 3602 1298 3662 multis
1327 3600 1510 3664 huius
1537 3612 1599 3662 et
1629 3603 1835 3682 quarti
1866 3601 2007 3664 libri
2045 3602 2195 3662 locis
2220 3602 2420 3666 minus
2460 3603 2721 3663 turbas-

448 3696 603 3746 sent.
687 3688 999 3747 Celebrate
1050 3688 1191 3747 satis
1231 3688 1393 3748 inter
1432 3698 1669 3750 veteres
1702 3708 1800 3748 res
1840 3697 1961 3763 est,
2019 3687 2537 3769 Carthaginienses
2587 3689 2720 3770 agri

451 3772 690 3834 colendi
717 3773 1181 3834 studiosissimos
1209 3774 1390 3835 fuisse
1406 3819 1423 3849 ,
1471 3785 1533 3835 et
1561 3784 1765 3835 totum
1800 3774 1972 3834 illum
2007 3774 2242 3834 Africae
2282 3783 2553 3834 tractum
2586 3776 2719 3837 lae—

450 3859 679 3922 tissimo
725 3861 896 3920 cultu
941 3880 1207 3920 summae
1236 3861 1563 3922 fertilitatis
1605 3860 1958 3922 effloruisse.
2042 3862 2250 3940 ltaque
2291 3861 2608 3940 praeclare
2646 3862 2723 3922 iis

451 3945 840 4025 portenditur
896 3955 1189 4026 perpetua
1238 3947 1436 4008 victus
1480 3946 1651 4027 copia
1701 3955 1765 4006 et
1803 3947 2142 4022 affluentia3
2194 3957 2254 4007 et
2273 3949 2507 4026 facilis
2547 3952 2721 4008 viem

454 4039 545 4091 est
583 4031 664 4108 is,
722 4032 830 4110 qni
862 4032 1094 4092 facilem
1117 4041 1181 4092 et
1218 4043 1500 4111 paratum
1538 4033 1769 4095 victum
1803 4031 2016 4093 habet:
2062 4030 2353 4112 εὔπορος,
2399 4043 2475 4094 ut
2504 4054 2721 4112 agrum

444 4117 735 4197 smgibm
771 4118 870 4178 vel
887 4118 1162 4197 fragm
1184 4119 1455 4196 facilem
1498 4119 1706 4182 dixere
1746 4129 1998 4182 veteres.
2086 4119 2443 4179 Tenendum
2467 4121 2716 4195 scilieet,

455 4223 543 4277 ea,
606 4223 760 4282 quse
797 4203 864 4264 in
894 4204 1131 4284 vulgari
1170 4206 1440 4267 oratione
1483 4203 1553 4270 sci
1592 4207 1809 4285 facilis
1846 4227 1964 4287 pro
2013 4205 2313 4267 adiectivo
2359 4205 2719 4267 adiunctum

455 4289 709 4366 habent,
752 4291 983 4372 poetice
1019 4291 1107 4351 ita
1130 4290 1357 4370 efferri3
1398 4301 1475 4352 ut
1503 4292 1555 4352 si
1591 4294 1931 4374 alloquium
1958 4292 2339 4372 ngissaede
2366 4293 2716 4374 exprimen-

458 4376 604 4436 dum
626 4376 708 4437 sit
722 4377 1031 4456 ,facilem
1059 4396 1260 4456 regem
1283 4380 1554 4459 alloquio
1599 4378 1697 4438 vel
1733 4380 1994 4460 alloquii
2022 4378 2186 4438 dicat
2212 4388 2428 4458 poeta,
2478 4390 2555 4441 nt
2588 4378 2715 4441 vd.
