2882 5028
530 418 1986 515 AENEIDOSLIB.V1‚17-26
2110 385 2115 389 ⁵
2239 432 2382 505 857
2481 505 2486 512 .

145 604 699 705 Cecropidae
680 606 866 682 iussi
898 607 1381 704 (miserum')
1410 619 1739 706 septena
1773 621 1970 709 quot
2001 613 2221 686 annis

146 711 514 808 Corpora
540 722 954 803 natorum3
1012 722 1159 785 stat
1198 708 1449 784 ductis
1476 710 1817 786 sortibus
1847 735 2066 791 urna.

147 813 450 889 Contra
480 811 674 888 elata
703 813 903 888 mari
932 811 1369 915 respondet
1395 814 1685 889 Gnosia
1717 813 1990 892 tellus,

141 917 294 991 Hic
328 914 667 992 crudelis
700 940 927 991 amor
953 917 1193 1013 tauri,
1247 929 1786 1020 suppostaque
1820 915 2039 993 furto

145 1017 554 1121 Pasiphae,
593 1021 1092 1120 mixtumque
1118 1043 1391 1117 genuS,
1434 1019 1865 1120 prolesque
1892 1018 2256 1096 biformis
2294 1027 2396 1102 25

144 1122 647 1199 Minotaurus
680 1123 919 1219 inest,
974 1124 1309 1200 Veneris
1336 1136 1867 1200 monumenta
1899 1122 2332 1218 nefandae3

291 1333 359 1387 21
412 1331 663 1384 misertim
708 1348 808 1401 pro
856 1332 1020 1384 mim
1022 1349 1084 1383 or
1085 1350 1174 1383 um
1223 1292 1519 1399 accipiehat
1568 1330 1746 1384 Heius.
1816 1334 1977 1384 mian
1981 1351 2069 1384 um
2113 1333 2254 1385 iussi
2292 1348 2397 1383 aec.

150 1400 322 1454 Goth.
461 1403 531 1456 22
566 1402 654 1453 dec
655 1404 728 1453 tie
761 1400 924 1453 Goth.
958 1410 1081 1451 tert.
1218 1403 1290 1456 23
1325 1406 1399 1452 On
1403 1404 1521 1453 oaia
1553 1404 1731 1466 Rom„
1766 1412 1825 1454 ut
1857 1400 1925 1454 31.
1973 1402 2098 1470 (vid.
2133 1403 2198 1454 V.
2231 1402 2294 1452 L.
2330 1402 2400 1453 ad

149 1472 226 1535 V,
254 1471 379 1525 306.
418 1470 565 1539 Wr.)
611 1472 885 1522 Burmann.
927 1469 1062 1521 coni.
1113 1471 1444 1554 ruplendee.
1510 1472 1614 1523 Sed
1658 1482 1805 1523 recte
1850 1471 2100 1555 impetum
2145 1471 2402 1538 repremit

148 1539 234 1592 vir
268 1540 472 1592 doctus.
607 1541 679 1595 25
714 1541 883 1592 Pleas:
865 1540 1021 1610 iphe,
1055 1541 1294 1610 Pasiplze
1324 1539 1379 1592 in
1417 1540 1571 1592 codd.
1640 1542 1735 1592 Eat
1775 1537 2067 1609 Πασιφάη.

147 1715 254 1789 111,
320 1716 424 1779 32.
506 1712 797 1773 Fabulam
858 1723 1235 1794 cognoscant,
1319 1714 1454 1773 dem
1504 1714 1891 1775 historiarum
1943 1716 2213 1775 ordinem
2265 1734 2399 1795 spe-

148 1800 371 1878 quibus
403 1819 553 1879 opus
596 1809 718 1875 est,
762 1819 839 1857 ex
877 1800 1055 1859 Ovid.
1089 1800 1232 1859 Met.
1317 1810 1568 1861 etentes.

148 1884 281 1960 vll,
313 1882 437 1948 456
466 1904 592 1962 sqq.
635 1894 699 1944 et
736 1885 888 1961 VIII,
921 1886 1041 1949 153
1072 1904 1232 1964 seqq.
1378 1890 1704 1950 *23—33.
1767 1887 2002 1945 Gnosia
2055 1886 2266 1961 tellus,
2327 1893 2400 1943 ut

150 1980 262 2031 aut
304 1988 379 2028 ex
412 1970 631 2028 catulli
671 1969 932 2049 Epithal.
970 1970 1126 2029 Pelei
1174 1991 1233 2030 v.
1323 1972 1556 2031 Gnosia
1590 1992 1779 2049 regna
1815 1972 1935 2029 iam
1982 1970 2242 2031 vidimus
2296 1969 2398 2043 111,

147 2061 237 2122 73
267 2076 393 2133 sqq.
439 2064 501 2114 et
528 2075 690 2114 nuuc
725 2076 803 2114 ex
827 2056 1105 2136 Apollod.
1136 2056 1233 2132 lli,
1324 2056 1464 2120 115.
1546 2057 1710 2116 elata
1760 2060 1921 2115 mari
1944 2101 1962 2130 ,
2037 2065 2399 2136 perpetuum

155 2141 259 2216 15,
313 2146 352 2205 7
422 2149 484 2200 et
543 2141 681 2202 Not.
743 2161 873 2221 pag.
936 2145 1061 2206 879
1115 2160 1234 2219 seq.
1315 2142 1649 2201 insularum
1684 2141 2013 2220 epitheton,
2050 2144 2204 2216 alta,
2239 2139 2404 2219 quod

148 2238 401 2305 septena
443 2247 691 2303 corpora
726 2240 1002 2286 natorum
1023 2272 1042 2302 ,
1100 2247 1234 2307 pro,
1320 2227 1460 2286 alibi
1501 2226 1763 2287 vidimus
1807 2225 1904 2308 (cs.
1949 2247 2078 2308 sup.
2121 2228 2190 2302 V,
2230 2225 2403 2308 588).

145 2313 303 2387 nati,
345 2311 686 2391 elegantius,
714 2321 786 2371 ut
813 2332 1001 2392 saepe.
1059 2311 1239 2393 (pen-
1320 2314 1665 2390 respondet,
1724 2313 1790 2372 in
1842 2313 2043 2372 alteris
2084 2313 2275 2371 valvis
2325 2331 2402 2370 ex

146 2400 294 2458 dere
313 2417 549 2475 poenas
572 2431 655 2442 —
680 2419 960 2476 corpora,
1017 2408 1091 2458 ut
1131 2418 1239 2457 su-
1324 2398 1576 2458 adversa
1609 2442 1626 2473 ,
1686 2401 1959 2477 opposita
1987 2443 2005 2475 ,
2064 2408 2234 2478 parte
2294 2417 2404 2455 ex-

148 2503 270 2566 pra
316 2483 385 2557 11,
436 2487 600 2548 139.:
657 2484 922 2559 „Quos
974 2483 1060 2543 illi
1117 2484 1241 2543 fora
1325 2503 1526 2565 pressa
1554 2492 1659 2543 eet.
1745 2486 1998 2544 crudelis
2027 2505 2219 2557 amor,
2267 2483 2405 2543 vio-

150 2580 220 2629 et
290 2586 584 2648 poenas
635 2603 710 2614 -
758 2573 1241 2649 reposcent.“
1325 2572 1555 2630 lentus:
1594 2568 1799 2628 eodem
1839 2569 2020 2629 modo
2062 2590 2307 2627 saevum
2348 2578 2408 2626 et
2475 2588 2492 2613 κ

155 2653 346 2737 Wr.)
431 2652 809 2733 Argutantur
871 2657 936 2714 in
993 2675 1243 2714 numero
1328 2657 1412 2714 sic
1481 2675 1664 2735 porro
1723 2655 1945 2714 dictum
2004 2654 2202 2734 accipe
2275 2673 2406 2731 pro,

148 2743 541 2819 InterpreteS.
628 2742 778 2800 Cum
817 2740 986 2820 pueri
1017 2749 1243 2819 septem
1328 2761 1599 2819 magnus,
1628 2740 1863 2800 nimius.
1921 2753 2212 2818 supposta
2229 2738 2408 2815 furto

150 2836 502 2906 neptemque
556 2828 787 2904 puellae
834 2829 1240 2897 mitterentur,
1329 2846 1441 2906 pro
1497 2827 1802 2905 supposita
1864 2835 2044 2884 tauro
2110 2824 2406 2898 adultero,

150 2911 374 2992 quidni
418 2912 776 2971 alterutrum
808 2921 1047 2971 tantum
1097 2911 1244 2990 poni
1324 2932 1438 2989 per
1477 2912 1759 2990 furtum,
1832 2911 2120 2990 κρυφίοις
2189 2904 2408 2991 γάμοις

147 2997 410 3083 potuit?
517 3008 669 3071 atat,
750 2996 989 3075 adstat,
1061 3018 1238 3073 uma,
1329 3003 1615 3078 μιγεῖσα,
1671 3015 1748 3054 ex
1805 3005 1949 3055 nota
2007 2994 2232 3054 Musaei
2279 2996 2409 3053 sor-

148 3081 442 3165 graphice
469 3058 588 3141 hoc
619 3082 697 3141 ad
727 3083 1101 3142 sortitionem
1138 3102 1246 3140 eo-
1327 3081 1510 3141 mula.
1593 3080 1789 3139 Nolim
1822 3091 2021 3140 tamen
2061 3090 2275 3160 putare
2313 3082 2409 3159 ip·-

148 3189 338 3244 rum,
382 3168 485 3246 qui
531 3167 816 3227 mittendi
869 3176 1074 3243 erant,
1137 3166 1246 3226 de·
1330 3188 1455 3225 sam
1512 3186 1751 3224 vaccam
1804 3167 2056 3245 ligneam
2095 3168 2410 3245 ipsumque

150 3253 527 3316 clarandam.
614 3254 737 3313 lam
771 3274 831 3313 v.
863 3258 1045 3317 20-
1056 3212 1146 3316 '22
1183 3253 1247 3310 in
1328 3252 1616 3331 flagitium
1656 3270 2001 3331 expressum
2045 3252 2251 3311 fuisse:
2308 3250 2410 3309 sed

149 3342 300 3402 unia
374 3339 594 3398 forium
665 3339 860 3398 valvis
941 3356 1248 3419 expressae
1330 3335 1620 3417 Pasiphae
1645 3357 1769 3397 v.c.
1804 3337 2141 3397 demulcens
2172 3345 2413 3395 taurum

152 3435 315 3508 puta
355 3423 649 3501 Athenas,
692 3424 1006 3504 Androgeo
1046 3444 1251 3483 necem
1333 3427 1482 3482 inest
1500 3467 1518 3497 ‚
1567 3431 1872 3501 tamquam
1912 3444 2049 3503 pars
2079 3422 2414 3501 argumenti

156 3523 226 3571 et
263 3510 640 3571 sortitionem
678 3529 1038 3590 puerorum;
1095 3531 1128 3568 a
1186 3529 1247 3568 v.
1334 3527 1630 3588 expressa.
1756 3509 2001 3569 Veneris
2082 3508 2408 3587 nefandae,

156 3602 249 3661 23
293 3616 420 3674 sqq.
465 3605 664 3655 autem
714 3597 776 3654 in
817 3596 1018 3654 alteris
1059 3595 1248 3654 valvis
1330 3593 1574 3654 nefandi
1605 3594 1840 3653 amoris.
1891 3595 2025 3654 Non
2054 3593 2241 3653 aliter.
2287 3594 2417 3652 No-

157 3684 422 3755 Cretam,
461 3690 725 3757 taurum,
755 3681 1103 3760 Pasiphaen,
1129 3679 1250 3739 Mi·
1332 3690 1396 3740 ta
1434 3688 1522 3737 est
1562 3679 1637 3737 de
1676 3679 2019 3739 Minotauro
2063 3679 2297 3755 sabula,
2350 3679 2417 3737 in

159 3776 516 3842 notam-um,
543 3766 1000 3846 Labyrinthum,
1028 3765 1248 3826 Ariad-
1332 3757 2020 3844 cuin-§interpretatione
2061 3774 2418 3844 argutantur

162 3873 289 3914 nen
318 3898 334 3928 ‚
412 3853 752 3913 Daedalum.
861 3852 1050 3912 Porro
1110 3851 1251 3911 dili·
1334 3851 1554 3930 passim
1593 3860 1853 3927 veteres,
1909 3852 2085 3911 etiam
2134 3851 2212 3910 ad
2261 3849 2323 3911 h.
2378 3850 2416 3909 l.

160 3948 378 4021 genter
402 3949 603 3999 servat
625 3947 801 4019 poeta
827 3957 1053 3998 morem
1078 3947 1252 3997 vete·
1336 3936 1593 3998 Videtur
1652 3936 1854 3997 fabula
1927 3937 2275 4017 simpliciter
2342 3954 2418 3994 ex

164 4046 308 4086 rum
340 4024 846 4105 anaglyphorum,
901 4043 1052 4103 quae
1078 4024 1254 4102 plura
1338 4022 1611 4101 symbolo
1683 4022 1881 4102 aliquo
1952 4022 2284 4100 antiquitus
2353 4021 2417 4079 in

162 4120 526 4190 argumenta
580 4112 852 4190 deinceps
909 4110 1101 4190 posita
1143 4128 1253 4168 cu-
1340 4109 1516 4167 Creta
1559 4108 1737 4168 obvio
1789 4109 2004 4185 ducta,
2056 4106 2220 4185 quod
2260 4105 2417 4184 figu-

164 4197 519 4273 mulabant;
577 4196 722 4255 dum
764 4196 839 4255 de
879 4195 1111 4255 unitate
1156 4215 1258 4253 ar·-
1341 4214 1475 4253 ram
1498 4192 1822 4254 humanam
1857 4214 1993 4253 cum
2034 4194 2228 4271 capite
2256 4190 2420 4250 tauri

163 4283 435 4362 gumenti
472 4301 685 4361 parum
744 4281 977 4340 solliciti
1027 4289 1260 4340 veteres
1344 4277 1695 4357 exhibebat3
1739 4288 1870 4339 erat
1897 4277 2059 4338 aliud
2084 4276 2420 4356 symbolum

163 4376 361 4427 erant.
451 4369 611 4426 Sunt
642 4375 843 4425 tamen
871 4365 934 4426 h.
960 4365 1002 4425 1.
1035 4385 1131 4426 res
1159 4366 1259 4425 in·—
1342 4366 1409 4425 in
1438 4365 1671 4425 Siciliae
1716 4374 1777 4425 et
1812 4364 2011 4423 ltaliae
2050 4362 2246 4422 numia
2296 4364 2422 4423 sre-

163 4463 266 4515 ter
335 4469 401 4512 ιο
470 4460 753 4532 cognatae
823 4460 886 4511 et
955 4450 1033 4511 ad
1108 4470 1261 4512 eun·
1346 4460 1730 4530 quentatum,
1762 4467 2012 4530 corpore
2037 4448 2201 4509 tauri
2228 4447 2297 4507 in
2320 4468 2424 4508 ca-
