<?xml version="1.0" encoding="UTF-8"?>
<!DOCTYPE html PUBLIC "-//W3C//DTD XHTML 1.0 Transitional//EN"
    "http://www.w3.org/TR/xhtml1/DTD/xhtml1-transitional.dtd">
<html xmlns="http://www.w3.org/1999/xhtml" xml:lang="en" lang="en">
 <head>
  <title>
</title>
<meta http-equiv="Content-Type" content="text/html;charset=utf-8" />
  <meta name='ocr-system' content='tesseract 3.04.00' />
  <meta name='ocr-capabilities' content='ocr_page ocr_carea ocr_par ocr_line ocrx_word'/>
</head>
<body>
  <div class='ocr_page' id='page_1' title='image "./pvblivsvirgiliv00sillgoog/pvblivsvirgiliv00sillgoog_0381.png"; bbox 0 0 2882 5028; ppageno 0'>
   <div class='ocr_carea' id='block_1_1' title="bbox 475 386 627 464">
    <p class='ocr_par' dir='ltr' id='par_1_1' title="bbox 475 386 627 464">
     <span class='ocr_line' id='line_1_1' title="bbox 475 386 627 464; baseline -0.013 0"><span class='ocrx_word' id='word_1_1' title='bbox 475 386 627 464; x_wconf 76' lang='lat'>358</span> 
     </span>
    </p>
   </div>
   <div class='ocr_carea' id='block_1_2' title="bbox 961 382 2252 461">
    <p class='ocr_par' dir='ltr' id='par_1_2' title="bbox 961 382 2252 461">
     <span class='ocr_line' id='line_1_2' title="bbox 961 382 2252 461; baseline 0.001 -4"><span class='ocrx_word' id='word_1_2' title='bbox 961 385 1044 458; x_wconf 83' lang='lat' dir='ltr'>P.</span> <span class='ocrx_word' id='word_1_3' title='bbox 1098 382 1631 461; x_wconf 88' lang='lat' dir='ltr'>VIRGILII</span> <span class='ocrx_word' id='word_1_4' title='bbox 1681 384 2252 460; x_wconf 88' lang='lat' dir='ltr'><strong>MARONIS</strong></span> 
     </span>
    </p>
   </div>
   <div class='ocr_carea' id='block_1_3' title="bbox 475 568 2695 1088">
    <p class='ocr_par' dir='ltr' id='par_1_3' title="bbox 475 568 2695 1088">
     <span class='ocr_line' id='line_1_3' title="bbox 480 568 2690 673; baseline 0.002 -27"><span class='ocrx_word' id='word_1_5' title='bbox 480 570 700 646; x_wconf 84' lang='lat' dir='ltr'>Talia</span> <span class='ocrx_word' id='word_1_6' title='bbox 731 568 1131 669; x_wconf 82' lang='lat' dir='ltr'><strong>perstabat</strong></span> <span class='ocrx_word' id='word_1_7' title='bbox 1154 594 1654 666; x_wconf 70' lang='lat' dir='ltr'>memorem,</span> <span class='ocrx_word' id='word_1_8' title='bbox 1707 568 2070 673; x_wconf 86' lang='lat' dir='ltr'>fixusque</span> <span class='ocrx_word' id='word_1_9' title='bbox 2098 570 2486 649; x_wconf 81' lang='lat' dir='ltr'>manebat.</span> <span class='ocrx_word' id='word_1_10' title='bbox 2561 574 2690 651; x_wconf 88' lang='grc'>650</span> 
     </span>
     <span class='ocr_line' id='line_1_4' title="bbox 475 670 2537 776; baseline -0.002 -23"><span class='ocrx_word' id='word_1_11' title='bbox 475 680 642 753; x_wconf 88' lang='lat' dir='ltr'>Nos</span> <span class='ocrx_word' id='word_1_12' title='bbox 680 685 953 749; x_wconf 86' lang='lat' dir='ltr'>contra</span> <span class='ocrx_word' id='word_1_13' title='bbox 990 670 1227 750; x_wconf 83' lang='lat' dir='ltr'>effusi</span> <span class='ocrx_word' id='word_1_14' title='bbox 1258 674 1632 771; x_wconf 82' lang='lat' dir='ltr'>lacrimis,</span> <span class='ocrx_word' id='word_1_15' title='bbox 1690 675 2200 776; x_wconf 86' lang='lat' dir='ltr'>coniunxque</span> <span class='ocrx_word' id='word_1_16' title='bbox 2228 677 2537 770; x_wconf 84' lang='lat' dir='ltr'>Creusa,</span> 
     </span>
     <span class='ocr_line' id='line_1_5' title="bbox 477 777 2695 880; baseline -0.002 -24"><span class='ocrx_word' id='word_1_17' title='bbox 477 777 1047 878; x_wconf 84' lang='lat' dir='ltr'>Ascaniusque,</span> <span class='ocrx_word' id='word_1_18' title='bbox 1103 779 1528 880; x_wconf 89' lang='lat' dir='ltr'>omnisque</span> <span class='ocrx_word' id='word_1_19' title='bbox 1568 778 1893 872; x_wconf 69' lang='lat' dir='ltr'>domm,</span> <span class='ocrx_word' id='word_1_20' title='bbox 1945 803 2053 855; x_wconf 90' lang='lat' dir='ltr'>ne</span> <span class='ocrx_word' id='word_1_21' title='bbox 2101 792 2412 854; x_wconf 82' lang='lat' dir='ltr'>vertere</span> <span class='ocrx_word' id='word_1_22' title='bbox 2452 799 2695 853; x_wconf 90' lang='lat' dir='ltr'>secum</span> 
     </span>
     <span class='ocr_line' id='line_1_6' title="bbox 480 878 2693 983; baseline 0 -25"><span class='ocrx_word' id='word_1_23' title='bbox 480 885 782 958; x_wconf 81' lang='lat' dir='ltr'>Cuncta</span> <span class='ocrx_word' id='word_1_24' title='bbox 822 893 1081 980; x_wconf 83' lang='lat' dir='ltr'>pater,</span> <span class='ocrx_word' id='word_1_25' title='bbox 1152 878 1484 983; x_wconf 84' lang='lat' dir='ltr'>fatoque</span> <span class='ocrx_word' id='word_1_26' title='bbox 1525 882 1898 981; x_wconf 84' lang='lat' dir='ltr'>urguenti</span> <span class='ocrx_word' id='word_1_27' title='bbox 1945 881 2412 958; x_wconf 86' lang='lat' dir='ltr'>incumbere</span> <span class='ocrx_word' id='word_1_28' title='bbox 2463 880 2693 958; x_wconf 84' lang='lat' dir='ltr'>vellet.</span> 
     </span>
     <span class='ocr_line' id='line_1_7' title="bbox 475 983 2610 1088; baseline 0 -27"><span class='ocrx_word' id='word_1_29' title='bbox 475 983 870 1081; x_wconf 82' lang='lat' dir='ltr'>Abnegat,</span> <span class='ocrx_word' id='word_1_30' title='bbox 927 984 1413 1088; x_wconf 87' lang='lat' dir='ltr'>inceptoque</span> <span class='ocrx_word' id='word_1_31' title='bbox 1453 1000 1534 1062; x_wconf 87' lang='lat' dir='ltr'>et</span> <span class='ocrx_word' id='word_1_32' title='bbox 1567 986 1892 1062; x_wconf 89' lang='lat' dir='ltr'>sedibus</span> <span class='ocrx_word' id='word_1_33' title='bbox 1922 986 2202 1062; x_wconf 85' lang='lat' dir='ltr'>haeret</span> <span class='ocrx_word' id='word_1_34' title='bbox 2230 986 2311 1062; x_wconf 91' lang='lat' dir='ltr'>in</span> <span class='ocrx_word' id='word_1_35' title='bbox 2349 984 2610 1063; x_wconf 91' lang='lat' dir='ltr'>isdem.</span> 
     </span>
    </p>
   </div>
   <div class='ocr_carea' id='block_1_4' title="bbox 476 1087 1571 1194">
    <p class='ocr_par' dir='ltr' id='par_1_4' title="bbox 476 1087 1571 1194">
     <span class='ocr_line' id='line_1_8' title="bbox 476 1087 1571 1194; baseline 0 -28"><span class='ocrx_word' id='word_1_36' title='bbox 476 1092 779 1166; x_wconf 86' lang='lat' dir='ltr'>Rursus</span> <span class='ocrx_word' id='word_1_37' title='bbox 862 1088 943 1162; x_wconf 89' lang='lat' dir='ltr'>in</span> <span class='ocrx_word' id='word_1_38' title='bbox 986 1114 1230 1194; x_wconf 6' lang='lat' dir='ltr'>*anna</span> <span class='ocrx_word' id='word_1_39' title='bbox 1306 1087 1571 1188; x_wconf 88' lang='lat' dir='ltr'>feror,</span> 
     </span>
    </p>
   </div>
   <div class='ocr_carea' id='block_1_5' title="bbox 1642 1089 2694 1294">
    <p class='ocr_par' dir='ltr' id='par_1_5' title="bbox 1642 1089 2694 1294">
     <span class='ocr_line' id='line_1_9' title="bbox 1646 1089 2694 1190; baseline -0.005 -24"><span class='ocrx_word' id='word_1_40' title='bbox 1646 1102 2163 1190; x_wconf 86' lang='lat' dir='ltr'>mortemque</span> <span class='ocrx_word' id='word_1_41' title='bbox 2242 1089 2694 1165; x_wconf 89' lang='lat' dir='ltr'>miserrimus</span> 
     </span>
     <span class='ocr_line' id='line_1_10' title="bbox 1642 1195 2694 1294; baseline 0 -25"><span class='ocrx_word' id='word_1_42' title='bbox 1642 1205 1859 1294; x_wconf 79' lang='lat' dir='ltr'>opto,</span> <span class='ocrx_word' id='word_1_43' title='bbox 2567 1195 2694 1272; x_wconf 82' lang='lat'>655</span> 
     </span>
    </p>
   </div>
   <div class='ocr_carea' id='block_1_6' title="bbox 475 1292 2691 1398">
    <p class='ocr_par' dir='ltr' id='par_1_6' title="bbox 475 1292 2691 1398">
     <span class='ocr_line' id='line_1_11' title="bbox 475 1292 2691 1398; baseline -0.002 -25"><span class='ocrx_word' id='word_1_44' title='bbox 475 1300 680 1373; x_wconf 85' lang='lat' dir='ltr'>Nam</span> <span class='ocrx_word' id='word_1_45' title='bbox 747 1292 970 1395; x_wconf 91' lang='lat' dir='ltr'>quod</span> <span class='ocrx_word' id='word_1_46' title='bbox 1039 1296 1460 1373; x_wconf 88' lang='lat' dir='ltr'>consilium</span> <span class='ocrx_word' id='word_1_47' title='bbox 1530 1311 1664 1373; x_wconf 82' lang='lat' dir='ltr'>aut</span> <span class='ocrx_word' id='word_1_48' title='bbox 1732 1321 1937 1398; x_wconf 88' lang='lat' dir='ltr'>quae</span> <span class='ocrx_word' id='word_1_49' title='bbox 2003 1298 2160 1373; x_wconf 87' lang='lat' dir='ltr'>iam</span> <span class='ocrx_word' id='word_1_50' title='bbox 2212 1292 2531 1372; x_wconf 84' lang='lat' dir='ltr'>fortuna</span> <span class='ocrx_word' id='word_1_51' title='bbox 2578 1293 2691 1370; x_wconf 83' lang='lat' dir='ltr'>da·</span> 
     </span>
    </p>
   </div>
   <div class='ocr_carea' id='block_1_7' title="bbox 584 1475 1167 1596">
    <p class='ocr_par' dir='ltr' id='par_1_7' title="bbox 584 1475 1167 1596">
     <span class='ocr_line' id='line_1_12' title="bbox 584 1475 1167 1596; baseline -0.002 -18"><span class='ocrx_word' id='word_1_52' title='bbox 584 1503 754 1579; x_wconf 89' lang='lat'><strong>651.</strong></span> <span class='ocrx_word' id='word_1_53' title='bbox 812 1475 1167 1596; x_wconf 65' lang='lat' dir='ltr'>coni-M,</span> 
     </span>
    </p>
   </div>
   <div class='ocr_carea' id='block_1_8' title="bbox 612 1674 1382 1729">
    <p class='ocr_par' dir='ltr' id='par_1_8' title="bbox 612 1674 1382 1729">
     <span class='ocr_line' id='line_1_13' title="bbox 612 1674 1382 1729; baseline -0.003 0"><span class='ocrx_word' id='word_1_54' title='bbox 612 1674 713 1729; x_wconf 83' lang='lat'>651</span> <span class='ocrx_word' id='word_1_55' title='bbox 751 1674 874 1726; x_wconf 77' lang='lat' dir='ltr'>Nos</span> <span class='ocrx_word' id='word_1_56' title='bbox 899 1675 1098 1726; x_wconf 81' lang='lat' dir='ltr'>circum</span> <span class='ocrx_word' id='word_1_57' title='bbox 1120 1675 1382 1728; x_wconf 82' lang='lat' dir='ltr'>Montalb.</span> 
     </span>
    </p>
   </div>
   <div class='ocr_carea' id='block_1_9' title="bbox 1644 1401 1932 1477">
    <p class='ocr_par' dir='ltr' id='par_1_9' title="bbox 1644 1401 1932 1477">
     <span class='ocr_line' id='line_1_14' title="bbox 1644 1401 1932 1477; baseline 0.007 -3"><span class='ocrx_word' id='word_1_58' title='bbox 1644 1401 1878 1477; x_wconf 87' lang='lat' dir='ltr'>batur</span> <span class='ocrx_word' id='word_1_59' title='bbox 1896 1409 1932 1476; x_wconf 74' lang='lat' dir='ltr'><em>P</em></span> 
     </span>
    </p>
   </div>
   <div class='ocr_carea' id='block_1_10' title="bbox 1453 1671 2695 1754">
    <p class='ocr_par' dir='ltr' id='par_1_10' title="bbox 1453 1671 2695 1754">
     <span class='ocr_line' id='line_1_15' title="bbox 1453 1671 2695 1754; baseline -0.003 -26"><span class='ocrx_word' id='word_1_60' title='bbox 1453 1674 1646 1746; x_wconf 74' lang='lat' dir='ltr'>effusis</span> <span class='ocrx_word' id='word_1_61' title='bbox 1671 1676 1912 1729; x_wconf 65' lang='lat' dir='ltr'>lacrimis</span> <span class='ocrx_word' id='word_1_62' title='bbox 1943 1673 2172 1745; x_wconf 84' lang='lat' dir='ltr'>quinque</span> <span class='ocrx_word' id='word_1_63' title='bbox 2210 1690 2298 1742; x_wconf 89' lang='lat' dir='ltr'>ap.</span> <span class='ocrx_word' id='word_1_64' title='bbox 2329 1676 2498 1726; x_wconf 75' lang='lat' dir='ltr'>Burm-</span> <span class='ocrx_word' id='word_1_65' title='bbox 2517 1711 2533 1737; x_wconf 85' lang='lat'>‚</span> <span class='ocrx_word' id='word_1_66' title='bbox 2579 1671 2695 1754; x_wconf 74' lang='lat' dir='ltr'>quod</span> 
     </span>
    </p>
   </div>
   <div class='ocr_carea' id='block_1_11' title="bbox 475 1742 2694 1885">
    <p class='ocr_par' dir='ltr' id='par_1_11' title="bbox 475 1742 2694 1885">
     <span class='ocr_line' id='line_1_16' title="bbox 476 1742 2693 1814; baseline 0 -22"><span class='ocrx_word' id='word_1_67' title='bbox 476 1742 690 1811; x_wconf 82' lang='lat' dir='ltr'>vulgare</span> <span class='ocrx_word' id='word_1_68' title='bbox 728 1755 882 1797; x_wconf 81' lang='lat' dir='ltr'>esset.</span> <span class='ocrx_word' id='word_1_69' title='bbox 951 1743 1117 1814; x_wconf 59' lang='lat' dir='ltr'>effusi</span> <span class='ocrx_word' id='word_1_70' title='bbox 1155 1746 1412 1798; x_wconf 75' lang='lat' dir='ltr'>lacrimas</span> <span class='ocrx_word' id='word_1_71' title='bbox 1450 1747 1704 1798; x_wconf 83' lang='lat' dir='ltr'>Rottend.</span> <span class='ocrx_word' id='word_1_72' title='bbox 1744 1763 1847 1798; x_wconf 85' lang='lat' dir='ltr'>sec.</span> <span class='ocrx_word' id='word_1_73' title='bbox 1895 1755 1951 1797; x_wconf 86' lang='lat' dir='ltr'>et</span> <span class='ocrx_word' id='word_1_74' title='bbox 1998 1747 2123 1797; x_wconf 79' lang='lat' dir='ltr'>Exc.</span> <span class='ocrx_word' id='word_1_75' title='bbox 2171 1746 2348 1801; x_wconf 85' lang='lat' dir='ltr'>Burm.</span> <span class='ocrx_word' id='word_1_76' title='bbox 2366 1782 2381 1808; x_wconf 94' lang='lat'>‚</span> <span class='ocrx_word' id='word_1_77' title='bbox 2444 1757 2693 1813; x_wconf 73' lang='lat' dir='ltr'>graecum</span> 
     </span>
     <span class='ocr_line' id='line_1_17' title="bbox 475 1811 2694 1885; baseline -0.001 -22"><span class='ocrx_word' id='word_1_78' title='bbox 475 1813 655 1880; x_wconf 87' lang='lat' dir='ltr'>paullo</span> <span class='ocrx_word' id='word_1_79' title='bbox 705 1812 935 1865; x_wconf 86' lang='lat' dir='ltr'>duriore.</span> <span class='ocrx_word' id='word_1_80' title='bbox 1014 1815 1156 1883; x_wconf 72' lang='lat' dir='ltr'>(Nos</span> <span class='ocrx_word' id='word_1_81' title='bbox 1201 1829 1400 1868; x_wconf 75' lang='lat' dir='ltr'>contra</span> <span class='ocrx_word' id='word_1_82' title='bbox 1450 1814 1617 1885; x_wconf 58' lang='lat' dir='ltr'>effusi</span> <span class='ocrx_word' id='word_1_83' title='bbox 1668 1816 1910 1868; x_wconf 72' lang='lat' dir='ltr'>lacrimis</span> <span class='ocrx_word' id='word_1_84' title='bbox 1935 1844 2002 1854; x_wconf 97' lang='lat'><strong>—</strong></span> <span class='ocrx_word' id='word_1_85' title='bbox 2034 1831 2111 1866; x_wconf 79' lang='lat' dir='ltr'>sc·</span> <span class='ocrx_word' id='word_1_86' title='bbox 2157 1832 2351 1866; x_wconf 67' lang='lat' dir='ltr'>sunaus</span> <span class='ocrx_word' id='word_1_87' title='bbox 2373 1842 2441 1853; x_wconf 89' lang='lat'>—</span> <span class='ocrx_word' id='word_1_88' title='bbox 2464 1832 2555 1865; x_wconf 87' lang='lat' dir='ltr'>ne:</span> <span class='ocrx_word' id='word_1_89' title='bbox 2597 1811 2628 1863; x_wconf 86' lang='lat' dir='ltr'>i.</span> <span class='ocrx_word' id='word_1_90' title='bbox 2658 1827 2694 1860; x_wconf 81' lang='lat' dir='ltr'>e.</span> 
     </span>
    </p>
   </div>
   <div class='ocr_carea' id='block_1_12' title="bbox 394 1878 2694 1950">
    <p class='ocr_par' dir='ltr' id='par_1_12' title="bbox 394 1878 2694 1950">
     <span class='ocr_line' id='line_1_18' title="bbox 394 1878 2694 1950; baseline -0.001 -17"><span class='ocrx_word' id='word_1_91' title='bbox 394 1911 397 1914; x_wconf 58' lang='lat'>&gt;</span> <span class='ocrx_word' id='word_1_92' title='bbox 475 1883 652 1934; x_wconf 82' lang='lat' dir='ltr'>multis</span> <span class='ocrx_word' id='word_1_93' title='bbox 683 1899 799 1934; x_wconf 89' lang='lat' dir='ltr'>cum</span> <span class='ocrx_word' id='word_1_94' title='bbox 826 1882 1057 1935; x_wconf 74' lang='lat' dir='ltr'>lacrimis</span> <span class='ocrx_word' id='word_1_95' title='bbox 1091 1886 1382 1950; x_wconf 83' lang='lat' dir='ltr'>oravimus,</span> <span class='ocrx_word' id='word_1_96' title='bbox 1427 1885 1685 1937; x_wconf 82' lang='lat' dir='ltr'>obtestati</span> <span class='ocrx_word' id='word_1_97' title='bbox 1726 1903 1931 1949; x_wconf 80' lang='lat' dir='ltr'>sumus,</span> <span class='ocrx_word' id='word_1_98' title='bbox 1962 1901 2031 1935; x_wconf 87' lang='lat' dir='ltr'>ue</span> <span class='ocrx_word' id='word_1_99' title='bbox 2053 1901 2147 1943; x_wconf 76' lang='lat'>—3</span> <span class='ocrx_word' id='word_1_100' title='bbox 2179 1882 2306 1934; x_wconf 89' lang='lat' dir='ltr'>hinc</span> <span class='ocrx_word' id='word_1_101' title='bbox 2330 1901 2551 1947; x_wconf 85' lang='lat' dir='ltr'>comma,</span> <span class='ocrx_word' id='word_1_102' title='bbox 2578 1878 2694 1949; x_wconf 83' lang='lat' dir='ltr'>quod</span> 
     </span>
    </p>
   </div>
   <div class='ocr_carea' id='block_1_13' title="bbox 476 1947 2693 2037">
    <p class='ocr_par' dir='ltr' id='par_1_13' title="bbox 476 1947 2693 2037">
     <span class='ocr_line' id='line_1_19' title="bbox 476 1947 2693 2037; baseline -0 -35"><span class='ocrx_word' id='word_1_103' title='bbox 476 1961 593 2004; x_wconf 82' lang='lat' dir='ltr'>erat</span> <span class='ocrx_word' id='word_1_104' title='bbox 644 1962 771 2021; x_wconf 84' lang='lat' dir='ltr'>post</span> <span class='ocrx_word' id='word_1_105' title='bbox 828 1965 1057 2016; x_wconf 75' lang='lat' dir='ltr'>contra,</span> <span class='ocrx_word' id='word_1_106' title='bbox 1118 1954 1323 2007; x_wconf 83' lang='lat' dir='ltr'>sustuli.</span> <span class='ocrx_word' id='word_1_107' title='bbox 1400 1955 1564 2006; x_wconf 86' lang='lat' dir='ltr'>Certe</span> <span class='ocrx_word' id='word_1_108' title='bbox 1621 1954 1788 2023; x_wconf 82' lang='lat' dir='ltr'>magis</span> <span class='ocrx_word' id='word_1_109' title='bbox 1826 1954 2038 2037; x_wconf 75' lang='lat' dir='ltr'>poetica</span> <span class='ocrx_word' id='word_1_110' title='bbox 2087 1961 2170 2003; x_wconf 84' lang='lat' dir='ltr'>est</span> <span class='ocrx_word' id='word_1_111' title='bbox 2205 1953 2343 2010; x_wconf 77' lang='lat' dir='ltr'>haec</span> <span class='ocrx_word' id='word_1_112' title='bbox 2381 1952 2526 2004; x_wconf 81' lang='lat' dir='ltr'>ratio.</span> <span class='ocrx_word' id='word_1_113' title='bbox 2578 1947 2693 2012; x_wconf 72' lang='lat' dir='ltr'>Wr.)</span> 
     </span>
    </p>
   </div>
   <div class='ocr_carea' id='block_1_14' title="bbox 475 2022 2226 2093">
    <p class='ocr_par' dir='ltr' id='par_1_14' title="bbox 475 2022 2226 2093">
     <span class='ocr_line' id='line_1_20' title="bbox 475 2022 2226 2093; baseline -0.002 -17"><span class='ocrx_word' id='word_1_114' title='bbox 475 2023 582 2076; x_wconf 79' lang='lat'>652</span> <span class='ocrx_word' id='word_1_115' title='bbox 615 2034 870 2073; x_wconf 74' lang='lat' dir='ltr'>evertere</span> <span class='ocrx_word' id='word_1_116' title='bbox 887 2022 1097 2092; x_wconf 82' lang='lat' dir='ltr'>Menag.</span> <span class='ocrx_word' id='word_1_117' title='bbox 1123 2041 1207 2092; x_wconf 84' lang='lat' dir='ltr'>pr.</span> <span class='ocrx_word' id='word_1_118' title='bbox 1230 2034 1286 2076; x_wconf 87' lang='lat' dir='ltr'>et</span> <span class='ocrx_word' id='word_1_119' title='bbox 1313 2041 1401 2093; x_wconf 86' lang='lat' dir='ltr'>qu.</span> <span class='ocrx_word' id='word_1_120' title='bbox 1434 2025 1649 2088; x_wconf 68' lang='lat' dir='ltr'>Moret„</span> <span class='ocrx_word' id='word_1_121' title='bbox 1684 2034 1746 2076; x_wconf 87' lang='lat' dir='ltr'>ut</span> <span class='ocrx_word' id='word_1_122' title='bbox 1774 2023 1921 2076; x_wconf 76' lang='grc'><strong>1111111.</strong></span> <span class='ocrx_word' id='word_1_123' title='bbox 1961 2042 2011 2075; x_wconf 79' lang='lat' dir='ltr'>v.</span> <span class='ocrx_word' id='word_1_124' title='bbox 2053 2025 2226 2073; x_wconf 87' lang='lat' dir='ltr'>Burm.</span> 
     </span>
    </p>
   </div>
   <div class='ocr_carea' id='block_1_15' title="bbox 970 2093 2693 2233">
    <p class='ocr_par' dir='ltr' id='par_1_15' title="bbox 970 2093 2693 2233">
     <span class='ocr_line' id='line_1_21' title="bbox 970 2093 1589 2163; baseline -0.003 -16"><span class='ocrx_word' id='word_1_125' title='bbox 970 2093 1076 2147; x_wconf 85' lang='lat'>654</span> <span class='ocrx_word' id='word_1_126' title='bbox 1110 2112 1214 2163; x_wconf 81' lang='lat' dir='ltr'>que</span> <span class='ocrx_word' id='word_1_127' title='bbox 1243 2094 1395 2145; x_wconf 80' lang='lat' dir='ltr'>abest</span> <span class='ocrx_word' id='word_1_128' title='bbox 1421 2094 1589 2146; x_wconf 79' lang='lat' dir='ltr'>wall.</span> 
     </span>
     <span class='ocr_line' id='line_1_22' title="bbox 1020 2157 2693 2233; baseline -0.007 -15"><span class='ocrx_word' id='word_1_129' title='bbox 1020 2162 1124 2218; x_wconf 88' lang='lat'>656</span> <span class='ocrx_word' id='word_1_130' title='bbox 1168 2175 1223 2214; x_wconf 73' lang='lat' dir='ltr'>et</span> <span class='ocrx_word' id='word_1_131' title='bbox 1257 2181 1399 2232; x_wconf 80' lang='lat' dir='ltr'>quae</span> <span class='ocrx_word' id='word_1_132' title='bbox 1433 2164 1629 2215; x_wconf 85' lang='lat' dir='ltr'>Moret.</span> <span class='ocrx_word' id='word_1_133' title='bbox 1667 2181 1750 2233; x_wconf 86' lang='lat' dir='ltr'>pr.</span> <span class='ocrx_word' id='word_1_134' title='bbox 1831 2166 1940 2216; x_wconf 84' lang='lat' dir='ltr'>iam</span> <span class='ocrx_word' id='word_1_135' title='bbox 1980 2162 2133 2213; x_wconf 80' lang='lat' dir='ltr'>deest</span> <span class='ocrx_word' id='word_1_136' title='bbox 2176 2160 2398 2215; x_wconf 85' lang='lat' dir='ltr'>Mentel.</span> <span class='ocrx_word' id='word_1_137' title='bbox 2429 2179 2506 2231; x_wconf 85' lang='lat' dir='ltr'>pr.</span> <span class='ocrx_word' id='word_1_138' title='bbox 2539 2157 2693 2210; x_wconf 82' lang='lat' dir='ltr'>Hamb.</span> 
     </span>
    </p>
   </div>
   <div class='ocr_carea' id='block_1_16' title="bbox 476 2087 881 2229">
    <p class='ocr_par' dir='ltr' id='par_1_16' title="bbox 476 2087 881 2229">
     <span class='ocr_line' id='line_1_23' title="bbox 476 2087 834 2143; baseline 0.008 -3"><span class='ocrx_word' id='word_1_139' title='bbox 476 2087 603 2141; x_wconf 80' lang='lat' dir='ltr'>bere</span> <span class='ocrx_word' id='word_1_140' title='bbox 629 2090 834 2143; x_wconf 86' lang='lat' dir='ltr'>Zulich.</span> 
     </span>
     <span class='ocr_line' id='line_1_24' title="bbox 476 2159 881 2229; baseline 0.007 -19"><span class='ocrx_word' id='word_1_141' title='bbox 476 2160 693 2229; x_wconf 82' lang='lat' dir='ltr'>scripta.</span> <span class='ocrx_word' id='word_1_142' title='bbox 736 2159 881 2227; x_wconf 85' lang='lat' dir='ltr'>Wr.)</span> 
     </span>
    </p>
   </div>
   <div class='ocr_carea' id='block_1_17' title="bbox 2367 2019 2692 2077">
    <p class='ocr_par' dir='ltr' id='par_1_17' title="bbox 2367 2019 2692 2077">
     <span class='ocr_line' id='line_1_25' title="bbox 2367 2019 2692 2077; baseline -0.015 -2"><span class='ocrx_word' id='word_1_143' title='bbox 2367 2023 2469 2077; x_wconf 80' lang='grc'>653</span> <span class='ocrx_word' id='word_1_144' title='bbox 2512 2019 2692 2075; x_wconf 80' lang='lat' dir='ltr'>obcum-</span> 
     </span>
    </p>
   </div>
   <div class='ocr_carea' id='block_1_18' title="bbox 1628 2091 2693 2162">
    <p class='ocr_par' dir='ltr' id='par_1_18' title="bbox 1628 2091 2693 2162">
     <span class='ocr_line' id='line_1_26' title="bbox 1628 2091 2693 2162; baseline -0.007 -16"><span class='ocrx_word' id='word_1_145' title='bbox 1628 2092 1821 2162; x_wconf 77' lang='lat' dir='ltr'>(isdem</span> <span class='ocrx_word' id='word_1_146' title='bbox 1845 2092 2053 2156; x_wconf 62' lang='lat' dir='ltr'>Medic„</span> <span class='ocrx_word' id='word_1_147' title='bbox 2087 2091 2256 2143; x_wconf 84' lang='lat' dir='ltr'>altera</span> <span class='ocrx_word' id='word_1_148' title='bbox 2286 2092 2311 2144; x_wconf 82' lang='grc' dir='ltr'>ι’</span> <span class='ocrx_word' id='word_1_149' title='bbox 2343 2091 2499 2143; x_wconf 89' lang='lat' dir='ltr'>minio</span> <span class='ocrx_word' id='word_1_150' title='bbox 2539 2106 2693 2158; x_wconf 85' lang='lat' dir='ltr'>super-</span> 
     </span>
    </p>
   </div>
   <div class='ocr_carea' id='block_1_19' title="bbox 474 2230 2693 2374">
    <p class='ocr_par' dir='ltr' id='par_1_19' title="bbox 474 2230 2693 2374">
     <span class='ocr_line' id='line_1_27' title="bbox 474 2230 2693 2299; baseline -0.001 -19"><span class='ocrx_word' id='word_1_151' title='bbox 474 2246 560 2297; x_wconf 87' lang='lat' dir='ltr'>pr.</span> <span class='ocrx_word' id='word_1_152' title='bbox 589 2248 621 2282; x_wconf 91' lang='lat' dir='ltr'>a</span> <span class='ocrx_word' id='word_1_153' title='bbox 655 2248 723 2281; x_wconf 87' lang='lat' dir='ltr'>m.</span> <span class='ocrx_word' id='word_1_154' title='bbox 745 2248 825 2299; x_wconf 86' lang='lat' dir='ltr'>pr.</span> <span class='ocrx_word' id='word_1_155' title='bbox 852 2239 906 2281; x_wconf 87' lang='lat' dir='ltr'>et</span> <span class='ocrx_word' id='word_1_156' title='bbox 931 2230 1100 2296; x_wconf 67' lang='lat' dir='ltr'>Laid„</span> <span class='ocrx_word' id='word_1_157' title='bbox 1130 2242 1185 2282; x_wconf 90' lang='lat' dir='ltr'>et</span> <span class='ocrx_word' id='word_1_158' title='bbox 1244 2231 1455 2284; x_wconf 78' lang='lat' dir='ltr'>lacebat</span> <span class='ocrx_word' id='word_1_159' title='bbox 1483 2233 1656 2285; x_wconf 85' lang='lat' dir='ltr'>hiatus</span> <span class='ocrx_word' id='word_1_160' title='bbox 1687 2231 1942 2294; x_wconf 77' lang='lat' dir='ltr'>Heinsi03</span> <span class='ocrx_word' id='word_1_161' title='bbox 1974 2231 2072 2283; x_wconf 83' lang='lat' dir='ltr'>sed</span> <span class='ocrx_word' id='word_1_162' title='bbox 2095 2231 2231 2281; x_wconf 88' lang='lat' dir='ltr'>bene</span> <span class='ocrx_word' id='word_1_163' title='bbox 2263 2232 2570 2282; x_wconf 73' lang='lat' dir='ltr'>Burmannus</span> <span class='ocrx_word' id='word_1_164' title='bbox 2597 2242 2693 2279; x_wconf 86' lang='lat' dir='ltr'>mo-</span> 
     </span>
     <span class='ocr_line' id='line_1_28' title="bbox 474 2297 2547 2374; baseline 0.001 -25"><span class='ocrx_word' id='word_1_165' title='bbox 474 2297 623 2364; x_wconf 86' lang='lat' dir='ltr'>nuit,</span> <span class='ocrx_word' id='word_1_166' title='bbox 653 2300 765 2352; x_wconf 77' lang='lat' dir='ltr'>iam</span> <span class='ocrx_word' id='word_1_167' title='bbox 789 2300 1088 2353; x_wconf 84' lang='lat' dir='ltr'>necessario</span> <span class='ocrx_word' id='word_1_168' title='bbox 1120 2300 1177 2354; x_wconf 88' lang='grc'>11.</span> <span class='ocrx_word' id='word_1_169' title='bbox 1223 2333 1243 2355; x_wconf 65' lang='grc'>».</span> <span class='ocrx_word' id='word_1_170' title='bbox 1267 2300 1483 2372; x_wconf 76' lang='lat' dir='ltr'>requiri.</span> <span class='ocrx_word' id='word_1_171' title='bbox 1557 2314 1659 2355; x_wconf 72' lang='lat' dir='ltr'>aue</span> <span class='ocrx_word' id='word_1_172' title='bbox 1685 2304 1819 2355; x_wconf 69' lang='lat' dir='ltr'>milti</span> <span class='ocrx_word' id='word_1_173' title='bbox 1842 2320 1985 2374; x_wconf 81' lang='lat' dir='ltr'>quae</span> <span class='ocrx_word' id='word_1_174' title='bbox 1996 2299 2052 2373; x_wconf 88' lang='lat' dir='ltr'>s.</span> <span class='ocrx_word' id='word_1_175' title='bbox 2079 2299 2287 2369; x_wconf 78' lang='lat' dir='ltr'>aliquot</span> <span class='ocrx_word' id='word_1_176' title='bbox 2314 2299 2547 2352; x_wconf 83' lang='lat' dir='ltr'>Pieriani.</span> 
     </span>
    </p>
   </div>
   <div class='ocr_carea' id='block_1_20' title="bbox 476 2441 1564 2607">
    <p class='ocr_par' dir='ltr' id='par_1_20' title="bbox 476 2441 1564 2607">
     <span class='ocr_line' id='line_1_29' title="bbox 476 2441 1564 2525; baseline 0.003 -26"><span class='ocrx_word' id='word_1_177' title='bbox 476 2460 555 2499; x_wconf 83' lang='lat' dir='ltr'>ex</span> <span class='ocrx_word' id='word_1_178' title='bbox 622 2460 832 2502; x_wconf 89' lang='lat' dir='ltr'>eorum</span> <span class='ocrx_word' id='word_1_179' title='bbox 887 2442 1167 2523; x_wconf 87' lang='lat' dir='ltr'>opinione</span> <span class='ocrx_word' id='word_1_180' title='bbox 1194 2441 1564 2525; x_wconf 70' lang='lat' dir='ltr'>‘explicanda</span> 
     </span>
     <span class='ocr_line' id='line_1_30' title="bbox 476 2528 1563 2607; baseline 0.004 -21"><span class='ocrx_word' id='word_1_181' title='bbox 476 2528 629 2602; x_wconf 88' lang='lat' dir='ltr'>sint,</span> <span class='ocrx_word' id='word_1_182' title='bbox 690 2528 796 2607; x_wconf 90' lang='lat' dir='ltr'>qui</span> <span class='ocrx_word' id='word_1_183' title='bbox 843 2538 1099 2590; x_wconf 83' lang='lat' dir='ltr'>ventum</span> <span class='ocrx_word' id='word_1_184' title='bbox 1152 2549 1276 2589; x_wconf 87' lang='lat' dir='ltr'>esse</span> <span class='ocrx_word' id='word_1_185' title='bbox 1322 2550 1563 2590; x_wconf 83' lang='lat' dir='ltr'>causam</span> 
     </span>
    </p>
   </div>
   <div class='ocr_carea' id='block_1_21' title="bbox 474 2613 1564 2692">
    <p class='ocr_par' dir='ltr' id='par_1_21' title="bbox 474 2613 1564 2692">
     <span class='ocr_line' id='line_1_31' title="bbox 474 2613 1564 2692; baseline 0.004 -20"><span class='ocrx_word' id='word_1_186' title='bbox 474 2613 739 2673; x_wconf 80' lang='lat' dir='ltr'>fulminis</span> <span class='ocrx_word' id='word_1_187' title='bbox 766 2623 828 2674; x_wconf 89' lang='lat' dir='ltr'>et</span> <span class='ocrx_word' id='word_1_188' title='bbox 852 2616 1191 2676; x_wconf 83' lang='lat' dir='ltr'>tonitruum</span> <span class='ocrx_word' id='word_1_189' title='bbox 1230 2615 1564 2692; x_wconf 81' lang='lat' dir='ltr'>affirmant3</span> 
     </span>
    </p>
   </div>
   <div class='ocr_carea' id='block_1_22' title="bbox 473 2698 1571 3883">
    <p class='ocr_par' dir='ltr' id='par_1_22' title="bbox 473 2698 1571 3883">
     <span class='ocr_line' id='line_1_32' title="bbox 474 2698 1564 2783; baseline 0.001 -24"><span class='ocrx_word' id='word_1_190' title='bbox 474 2700 601 2760; x_wconf 82' lang='lat' dir='ltr'>vid.</span> <span class='ocrx_word' id='word_1_191' title='bbox 625 2698 837 2761; x_wconf 83' lang='lat' dir='ltr'>Barth.</span> <span class='ocrx_word' id='word_1_192' title='bbox 866 2701 946 2760; x_wconf 85' lang='lat' dir='ltr'>ad</span> <span class='ocrx_word' id='word_1_193' title='bbox 976 2702 1187 2763; x_wconf 80' lang='lat' dir='ltr'>Claud.</span> <span class='ocrx_word' id='word_1_194' title='bbox 1226 2703 1443 2783; x_wconf 72' lang='lat' dir='ltr'>Paneg.</span> <span class='ocrx_word' id='word_1_195' title='bbox 1487 2701 1564 2761; x_wconf 88' lang='lat' dir='ltr'>de</span> 
     </span>
     <span class='ocr_line' id='line_1_33' title="bbox 475 2785 1562 2855; baseline 0.001 -11"><span class='ocrx_word' id='word_1_196' title='bbox 475 2785 651 2847; x_wconf 86' lang='lat' dir='ltr'>Cous.</span> <span class='ocrx_word' id='word_1_197' title='bbox 690 2786 853 2848; x_wconf 81' lang='lat' dir='ltr'>Mau.</span> <span class='ocrx_word' id='word_1_198' title='bbox 898 2787 1126 2849; x_wconf 87' lang='lat' dir='ltr'>Theod.</span> <span class='ocrx_word' id='word_1_199' title='bbox 1177 2793 1320 2855; x_wconf 86' lang='lat'>108.</span> <span class='ocrx_word' id='word_1_200' title='bbox 1359 2796 1422 2848; x_wconf 83' lang='lat' dir='ltr'>et</span> <span class='ocrx_word' id='word_1_201' title='bbox 1459 2788 1562 2847; x_wconf 87' lang='lat' dir='ltr'>In-</span> 
     </span>
     <span class='ocr_line' id='line_1_34' title="bbox 474 2873 1564 2953; baseline 0.003 -22"><span class='ocrx_word' id='word_1_202' title='bbox 474 2881 672 2953; x_wconf 88' lang='lat' dir='ltr'>terpp.</span> <span class='ocrx_word' id='word_1_203' title='bbox 708 2873 788 2932; x_wconf 90' lang='lat' dir='ltr'>ad</span> <span class='ocrx_word' id='word_1_204' title='bbox 817 2875 1040 2935; x_wconf 86' lang='lat' dir='ltr'>Lucan.</span> <span class='ocrx_word' id='word_1_205' title='bbox 1075 2875 1123 2951; x_wconf 81' lang='grc' dir='ltr'>Ι,</span> <span class='ocrx_word' id='word_1_206' title='bbox 1157 2878 1301 2941; x_wconf 85' lang='grc'><strong>151.</strong></span> <span class='ocrx_word' id='word_1_207' title='bbox 1337 2875 1418 2934; x_wconf 88' lang='lat' dir='ltr'>ad</span> <span class='ocrx_word' id='word_1_208' title='bbox 1459 2874 1564 2934; x_wconf 86' lang='lat' dir='ltr'>Sil.</span> 
     </span>
     <span class='ocr_line' id='line_1_35' title="bbox 476 2958 1560 3040; baseline 0.002 -23"><span class='ocrx_word' id='word_1_209' title='bbox 476 2958 548 3020; x_wconf 81' lang='lat' dir='ltr'>lt.</span> <span class='ocrx_word' id='word_1_210' title='bbox 592 2958 636 3034; x_wconf 87' lang='lat'>1,</span> <span class='ocrx_word' id='word_1_211' title='bbox 681 2958 828 3024; x_wconf 80' lang='lat'>254.</span> <span class='ocrx_word' id='word_1_212' title='bbox 915 2961 1197 3021; x_wconf 80' lang='lat' dir='ltr'>ceterum</span> <span class='ocrx_word' id='word_1_213' title='bbox 1262 2961 1560 3040; x_wconf 68' lang='lat' dir='ltr'>adflatus,</span> 
     </span>
     <span class='ocr_line' id='line_1_36' title="bbox 476 3044 1560 3121; baseline 0.003 -18"><span class='ocrx_word' id='word_1_214' title='bbox 476 3044 716 3120; x_wconf 82' lang='lat' dir='ltr'>adflare</span> <span class='ocrx_word' id='word_1_215' title='bbox 746 3088 765 3121; x_wconf 86' lang='lat'><em>‚</em></span> <span class='ocrx_word' id='word_1_216' title='bbox 858 3045 934 3104; x_wconf 90' lang='lat' dir='ltr'>de</span> <span class='ocrx_word' id='word_1_217' title='bbox 984 3046 1359 3107; x_wconf 80' lang='lat' dir='ltr'>ambustione</span> <span class='ocrx_word' id='word_1_218' title='bbox 1426 3046 1560 3106; x_wconf 83' lang='lat' dir='ltr'>Liv.</span> 
     </span>
     <span class='ocr_line' id='line_1_37' title="bbox 475 3129 1567 3206; baseline 0.001 -17"><span class='ocrx_word' id='word_1_219' title='bbox 475 3129 751 3204; x_wconf 88' lang='lat' dir='ltr'>XXVIII,</span> <span class='ocrx_word' id='word_1_220' title='bbox 776 3131 911 3194; x_wconf 58' lang='lat'>234:</span> <span class='ocrx_word' id='word_1_221' title='bbox 956 3133 1258 3206; x_wconf 76' lang='lat' dir='ltr'>„ambusti</span> <span class='ocrx_word' id='word_1_222' title='bbox 1297 3154 1332 3191; x_wconf 87' lang='lat' dir='ltr'>a</span> <span class='ocrx_word' id='word_1_223' title='bbox 1352 3132 1567 3192; x_wconf 80' lang='lat' dir='ltr'>dfla-</span> 
     </span>
     <span class='ocr_line' id='line_1_38' title="bbox 473 3216 1568 3295; baseline 0.002 -21"><span class='ocrx_word' id='word_1_224' title='bbox 473 3224 562 3274; x_wconf 87' lang='lat' dir='ltr'>tu</span> <span class='ocrx_word' id='word_1_225' title='bbox 586 3216 887 3294; x_wconf 82' lang='lat' dir='ltr'>vaporis.“</span> <span class='ocrx_word' id='word_1_226' title='bbox 929 3225 993 3275; x_wconf 86' lang='lat' dir='ltr'>et</span> <span class='ocrx_word' id='word_1_227' title='bbox 1019 3218 1220 3291; x_wconf 76' lang='lat' dir='ltr'>XXX,</span> <span class='ocrx_word' id='word_1_228' title='bbox 1254 3222 1343 3282; x_wconf 88' lang='lat'>6.:</span> <span class='ocrx_word' id='word_1_229' title='bbox 1385 3237 1568 3295; x_wconf 86' lang='lat' dir='ltr'>„sau-</span> 
     </span>
     <span class='ocr_line' id='line_1_39' title="bbox 476 3300 1567 3381; baseline 0.003 -22"><span class='ocrx_word' id='word_1_230' title='bbox 476 3300 554 3359; x_wconf 89' lang='lat' dir='ltr'>cii</span> <span class='ocrx_word' id='word_1_231' title='bbox 601 3300 797 3360; x_wconf 87' lang='lat' dir='ltr'>adfla</span> <span class='ocrx_word' id='word_1_232' title='bbox 814 3301 1006 3381; x_wconf 88' lang='lat' dir='ltr'>tique</span> <span class='ocrx_word' id='word_1_233' title='bbox 1044 3302 1386 3363; x_wconf 81' lang='lat' dir='ltr'>incendio.“</span> <span class='ocrx_word' id='word_1_234' title='bbox 1450 3305 1567 3362; x_wconf 89' lang='lat' dir='ltr'>So-</span> 
     </span>
     <span class='ocr_line' id='line_1_40' title="bbox 476 3384 1566 3469; baseline 0.006 -25"><span class='ocrx_word' id='word_1_235' title='bbox 476 3384 676 3466; x_wconf 86' lang='lat' dir='ltr'>phocl.</span> <span class='ocrx_word' id='word_1_236' title='bbox 706 3385 1098 3467; x_wconf 52' lang='lat' dir='ltr'>Antigq135.</span> <span class='ocrx_word' id='word_1_237' title='bbox 1145 3407 1273 3467; x_wconf 87' lang='lat' dir='ltr'>sqq.</span> <span class='ocrx_word' id='word_1_238' title='bbox 1325 3410 1566 3469; x_wconf 76' lang='lat' dir='ltr'>„va-</span> 
     </span>
     <span class='ocr_line' id='line_1_41' title="bbox 476 3466 1569 3560; baseline 0 -25"><span class='ocrx_word' id='word_1_239' title='bbox 476 3466 727 3553; x_wconf 81' lang='grc' dir='ltr'><em>φόρος</em></span> <span class='ocrx_word' id='word_1_240' title='bbox 765 3468 834 3546; x_wconf 76' lang='grc' dir='ltr'>ὃς</span> <span class='ocrx_word' id='word_1_241' title='bbox 881 3466 1017 3536; x_wconf 81' lang='grc' dir='ltr'>τότε</span> <span class='ocrx_word' id='word_1_242' title='bbox 1072 3472 1412 3560; x_wconf 73' lang='grc' dir='ltr'><strong><em>μαινομένᾳ</em></strong></span> <span class='ocrx_word' id='word_1_243' title='bbox 1456 3470 1569 3549; x_wconf 66' lang='grc' dir='ltr'>ξῦν</span> 
     </span>
     <span class='ocr_line' id='line_1_42' title="bbox 476 3553 1571 3643; baseline 0.002 -24"><span class='ocrx_word' id='word_1_244' title='bbox 476 3555 647 3643; x_wconf 70' lang='grc' dir='ltr'>ὁρμᾷ</span> <span class='ocrx_word' id='word_1_245' title='bbox 683 3553 1002 3639; x_wconf 75' lang='grc' dir='ltr'><strong><em>βακχεύων</em></strong></span> <span class='ocrx_word' id='word_1_246' title='bbox 1062 3558 1307 3623; x_wconf 78' lang='grc' dir='ltr'><strong><em>ἐπέπνει</em></strong></span> <span class='ocrx_word' id='word_1_247' title='bbox 1361 3559 1571 3640; x_wconf 67' lang='grc' dir='ltr'><strong><em>ῥιπαῖς</em></strong></span> 
     </span>
     <span class='ocr_line' id='line_1_43' title="bbox 477 3638 1567 3726; baseline 0.001 -20"><span class='ocrx_word' id='word_1_248' title='bbox 477 3641 879 3723; x_wconf 72' lang='grc' dir='ltr'><strong><em>ἐχθίστων</em></strong></span> <span class='ocrx_word' id='word_1_249' title='bbox 923 3638 1319 3726; x_wconf 76' lang='grc' dir='ltr'>ἆνέμων.“</span> <span class='ocrx_word' id='word_1_250' title='bbox 1396 3641 1567 3725; x_wconf 84' lang='lat' dir='ltr'>Wr.)</span> 
     </span>
     <span class='ocr_line' id='line_1_44' title="bbox 478 3729 1569 3809; baseline -0.003 -17"><span class='ocrx_word' id='word_1_251' title='bbox 478 3732 623 3794; x_wconf 85' lang='lat'><strong>650.</strong></span> <span class='ocrx_word' id='word_1_252' title='bbox 683 3729 884 3803; x_wconf 70' lang='lat' dir='ltr'>fixus.</span> <span class='ocrx_word' id='word_1_253' title='bbox 955 3731 1174 3792; x_wconf 80' lang='lat' dir='ltr'>affixus</span> <span class='ocrx_word' id='word_1_254' title='bbox 1214 3731 1384 3809; x_wconf 88' lang='lat' dir='ltr'>loco,</span> <span class='ocrx_word' id='word_1_255' title='bbox 1440 3750 1569 3791; x_wconf 88' lang='lat' dir='ltr'>non</span> 
     </span>
     <span class='ocr_line' id='line_1_45' title="bbox 478 3812 1297 3883; baseline 0.005 -6"><span class='ocrx_word' id='word_1_256' title='bbox 478 3812 789 3877; x_wconf 79' lang='lat' dir='ltr'>discedens</span> <span class='ocrx_word' id='word_1_257' title='bbox 812 3816 1010 3878; x_wconf 91' lang='lat' dir='ltr'>domo.</span> <span class='ocrx_word' id='word_1_258' title='bbox 1041 3818 1120 3880; x_wconf 86' lang='lat' dir='ltr'>cf.</span> <span class='ocrx_word' id='word_1_259' title='bbox 1149 3822 1297 3883; x_wconf 84' lang='lat'>699.</span> 
     </span>
    </p>
   </div>
   <div class='ocr_carea' id='block_1_23' title="bbox 476 3978 1576 4499">
    <p class='ocr_par' dir='ltr' id='par_1_23' title="bbox 476 3978 1576 4499">
     <span class='ocr_line' id='line_1_46' title="bbox 563 3978 1570 4067; baseline -0.004 -17"><span class='ocrx_word' id='word_1_260' title='bbox 563 3985 685 4052; x_wconf 88' lang='grc'>651</span> <span class='ocrx_word' id='word_1_261' title='bbox 709 3985 949 4051; x_wconf 81' lang='lat'><strong>—654.</strong></span> <span class='ocrx_word' id='word_1_262' title='bbox 993 3988 1290 4067; x_wconf 86' lang='lat' dir='ltr'>Lugubris</span> <span class='ocrx_word' id='word_1_263' title='bbox 1333 3978 1487 4048; x_wconf 80' lang='lat' dir='ltr'>sane</span> <span class='ocrx_word' id='word_1_264' title='bbox 1509 3995 1570 4046; x_wconf 88' lang='lat' dir='ltr'>et</span> 
     </span>
     <span class='ocr_line' id='line_1_47' title="bbox 477 4070 1569 4149; baseline 0.004 -20"><span class='ocrx_word' id='word_1_265' title='bbox 477 4070 818 4131; x_wconf 88' lang='lat' dir='ltr'>miseranda</span> <span class='ocrx_word' id='word_1_266' title='bbox 847 4092 1052 4133; x_wconf 87' lang='lat' dir='ltr'>rerum</span> <span class='ocrx_word' id='word_1_267' title='bbox 1088 4074 1265 4134; x_wconf 73' lang='lat' dir='ltr'>iacies</span> <span class='ocrx_word' id='word_1_268' title='bbox 1289 4119 1306 4149; x_wconf 91' lang='lat'>,</span> <span class='ocrx_word' id='word_1_269' title='bbox 1349 4074 1399 4133; x_wconf 86' lang='lat' dir='ltr'>si</span> <span class='ocrx_word' id='word_1_270' title='bbox 1439 4075 1569 4133; x_wconf 87' lang='lat' dir='ltr'>sin-</span> 
     </span>
     <span class='ocr_line' id='line_1_48' title="bbox 477 4157 1571 4240; baseline 0.002 -24"><span class='ocrx_word' id='word_1_271' title='bbox 477 4157 615 4240; x_wconf 84' lang='lat' dir='ltr'>gula</span> <span class='ocrx_word' id='word_1_272' title='bbox 662 4159 912 4238; x_wconf 72' lang='lat' dir='ltr'>cogitea5</span> <span class='ocrx_word' id='word_1_273' title='bbox 983 4159 1093 4229; x_wconf 85' lang='lat' dir='ltr'>sed</span> <span class='ocrx_word' id='word_1_274' title='bbox 1149 4181 1229 4221; x_wconf 84' lang='lat' dir='ltr'>an</span> <span class='ocrx_word' id='word_1_275' title='bbox 1271 4159 1571 4220; x_wconf 86' lang='lat' dir='ltr'>Wartono</span> 
     </span>
     <span class='ocr_line' id='line_1_49' title="bbox 478 4245 1574 4323; baseline 0.002 -21"><span class='ocrx_word' id='word_1_276' title='bbox 478 4245 847 4322; x_wconf 73' lang='lat' dir='ltr'>assentiaris,</span> <span class='ocrx_word' id='word_1_277' title='bbox 891 4245 994 4323; x_wconf 83' lang='lat' dir='ltr'>qui</span> <span class='ocrx_word' id='word_1_278' title='bbox 1022 4246 1392 4306; x_wconf 89' lang='lat' dir='ltr'>Lebrunium</span> <span class='ocrx_word' id='word_1_279' title='bbox 1441 4265 1574 4306; x_wconf 88' lang='lat' dir='ltr'>me-</span> 
     </span>
     <span class='ocr_line' id='line_1_50' title="bbox 476 4329 1576 4414; baseline 0 -24"><span class='ocrx_word' id='word_1_280' title='bbox 476 4331 595 4409; x_wconf 85' lang='lat' dir='ltr'>lius</span> <span class='ocrx_word' id='word_1_281' title='bbox 666 4329 786 4392; x_wconf 89' lang='lat' dir='ltr'>hoc</span> <span class='ocrx_word' id='word_1_282' title='bbox 866 4341 1217 4411; x_wconf 83' lang='lat' dir='ltr'>argumento</span> <span class='ocrx_word' id='word_1_283' title='bbox 1298 4332 1576 4414; x_wconf 84' lang='lat' dir='ltr'>picturae</span> 
     </span>
     <span class='ocr_line' id='line_1_51' title="bbox 476 4416 1576 4499; baseline 0.002 -23"><span class='ocrx_word' id='word_1_284' title='bbox 476 4416 906 4499; x_wconf 85' lang='lat' dir='ltr'>proponendae</span> <span class='ocrx_word' id='word_1_285' title='bbox 936 4438 1193 4480; x_wconf 85' lang='lat' dir='ltr'>usurum</span> <span class='ocrx_word' id='word_1_286' title='bbox 1230 4418 1411 4479; x_wconf 81' lang='lat' dir='ltr'>fuisse</span> <span class='ocrx_word' id='word_1_287' title='bbox 1456 4438 1576 4499; x_wconf 88' lang='lat' dir='ltr'>pu-</span> 
     </span>
    </p>
   </div>
   <div class='ocr_carea' id='block_1_24' title="bbox 1629 2439 2695 4503">
    <p class='ocr_par' dir='ltr' id='par_1_24' title="bbox 1629 2439 2695 4503">
     <span class='ocr_line' id='line_1_52' title="bbox 1642 2439 2695 2521; baseline -0.007 -18"><span class='ocrx_word' id='word_1_288' title='bbox 1642 2451 1768 2519; x_wconf 89' lang='lat' dir='ltr'>tat,</span> <span class='ocrx_word' id='word_1_289' title='bbox 1817 2461 2000 2521; x_wconf 88' lang='lat' dir='ltr'>quam</span> <span class='ocrx_word' id='word_1_290' title='bbox 2028 2440 2197 2501; x_wconf 88' lang='lat' dir='ltr'>Darii</span> <span class='ocrx_word' id='word_1_291' title='bbox 2229 2441 2527 2518; x_wconf 88' lang='lat' dir='ltr'>tentorio,</span> <span class='ocrx_word' id='word_1_292' title='bbox 2571 2439 2695 2498; x_wconf 76' lang='lat' dir='ltr'>sorte</span> 
     </span>
     <span class='ocr_line' id='line_1_53' title="bbox 1647 2528 2694 2607; baseline -0.007 -17"><span class='ocrx_word' id='word_1_293' title='bbox 1647 2528 1904 2590; x_wconf 79' lang='lat' dir='ltr'>dubites.</span> <span class='ocrx_word' id='word_1_294' title='bbox 2003 2528 2199 2589; x_wconf 86' lang='lat' dir='ltr'>Maior</span> <span class='ocrx_word' id='word_1_295' title='bbox 2265 2530 2474 2607; x_wconf 86' lang='lat' dir='ltr'>utique</span> <span class='ocrx_word' id='word_1_296' title='bbox 2525 2541 2694 2585; x_wconf 84' lang='lat' dir='ltr'>rerum</span> 
     </span>
     <span class='ocr_line' id='line_1_54' title="bbox 1645 2611 2694 2692; baseline -0.007 -16"><span class='ocrx_word' id='word_1_297' title='bbox 1645 2617 2041 2692; x_wconf 85' lang='lat' dir='ltr'>fortunaeque</span> <span class='ocrx_word' id='word_1_298' title='bbox 2066 2616 2379 2675; x_wconf 78' lang='lat' dir='ltr'>conversio</span> <span class='ocrx_word' id='word_1_299' title='bbox 2404 2615 2468 2674; x_wconf 89' lang='lat' dir='ltr'>iu</span> <span class='ocrx_word' id='word_1_300' title='bbox 2489 2611 2595 2671; x_wconf 81' lang='lat' dir='ltr'>hoc</span> <span class='ocrx_word' id='word_1_301' title='bbox 2613 2628 2694 2669; x_wconf 79' lang='lat' dir='ltr'>re-</span> 
     </span>
     <span class='ocr_line' id='line_1_55' title="bbox 1649 2695 2692 2782; baseline -0.008 -22"><span class='ocrx_word' id='word_1_302' title='bbox 1649 2721 1718 2782; x_wconf 88' lang='lat' dir='ltr'>ge</span> <span class='ocrx_word' id='word_1_303' title='bbox 1770 2701 2043 2762; x_wconf 87' lang='lat' dir='ltr'>cernitur</span> <span class='ocrx_word' id='word_1_304' title='bbox 2072 2745 2089 2774; x_wconf 91' lang='lat'><strong>,</strong></span> <span class='ocrx_word' id='word_1_305' title='bbox 2160 2721 2344 2779; x_wconf 84' lang='lat' dir='ltr'>quam</span> <span class='ocrx_word' id='word_1_306' title='bbox 2394 2701 2457 2759; x_wconf 93' lang='lat' dir='ltr'>in</span> <span class='ocrx_word' id='word_1_307' title='bbox 2504 2695 2692 2757; x_wconf 73' lang='lat' dir='ltr'>familia</span> 
     </span>
     <span class='ocr_line' id='line_1_56' title="bbox 1646 2782 2694 2868; baseline -0.008 -21"><span class='ocrx_word' id='word_1_308' title='bbox 1646 2786 1870 2868; x_wconf 82' lang='lat' dir='ltr'>privati</span> <span class='ocrx_word' id='word_1_309' title='bbox 1907 2784 2168 2846; x_wconf 88' lang='lat' dir='ltr'>hominis</span> <span class='ocrx_word' id='word_1_310' title='bbox 2182 2831 2200 2863; x_wconf 92' lang='lat'>‚</span> <span class='ocrx_word' id='word_1_311' title='bbox 2266 2787 2510 2847; x_wconf 83' lang='lat' dir='ltr'>Aeneae.</span> <span class='ocrx_word' id='word_1_312' title='bbox 2585 2782 2694 2841; x_wconf 74' lang='lat' dir='ltr'>Nos</span> 
     </span>
     <span class='ocr_line' id='line_1_57' title="bbox 1646 2863 2693 2944; baseline -0.004 -12"><span class='ocrx_word' id='word_1_313' title='bbox 1646 2886 1856 2932; x_wconf 76' lang='lat' dir='ltr'>eonem</span> <span class='ocrx_word' id='word_1_314' title='bbox 1896 2892 2071 2932; x_wconf 88' lang='lat' dir='ltr'>orare</span> <span class='ocrx_word' id='word_1_315' title='bbox 2105 2893 2227 2932; x_wconf 89' lang='lat' dir='ltr'>nou</span> <span class='ocrx_word' id='word_1_316' title='bbox 2266 2873 2586 2933; x_wconf 81' lang='lat' dir='ltr'>desistimus</span> <span class='ocrx_word' id='word_1_317' title='bbox 2616 2863 2693 2944; x_wconf 56' lang='lat' dir='ltr'>ql:-</span> 
     </span>
     <span class='ocr_line' id='line_1_58' title="bbox 1629 2953 2694 3039; baseline -0.006 -22"><span class='ocrx_word' id='word_1_318' title='bbox 1629 2959 1779 3039; x_wconf 68' lang='lat' dir='ltr'>ficsi</span> <span class='ocrx_word' id='word_1_319' title='bbox 1820 2960 2091 3017; x_wconf 77' lang='lat' dir='ltr'>lacrimis</span> <span class='ocrx_word' id='word_1_320' title='bbox 2112 3003 2129 3032; x_wconf 94' lang='lat'>,</span> <span class='ocrx_word' id='word_1_321' title='bbox 2179 2959 2472 3037; x_wconf 82' lang='lat' dir='ltr'>exquisite</span> <span class='ocrx_word' id='word_1_322' title='bbox 2510 2974 2607 3035; x_wconf 86' lang='lat' dir='ltr'>pro</span> <span class='ocrx_word' id='word_1_323' title='bbox 2644 2953 2694 3008; x_wconf 81' lang='lat' dir='ltr'>in</span> 
     </span>
     <span class='ocr_line' id='line_1_59' title="bbox 1648 3038 2692 3125; baseline -0.013 -20"><span class='ocrx_word' id='word_1_324' title='bbox 1648 3046 1956 3105; x_wconf 72' lang='lat' dir='ltr'>lacrimas.</span> <span class='ocrx_word' id='word_1_325' title='bbox 2009 3041 2158 3125; x_wconf 82' lang='lat' dir='ltr'>(vid.</span> <span class='ocrx_word' id='word_1_326' title='bbox 2187 3045 2262 3108; x_wconf 87' lang='lat' dir='ltr'>V.</span> <span class='ocrx_word' id='word_1_327' title='bbox 2307 3046 2371 3105; x_wconf 89' lang='lat' dir='ltr'>L.</span> <span class='ocrx_word' id='word_1_328' title='bbox 2422 3038 2578 3120; x_wconf 66' lang='lat' dir='ltr'>nst.)</span> <span class='ocrx_word' id='word_1_329' title='bbox 2635 3054 2692 3093; x_wconf 78' lang='lat' dir='ltr'>ne</span> 
     </span>
     <span class='ocr_line' id='line_1_60' title="bbox 1648 3121 2691 3207; baseline -0.01 -18"><span class='ocrx_word' id='word_1_330' title='bbox 1648 3143 1867 3190; x_wconf 78' lang='lat' dir='ltr'>vertere</span> <span class='ocrx_word' id='word_1_331' title='bbox 1902 3152 1954 3189; x_wconf 80' lang='grc' dir='ltr'>ε.</span> <span class='ocrx_word' id='word_1_332' title='bbox 1991 3128 2053 3190; x_wconf 88' lang='grc'>11.</span> <span class='ocrx_word' id='word_1_333' title='bbox 2082 3128 2124 3192; x_wconf 86' lang='lat' dir='ltr'>l.</span> <span class='ocrx_word' id='word_1_334' title='bbox 2165 3141 2466 3204; x_wconf 85' lang='lat' dir='ltr'>evertere,</span> <span class='ocrx_word' id='word_1_335' title='bbox 2508 3121 2691 3207; x_wconf 83' lang='lat' dir='ltr'>perde-</span> 
     </span>
     <span class='ocr_line' id='line_1_61' title="bbox 1648 3211 2687 3297; baseline 0.002 -21"><span class='ocrx_word' id='word_1_336' title='bbox 1648 3236 1717 3276; x_wconf 86' lang='lat' dir='ltr'>re</span> <span class='ocrx_word' id='word_1_337' title='bbox 1732 3260 1756 3289; x_wconf 85' lang='lat'>‚</span> <span class='ocrx_word' id='word_1_338' title='bbox 1801 3215 2070 3297; x_wconf 80' lang='lat' dir='ltr'>satoque</span> <span class='ocrx_word' id='word_1_339' title='bbox 2103 3221 2345 3295; x_wconf 76' lang='lat' dir='ltr'>urgenti</span> <span class='ocrx_word' id='word_1_340' title='bbox 2381 3211 2687 3278; x_wconf 64' lang='lat' dir='ltr'>inc-umbem,</span> 
     </span>
     <span class='ocr_line' id='line_1_62' title="bbox 1648 3288 2689 3379; baseline -0.011 -18"><span class='ocrx_word' id='word_1_341' title='bbox 1648 3302 1863 3361; x_wconf 82' lang='lat' dir='ltr'>vellet:</span> <span class='ocrx_word' id='word_1_342' title='bbox 1902 3300 1966 3361; x_wconf 90' lang='lat' dir='ltr'>h.</span> <span class='ocrx_word' id='word_1_343' title='bbox 2008 3322 2057 3361; x_wconf 88' lang='lat' dir='ltr'>e.</span> <span class='ocrx_word' id='word_1_344' title='bbox 2098 3303 2388 3375; x_wconf 83' lang='lat' dir='ltr'>exitium,</span> <span class='ocrx_word' id='word_1_345' title='bbox 2445 3296 2584 3379; x_wconf 86' lang='lat' dir='ltr'>quod</span> <span class='ocrx_word' id='word_1_346' title='bbox 2609 3288 2689 3351; x_wconf 72' lang='lat' dir='ltr'>vel</span> 
     </span>
     <span class='ocr_line' id='line_1_63' title="bbox 1651 3378 2690 3464; baseline -0.004 -18"><span class='ocrx_word' id='word_1_347' title='bbox 1651 3388 1738 3447; x_wconf 87' lang='lat' dir='ltr'>sic</span> <span class='ocrx_word' id='word_1_348' title='bbox 1761 3388 2148 3464; x_wconf 74' lang='lat' dir='ltr'>imminebat,¹</span> <span class='ocrx_word' id='word_1_349' title='bbox 2185 3390 2518 3448; x_wconf 83' lang='lat' dir='ltr'>accelerare.</span> <span class='ocrx_word' id='word_1_350' title='bbox 2589 3378 2690 3437; x_wconf 71' lang='lat' dir='ltr'>Ut·-</span> 
     </span>
     <span class='ocr_line' id='line_1_64' title="bbox 1647 3474 2690 3553; baseline -0.001 -22"><span class='ocrx_word' id='word_1_351' title='bbox 1647 3485 1836 3553; x_wconf 74' lang='lat' dir='ltr'>gent,</span> <span class='ocrx_word' id='word_1_352' title='bbox 1888 3493 2043 3552; x_wconf 88' lang='lat' dir='ltr'>quae</span> <span class='ocrx_word' id='word_1_353' title='bbox 2082 3474 2347 3552; x_wconf 79' lang='lat' dir='ltr'>instant5</span> <span class='ocrx_word' id='word_1_354' title='bbox 2415 3482 2508 3545; x_wconf 90' lang='lat' dir='ltr'>ut,</span> <span class='ocrx_word' id='word_1_355' title='bbox 2565 3478 2690 3543; x_wconf 62' lang='lat' dir='ltr'>quw</span> 
     </span>
     <span class='ocr_line' id='line_1_65' title="bbox 1653 3558 2690 3635; baseline -0.004 -17"><span class='ocrx_word' id='word_1_356' title='bbox 1653 3579 1860 3618; x_wconf 88' lang='lat' dir='ltr'>casum</span> <span class='ocrx_word' id='word_1_357' title='bbox 1881 3560 2222 3635; x_wconf 88' lang='lat' dir='ltr'>minantur,</span> <span class='ocrx_word' id='word_1_358' title='bbox 2266 3560 2362 3621; x_wconf 83' lang='lat' dir='ltr'>his</span> <span class='ocrx_word' id='word_1_359' title='bbox 2404 3558 2451 3618; x_wconf 82' lang='lat' dir='ltr'>si</span> <span class='ocrx_word' id='word_1_360' title='bbox 2492 3559 2690 3615; x_wconf 75' lang='lat' dir='ltr'>incum-</span> 
     </span>
     <span class='ocr_line' id='line_1_66' title="bbox 1653 3645 2693 3732; baseline -0.005 -28"><span class='ocrx_word' id='word_1_361' title='bbox 1653 3645 1849 3704; x_wconf 70' lang='lat' dir='ltr'>bimus</span> <span class='ocrx_word' id='word_1_362' title='bbox 1869 3690 1887 3722; x_wconf 91' lang='lat'>,</span> <span class='ocrx_word' id='word_1_363' title='bbox 1935 3665 2005 3704; x_wconf 88' lang='lat' dir='ltr'>ea</span> <span class='ocrx_word' id='word_1_364' title='bbox 2034 3646 2421 3726; x_wconf 82' lang='lat' dir='ltr'>impellimus,</span> <span class='ocrx_word' id='word_1_365' title='bbox 2477 3650 2542 3702; x_wconf 87' lang='lat' dir='ltr'>ut</span> <span class='ocrx_word' id='word_1_366' title='bbox 2573 3655 2693 3732; x_wconf 61' lang='lat' dir='ltr'>prp-</span> 
     </span>
     <span class='ocr_line' id='line_1_67' title="bbox 1652 3718 2692 3805; baseline -0.006 -15"><span class='ocrx_word' id='word_1_367' title='bbox 1652 3740 1853 3791; x_wconf 86' lang='lat' dir='ltr'>ruant.</span> <span class='ocrx_word' id='word_1_368' title='bbox 1950 3733 2113 3792; x_wconf 84' lang='lat' dir='ltr'>Bene</span> <span class='ocrx_word' id='word_1_369' title='bbox 2152 3734 2419 3794; x_wconf 75' lang='lat' dir='ltr'>Servius:</span> <span class='ocrx_word' id='word_1_370' title='bbox 2477 3718 2692 3805; x_wconf 66' lang='lat' dir='ltr'>„Sixmlfl</span> 
     </span>
     <span class='ocr_line' id='line_1_68' title="bbox 1653 3821 2692 3893; baseline -0.002 -18"><span class='ocrx_word' id='word_1_371' title='bbox 1653 3826 1762 3893; x_wconf 83' lang='lat' dir='ltr'>eat,</span> <span class='ocrx_word' id='word_1_372' title='bbox 1790 3826 1891 3877; x_wconf 86' lang='lat' dir='ltr'>ut:</span> <span class='ocrx_word' id='word_1_373' title='bbox 1920 3830 2242 3878; x_wconf 74' lang='lat' dir='ltr'>cumulem</span> <span class='ocrx_word' id='word_1_374' title='bbox 2257 3821 2520 3888; x_wconf 77' lang='lat' dir='ltr'>incitare,</span> <span class='ocrx_word' id='word_1_375' title='bbox 2534 3825 2692 3890; x_wconf 66' lang='lat' dir='ltr'>prae·</span> 
     </span>
     <span class='ocr_line' id='line_1_69' title="bbox 1651 3888 2692 3990; baseline -0.003 -29"><span class='ocrx_word' id='word_1_376' title='bbox 1651 3904 2003 3981; x_wconf 76' lang='lat' dir='ltr'>cipitantem</span> <span class='ocrx_word' id='word_1_377' title='bbox 2028 3906 2349 3983; x_wconf 81' lang='lat' dir='ltr'>impellere.</span> <span class='ocrx_word' id='word_1_378' title='bbox 2362 3908 2398 3938; x_wconf 91' lang='lat'><strong>“</strong></span> <span class='ocrx_word' id='word_1_379' title='bbox 2455 3888 2692 3990; x_wconf 59' lang='lat'><strong>(-65⁴}·</strong></span> 
     </span>
     <span class='ocr_line' id='line_1_70' title="bbox 1652 3987 2691 4070; baseline -0.007 -22"><span class='ocrx_word' id='word_1_380' title='bbox 1652 3992 2005 4070; x_wconf 80' lang='lat' dir='ltr'>inceptoque</span> <span class='ocrx_word' id='word_1_381' title='bbox 2065 4003 2121 4049; x_wconf 82' lang='lat' dir='ltr'>et</span> <span class='ocrx_word' id='word_1_382' title='bbox 2157 3990 2392 4051; x_wconf 73' lang='lat' dir='ltr'>sedibus</span> <span class='ocrx_word' id='word_1_383' title='bbox 2433 3987 2616 4046; x_wconf 68' lang='lat' dir='ltr'>haeret</span> <span class='ocrx_word' id='word_1_384' title='bbox 2640 3996 2691 4034; x_wconf 75' lang='lat' dir='ltr'>m</span> 
     </span>
     <span class='ocr_line' id='line_1_71' title="bbox 1651 4066 2691 4160; baseline -0.01 -27"><span class='ocrx_word' id='word_1_385' title='bbox 1651 4075 1844 4133; x_wconf 78' lang='lat' dir='ltr'>isdem</span> <span class='ocrx_word' id='word_1_386' title='bbox 1866 4100 1882 4132; x_wconf 92' lang='lat'>.·</span> <span class='ocrx_word' id='word_1_387' title='bbox 1988 4077 2211 4136; x_wconf 87' lang='lat' dir='ltr'>Eadem</span> <span class='ocrx_word' id='word_1_388' title='bbox 2298 4066 2691 4160; x_wconf 38' lang='lat' dir='ltr'>composition-1⁸</span> 
     </span>
     <span class='ocr_line' id='line_1_72' title="bbox 1655 4160 2690 4243; baseline -0.013 -23"><span class='ocrx_word' id='word_1_389' title='bbox 1655 4161 1919 4222; x_wconf 85' lang='lat' dir='ltr'>suavitas</span> <span class='ocrx_word' id='word_1_390' title='bbox 1986 4173 2077 4222; x_wconf 90' lang='lat' dir='ltr'>est</span> <span class='ocrx_word' id='word_1_391' title='bbox 2137 4162 2297 4243; x_wconf 85' lang='lat' dir='ltr'>apud</span> <span class='ocrx_word' id='word_1_392' title='bbox 2321 4179 2327 4182; x_wconf 54' lang='lat'><strong><em>⁴</em></strong></span> <span class='ocrx_word' id='word_1_393' title='bbox 2354 4160 2601 4221; x_wconf 81' lang='lat' dir='ltr'>ciceron.</span> <span class='ocrx_word' id='word_1_394' title='bbox 2642 4165 2690 4207; x_wconf 88' lang='lat' dir='ltr'>m</span> 
     </span>
     <span class='ocr_line' id='line_1_73' title="bbox 1656 4237 2692 4324; baseline -0.014 -18"><span class='ocrx_word' id='word_1_395' title='bbox 1656 4248 1784 4307; x_wconf 89' lang='lat' dir='ltr'>Cat.</span> <span class='ocrx_word' id='word_1_396' title='bbox 1819 4248 1893 4324; x_wconf 86' lang='lat' dir='ltr'>II,</span> <span class='ocrx_word' id='word_1_397' title='bbox 1928 4248 2019 4314; x_wconf 89' lang='lat'>5.:</span> <span class='ocrx_word' id='word_1_398' title='bbox 2065 4251 2136 4308; x_wconf 68' lang='grc' dir='ltr'>δι’</span> <span class='ocrx_word' id='word_1_399' title='bbox 2160 4253 2322 4308; x_wconf 79' lang='lat' dir='ltr'>etin</span> <span class='ocrx_word' id='word_1_400' title='bbox 2365 4242 2534 4307; x_wconf 79' lang='lat' dir='ltr'>urbe</span> <span class='ocrx_word' id='word_1_401' title='bbox 2560 4250 2608 4297; x_wconf 75' lang='lat' dir='ltr'>et</span> <span class='ocrx_word' id='word_1_402' title='bbox 2631 4237 2692 4292; x_wconf 81' lang='lat' dir='ltr'>in</span> 
     </span>
     <span class='ocr_line' id='line_1_74' title="bbox 1659 4329 2686 4411; baseline -0.008 -19"><span class='ocrx_word' id='word_1_403' title='bbox 1659 4333 1929 4394; x_wconf 77' lang='lat' dir='ltr'>eadem</span> <span class='ocrx_word' id='word_1_404' title='bbox 2026 4347 2264 4394; x_wconf 82' lang='lat' dir='ltr'>mente</span> <span class='ocrx_word' id='word_1_405' title='bbox 2358 4329 2686 4411; x_wconf 66' lang='lat' dir='ltr'>permanen!-</span> 
     </span>
     <span class='ocr_line' id='line_1_75' title="bbox 1669 4414 2691 4503; baseline -0.01 -22"><span class='ocrx_word' id='word_1_406' title='bbox 1669 4419 1887 4503; x_wconf 78' lang='lat' dir='ltr'>Wclz.)</span> <span class='ocrx_word' id='word_1_407' title='bbox 1977 4422 2120 4486; x_wconf 88' lang='lat'>656.</span> <span class='ocrx_word' id='word_1_408' title='bbox 2150 4442 2289 4481; x_wconf 87' lang='lat' dir='ltr'>nam</span> <span class='ocrx_word' id='word_1_409' title='bbox 2315 4435 2464 4498; x_wconf 83' lang='lat' dir='ltr'>quae</span> <span class='ocrx_word' id='word_1_410' title='bbox 2490 4414 2594 4474; x_wconf 86' lang='lat' dir='ltr'>iam</span> <span class='ocrx_word' id='word_1_411' title='bbox 2611 4424 2691 4464; x_wconf 72' lang='lat'>⁸⁸-</span> 
     </span>
    </p>
   </div>
  </div>
 </body>
</html>
