2882 5028
448 466 605 540 910

921 458 1002 532 P.
1059 454 1593 532 VIRGILII
1642 440 2200 530 MARONIS

452 646 604 727 Cui
632 656 883 742 vates,
935 638 1274 719 horrere
1308 641 1590 718 videns
1623 640 1778 715 iam
1820 639 2025 716 colla
2056 640 2430 734 colubria,

448 749 689 829 Melle
729 760 1184 850 soporatam
1216 759 1297 822 et
1325 745 1735 821 medicatis
1766 743 2125 844 frugibus
2154 742 2417 820 offam
2581 751 2736 824 420

452 853 771 932 Obiicit.
871 850 1014 927 Ille
1046 848 1260 927 farne
1288 849 1564 926 rabida
1590 851 1734 924 tria
1761 862 2074 946 guttura
2111 846 2490 948 pandens

451 956 820 1058 Conripit
852 953 1284 1046 obiectam,
1338 967 1577 1054 atque
1610 953 1957 1028 inmania
1989 966 2205 1050 terga
2235 949 2578 1026 resolvit

452 1066 707 1137 Fusus
741 1058 1004 1154 humi,
1050 1070 1387 1158 totoque
1417 1057 1697 1154 ingens
1731 1056 2181 1132 extenditur
2212 1068 2475 1134 antr0.

454 1165 817 1264 Occupat
849 1167 1158 1238 Aeneas
1207 1161 1512 1237 aditum
1550 1159 1881 1236 custode
1914 1158 2252 1259 sepulto,

448 1268 894 1367 Evaditque
926 1265 1140 1341 celer
1165 1266 1422 1367 ripam
1453 1263 1987 1340 inremeabilis
2010 1261 2295 1340 undae.

2583 1264 2727 1341 42⁵

590 1476 695 1531 419
720 1472 955 1529 colubris
979 1475 1200 1528 Mentel.
1228 1491 1312 1542 pr.
1381 1472 1528 1526 colla
1556 1491 1843 1543 comasque
1870 1472 2051 1528 Lutat.
2085 1470 2153 1523 ad
2178 1475 2314 1523 Stat.
2349 1469 2402 1519 11
2429 1468 2621 1524 Theb.
2647 1470 2728 1522 27.

358 1549 363 1554 ’
451 1546 559 1601 ω
586 1559 904 1616 saporatum
928 1545 1064 1596 alter
1091 1547 1299 1610 Menag.
1331 1553 1388 1593 et
1430 1561 1530 1611 pro
1560 1543 1664 1596 div.
1694 1543 1819 1594 lect.
1849 1543 1985 1594 alter
2011 1541 2194 1592 Hamb.
2231 1551 2290 1591 et
2332 1538 2476 1590 olim
2517 1540 2571 1590 T
2576 1556 2731 1589 une-

452 1615 550 1666 bus
591 1633 622 1666 e
657 1614 882 1678 Codice,
932 1613 1022 1683 qui
1064 1632 1180 1665 cum
1218 1613 1412 1663 Alardo
1453 1611 1586 1663 illud
1629 1612 1906 1682 probabat.
1974 1630 2023 1663 ν.
2059 1611 2237 1662 Heius.
2281 1617 2338 1661 et
2381 1608 2603 1672 Cerda,
2651 1607 2732 1677 qai

451 1694 596 1737 recte
626 1683 891 1736 vindicant
921 1683 1182 1751 vulgatam
1207 1682 1492 1734 lectionem
1517 1681 1598 1733 vel
1630 1700 1695 1733 ex
1725 1684 1799 1734 IV
1828 1688 1958 1735 Aen.
1984 1682 2103 1735 486.
2139 1681 2210 1743 V,
2242 1677 2373 1733 855.
2441 1678 2581 1731 vid.
2611 1679 2733 1730 flet.

452 1755 773 1808 medicatam

792 1751 846 1824 fi
879 1752 1042 1821 offam
1071 1751 1308 1803 nonnulli
1335 1761 1443 1804 vet.
1476 1751 1615 1820 apud
1640 1751 1883 1802 Pieriam.

2021 1750 2122 1806 421
2162 1749 2372 1819 rapida
2400 1747 2573 1798 multi
2600 1747 2731 1816 apud

452 1824 624 1875 θαι-ιιι.
659 1822 818 1889 (Ille,
839 1820 998 1891 same
1026 1820 1246 1883 rabida,
1282 1834 1352 1872 tr.
1381 1818 1658 1889 distinguit
1680 1821 1923 1882 Wakef.;
1969 1820 2075 1871 vid.
2105 1818 2217 1869 eius
2241 1819 2374 1869 Not.
2415 1818 2490 1868 ad
2525 1818 2620 1880 111,
2655 1820 2732 1872 70.

451 1893 568 1945 Buc
598 1909 807 1962 quoqne
832 1892 1137 1960 pertinent,
1188 1908 1323 1957 qnae
1348 1890 1537 2009 scripsi
1561 1891 1617 1941 in
1640 1892 1769 1946 Not.
1808 1891 1877 1942 ad
1910 1892 2000 1953 IV,
2035 1891 2156 1946 517.
2182 1890 2268 1941 W
2263 1888 2335 1955 r.)

1118 1963 1128 1973 “
1492 1978 1639 2025 urm„
1674 1959 1770 2010 sed
1793 1959 1910 2028 ipse
1936 1960 2172 2020 damnat,
2221 1966 2278 2007 et
2304 1966 2490 2009 recte.
2565 1962 2730 2025 Auget

454 1974 618 2043 coque
641 1980 672 2013 a
701 1979 769 2012 m.
792 1979 874 2042 pr.
898 1962 1007 2014 Erf.
1077 1979 1265 2032 ngens
1289 1960 1423 2011 coni.

452 2050 653 2102 sugens
688 2031 904 2083 mirifice
935 2030 1165 2098 speciem
1197 2029 1584 2097 magnitudinis.

2493 1884 2728 1941 42:322-

1721 2027 1828 2084 424
1867 2048 1910 2080 c.
1950 2040 2155 2080 remoto
2194 2027 2379 2093 Bigot.
2421 2037 2485 2078 et
2526 2028 2728 2096 Hagen.

454 2118 555 2170 pro
586 2119 691 2153 var.
720 2100 847 2153 lect.
912 2105 1080 2170 Supra
1106 2102 1172 2165 11,
1210 2101 1317 2154 265
1347 2097 1532 2151 urbem
1559 2116 1746 2151 somno
1771 2100 2005 2171 vinoque
2026 2095 2317 2169 sepultam.

453 2282 516 2332 et
558 2271 721 2354 apud
760 2272 1002 2333 Hesiod.
1034 2276 1100 2337 Θ.
1140 2277 1269 2340 769
1311 2293 1463 2352 sqq.‚
1508 2294 1542 2331 a

453 2379 573 2438 quo
602 2359 700 2417 ille
741 2359 1032 2418 adeuntes
1072 2359 1391 2420 adulando
1425 2359 1541 2418 ad—

452 2445 712 2521 mittere,
754 2454 1040 2504 exeuntes
1066 2454 1299 2504 terrere
1332 2466 1404 2504 ac
1429 2444 1543 2504 de—

453 2550 675 2593 vorare
707 2541 1016 2593 narratur.
1102 2532 1278 2593 Nunc
1327 2533 1391 2592 in
1428 2533 1543 2591 ad-

455 2625 701 2678 euntem
758 2617 1018 2678 Aeneam
1062 2618 1368 2697 insurgere
1417 2638 1538 2699 pu·-

452 2702 678 2765 tandm
718 2713 863 2780 -est,
936 2705 1209 2764 nondum
1248 2706 1372 2764 sato
1430 2704 1540 2762 de-

453 2791 752 2852 sunctum.
809 2790 1038 2850 Nomen
1071 2790 1268 2870 ipsum
1301 2789 1543 2849 Cerberi

456 2898 582 2937 non
607 2876 719 2935 nisi
746 2885 882 2956 post
898 2876 1228 2936 Homerum
1261 2875 1540 2936 auditum

432 2972 568 3022 ·est:
620 2963 697 3021 cs.
726 2964 981 3028 Pausan.
1014 2963 1109 3038 111,
1156 2962 1273 3039 255
1318 2982 1536 3021 occur-

452 3049 538 3109 rit
579 3059 782 3108 tamen
810 3049 970 3129 apud
1012 3047 1252 3107 Hesiod.
1296 3050 1365 3109 Θ.
1395 3053 1541 3112 311.

454 3136 804 3195 Commenta
837 3136 913 3194 de
940 3154 1010 3193 eo
1026 3134 1310 3214 pleraque
1341 3133 1541 3193 Hera-

454 3221 583 3279 cliis
635 3219 839 3279 deberi
883 3221 1208 3294 videntur,
1276 3218 1538 3279 Hercule

454 3306 535 3365 ad
587 3324 727 3366 eum
773 3325 851 3365 ex
905 3307 1109 3365 inferis
1169 3305 1538 3383 raptandum

452 3393 653 3453 misso.
715 3391 841 3451 vid.
893 3391 1169 3472 Apollod.
1210 3392 1280 3465 Π,
1326 3394 1387 3468 5,
1436 3396 1538 3467 12,

453 3488 515 3538 et
544 3478 679 3536 Not.
708 3497 763 3555 p.
797 3477 921 3541 428
951 3498 1079 3555 sqq.
1138 3475 1335 3536 Schol.
1368 3477 1537 3539 Iliad.

452 3570 521 3638 θ,
564 3565 709 3627 868.
796 3562 1075 3623 Placatur
1113 3563 1210 3621 ille
1248 3560 1308 3621 h.
1346 3562 1384 3622 l.
1431 3582 1543 3621 eo-

454 3647 590 3707 dem
619 3647 739 3705 sere
776 3649 989 3725 modo,
1035 3669 1156 3727 quo
1189 3649 1373 3707 draco
1400 3649 1545 3709 Col-

452 3732 658 3792 chicus
686 3734 746 3791 in
774 3733 1205 3814 Argonauticis.
1249 3734 1384 3793 Alio
1406 3756 1545 3794 mo-

453 3819 534 3879 do
570 3819 863 3877 Cerberus
890 3821 1170 3899 placatur
1205 3820 1369 3900 apud
1398 3823 1543 3879 Sta-

451 3906 605 3965 tium
631 3905 683 3964 11
728 3904 914 3966 Theb.
948 3910 1223 3970 26—31
1257 3907 1542 3966 Mercurii

449 3991 637 4071 virga.
741 3991 1088 4072 Comparari
1139 4012 1310 4071 posse
1352 3997 1540 4051 Sene-

451 4097 555 4136 cae
580 4077 755 4139 Herc.
785 4079 904 4138 sur.
925 4081 1048 4142 783
1077 4097 1223 4155 sqq„
1251 4080 1367 4137 iam
1388 4081 1538 4138 Cer-

454 4162 535 4222 da
562 4164 831 4239 monuit,
881 4164 986 4224 ubi
1021 4162 1284 4223 Theseus
1312 4166 1536 4224 Cerbe-

447 4270 592 4309 rum
617 4250 692 4309 ab
725 4250 983 4310 Hercule
1013 4269 1364 4330 oppressum
1389 4272 1538 4311 nar-

446 4344 565 4399 rat.
665 4336 881 4417 Offam
921 4336 1048 4400 420
1099 4337 1359 4417 intellige
1404 4338 1538 4416 glo-

444 4419 660 4480 bulum
688 4439 766 4480 ex
794 4422 964 4501 pulte
994 4425 1241 4499 sactum,
1284 4424 1387 4482 sed
1422 4424 1539 4482 ad·-

445 4506 642 4566 mixto
677 4506 852 4566 melle
896 4517 955 4569 et
990 4528 1295 4589 papavere
1328 4509 1536 4570 aliisve

1623 2271 1945 2333 seminibus
1976 2280 2037 2332 et
2074 2270 2267 2331 succis
2294 2271 2387 2331 ita
2419 2280 2730 2351 tempera-

1624 2369 1797 2434 tum,
1841 2366 1913 2419 ut
1939 2358 2062 2419 vim
2097 2357 2496 2438 soporificam
2540 2357 2730 2418 habe-

1624 2454 1755 2521 ret3
1828 2441 1976 2503 hinc
2028 2457 2312 2523 soporata
2393 2446 2538 2526 ipsa
2597 2443 2728 2518 offa,

1626 2532 1798 2590 melle
1829 2541 1890 2590 et
1901 2530 2199 2610 frugibus
2215 2532 2556 2590 meda-auk
2571 2556 2594 2588 .·
2625 2531 2725 2590 lm

1627 2617 1703 2677 de
1749 2637 2047 2697 papavere
2092 2617 2460 2698 plerumque
2522 2617 2723 2676 videas

1624 2704 1865 2783 exponi.
1966 2705 2119 2762 Sunt
2184 2712 2400 2762 tamen
2479 2704 2719 2762 omnino

1623 2810 1809 2869 grana
1857 2796 1917 2847 et
1940 2789 2198 2864 semina,
2257 2790 2462 2849 succis
2503 2788 2711 2849 herba-

1625 2895 1782 2949 rum,
1828 2874 1933 2954 qui
1970 2876 2095 2935 vim
2140 2875 2431 2952 aliquam,
2483 2897 2554 2935 v.
2587 2897 2635 2934 c.
2659 2875 2709 2932 ia

1624 2960 1862 3041 magicis
1897 2962 2108 3036 rebus,
2158 2959 2411 3036 habeut,
2459 2965 2715 3041 perfun-

1633 3051 2019 3110 Μελιτοῦττα
2044 3047 2304 3106 Cerbero
2348 3049 2545 3107 obiim·
2585 3049 2716 3108 soli-

1626 3142 1688 3191 ta
1703 3154 1721 3207 3
1787 3143 1932 3193 nota
1968 3153 2082 3191 res.
2127 3135 2199 3192 cs.
2240 3134 2444 3192 Cerda
2494 3145 2564 3194 et
2595 3154 2717 3212 sup.

1623 3218 1700 3276 ad
1759 3218 1871 3295 lv,
1947 3219 2092 3282 486.
2196 3218 2363 3277 Hinc
2402 3224 2728 3279 vesola-intr

1621 3324 1832 3363 somno
1886 3324 2137 3383 corpus,
2208 3299 2581 3382 οἷναλύεται,
2651 3313 2722 3364 ut

1624 3389 1925 3470 Apollon„
1960 3410 2138 3469 quem
2165 3389 2226 3448 in
2255 3400 2392 3450 toto
2429 3392 2571 3451 loeo
2608 3413 2720 3450 an-

1624 3485 1688 3535 te
1728 3477 1933 3536 oculos
1962 3476 2175 3536 habuit
2205 3476 2402 3553 Maro,
2443 3479 2553 3553 1V,
2601 3482 2720 3543 150

1628 3559 1877 3643 δολιχήν
1935 3555 2211 3625 ἆνελύετ’
2274 3560 2608 3642 ὅκανθανς
2659 3574 2718 3623 et

1626 3668 1685 3707 v.
1701 3648 1826 3714 424
1849 3649 2087 3707 custode
2103 3650 2357 3725 εεριιίιο,
2381 3670 2464 3709 sc.
2485 3671 2719 3709 somno.

1627 3734 1772 3798 423.
1822 3747 2057 3813 totoque
2112 3736 2327 3811 iugens
2380 3739 2722 3795 extendatur

1625 3833 1817 3878 antro.
1911 3822 2009 3879 Sic
2028 3838 2161 3897 sup.
2190 3820 2292 3894 111,
2332 3825 2456 3887 631
2489 3827 2717 3881 tirenu-

1622 3908 2550 4073 ssssyssfizgssff'fflffiffg
2567 3907 2719 4052 ...ἶῖῗ

1620 4078 1937 4138 meabilem
1963 4078 2185 4138 undam
2211 4099 2280 4137 eo
2308 4081 2598 4140 referunt
2619 4081 2716 4140 in-

1621 4174 1945 4246 terpretes,
2003 4166 2167 4245 quod
2201 4185 2323 4226 non
2371 4167 2591 4228 eadem
2620 4172 2716 4226 vi·

1621 4261 1754 4311 erat
1816 4252 2121 4311 rediturus
2168 4252 2414 4312 Aeneas.
2483 4255 2567 4313 d.
2609 4256 2716 4313 ins.

1623 4341 1768 4402 899.
1854 4336 2138 4416 Argutius
2199 4337 2316 4396 hoc
2359 4358 2548 4417 quam
2605 4361 2716 4399 ne-

1622 4442 1798 4483 cesse.
1884 4424 2175 4484 Naturam
2199 4425 2394 4503 Stygis
2431 4445 2714 4486 eommu-

1623 4528 1759 4569 nem
1790 4510 2077 4592 exprimit
2105 4509 2433 4591 epitheton.
