2882 5028
462 339 617 414 500

910 303 1032 409 ‘R
1088 333 1613 410 lee1L11
1665 290 2220 411 MARoNl‘s‘

463 520 930 620 Infernique
967 518 1217 613 lacus»,
1272 524 1742 620 Aeaeaeque
1777 519 2026 596 insula
2058 522 2355 618 Circae,

465 630 725 720 Quam
759 636 925 698 tuta
958 623 1209 722 possis
1238 624 1526 699 urbem
1571 648 2037 725 conponere
2065 636 2295 702 terra.

465 730 697 825 Signa
742 726 882 801 tibi
915 725 1209 818 dicam3
1267 739 1353 801 tu
1386 725 1702 802 condita
1734 740 2007 802 mente
2041 741 2355 804 tenetot

464 836 734 926 Quum
768 829 905 904 tibi
937 829 1270 904 sollicito
1306 831 1588 906 secreti
1619 829 1716 905 ad
1747 828 2098 906 fluminis
2130 830 2433 906 undam

459 934 797 1009 Litoreis
828 933 1107 1029 ingens
1136 934 1456 1009 inventa
1485 934 1633 1008 sub
1668 934 1975 1010 ilicibus
2006 958 2160 1029 suS‚

2563 938 2714 1009 390

464 1039 814 1135 Triginta
848 1037 1192 1137 capitum
1229 1033 1439 1112 setus
1473 1038 1729 1133 enixa,
1784 1037 2087 1126 iacebit,

461 1140 661 1216 Alba
681 1149 725 1238 ‚'
750 1140 923 1215 solo
950 1139 1378 1235 recubam,
1434 1141 1586 1215 albi
1622 1141 1918 1216 circum
1951 1140 2204 1216 ubera
2233 1137 2428 1213 nati:

596 1330 704 1384 386
741 1330 928 1380 arcae
958 1328 1303 1380 vetustiorum
1338 1327 1653 1380 auctoritate
1686 1329 1930 1397 reposuit
1963 1330 2167 1390 Heius„
2219 1326 2307 1397 qui
2340 1323 2562 1394 copiose
2600 1322 2713 1374 aliis

462 1399 712 1469 exemplis
748 1399 933 1449 firmat.

1009 1399 1182 1466 Vulgo
1221 1402 1425 1460 Circe-53
1463 1398 1665 1467 aliquot
1699 1400 1858 1451 etiam
1896 1403 2059 1450 Circe.
2097 1399 2337 1467 (Poterat
2370 1404 2548 1446 tamen
2585 1394 2714 1443 bre·-

458 1468 698 1520 vissimus
733 1486 850 1519 esse
885 1467 1155 1520 Heinsius:
1192 1467 1401 1537 qnippe
1426 1468 1677 1536 Virgilius
1714 1471 1914 1520 Graeca
1951 1469 2049 1520 hac
2088 1465 2309 1537 genitivi
2345 1463 2712 1515 terminatione

459 1554 672 1608 prorsus
710 1536 976 1589 abstinuit.
1023 1539 1164 1604 Wr.)

1305 1537 1411 1590 387
1441 1556 1636 1606 posces
1669 1539 1805 1589 alter
1844 1539 2029 1589 Hamb.

2169 1538 2272 1592 388
2313 1535 2542 1586 memori
2574 1549 2712 1602 quae

412 1631 421 1642 =
460 1613 580 1675 (pro
617 1608 739 1677 que)
774 1608 911 1658 lmec
945 1627 1012 1660 m.
1050 1620 1088 1657 t.
1125 1625 1230 1658 sec.
1267 1609 1458 1657 Moret.
1525 1625 1627 1658 vas.
1661 1608 1849 1663 388-
1865 1608 1971 1661 393
2000 1607 2244 1674 leguntur
2272 1603 2414 1673 apud
2449 1614 2712 1654 auctorem

458 1677 527 1727 de
563 1676 814 1746 progenie
851 1677 1068 1745 Augusti
1121 1695 1164 1728 c.
1208 1677 1290 1729 12.

458 1746 623 1806 ulter,
676 1755 732 1795 ut
767 1764 941 1815 supra.

457 1834 542 1884 pr.
584 1818 668 1868 W
661 1813 732 1883 r.)

456 1954 936 2035 symplegadum.
1023 1955 1325 2030 Quoniam
1363 1955 1543 2029 enim,

456 2043 619 2100 len-ea
651 2060 802 2119 quae
831 2049 994 2115 sunt,
1010 2041 1179 2099 facile
1204 2040 1368 2099 flecti
1396 2060 1543 2119 pos-

457 2138 601 2185 sunt
618 2171 633 2202 ,
681 2126 821 2185 binc
845 2128 1038 2185 lenm-5
1064 2148 1173 2205 pro
1202 2126 1436 2201 flexilis,
1483 2134 1545 2183 et

456 2214 680 2270 lentare
707 2213 962 2271 nectem.
1047 2214 1102 2270 A
1127 2211 1371 2291 Virgilio
1401 2214 1543 2269 Sta-

457 2298 579 2356 tius
623 2306 681 2356 et
731 2297 830 2356 alii
876 2296 1204 2376 petierunt3
1261 2296 1541 2375 Virgilius

458 2382 534 2440 ab
584 2383 1049 2461 antiquioribus,
1094 2391 1164 2442 ut
1207 2384 1376 2442 Serv.
1423 2381 1542 2440 do-

457 2477 566 2528 cet.
655 2472 798 2534 886.
834 2469 1054 2548 infimi
1083 2470 1286 2545 lacus,
1346 2469 1542 2527 Aver-

457 2575 572 2613 nus
617 2556 722 2614 ins.
765 2554 864 2613 lib.
912 2555 1010 2613 VI.
1104 2556 1298 2613 Cimes
1339 2555 1542 2611 insula

460 2640 585 2713 VH,
625 2646 699 2704 10
733 2660 817 2717 sq.
861 2641 1089 2715 Aeaea,
1122 2638 1416 2714 Colchica,
1465 2638 1538 2697 ab

456 2725 609 2801 Aea,
687 2724 988 2784 Colchidis
1050 2726 1236 2802 urbe,
1311 2724 1408 2784 vel
1464 2744 1542 2782 ex

456 2811 773 2891 Apollonio
828 2810 1068 2871 Rhodio
1136 2821 1298 2870 nota.
1396 2814 1539 2874 387.

455 2898 659 2956 urbem
695 2919 1072 2975 componet-e,
1118 2915 1275 2956 nove
1308 2896 1541 2955 dictum

456 3003 579 3042 esse
623 2983 833 3057 debet,
879 3003 988 3061 pro
1015 3003 1270 3062 ponere,
1315 2981 1540 3041 conde-

455 3088 553 3144 re;
632 3077 700 3127 ut
746 3069 1033 3139 templum
1068 3089 1410 3146 componere
1465 3085 1543 3125 ex

458 3152 639 3225 Ovid,
687 3153 712 3209 1
755 3153 913 3211 Fast.
940 3155 1066 3215 708
1102 3153 1308 3212 laudat
1337 3154 1542 3213 Burin.

457 3237 580 3297 Nisi
626 3248 715 3296 est
750 3237 917 3315 quod
962 3236 1178 3316 vulgo,
1237 3257 1332 3296 res
1376 3238 1543 3296 urbis

457 3342 846 3402 componere,
922 3341 1168 3400 pacare,
1245 3323 1543 3383 ordinare.

456 3411 564 3468 Est
604 3408 930 3467 tenendum
985 3408 1375 3484 alterutrum,
1434 3428 1546 3468 neo

458 3514 596 3554 cum
636 3496 839 3554 But-m.
878 3493 1028 3552 duas
1065 3495 1330 3555 diversas
1360 3505 1543 3555 nota-

457 3580 651 3639 tiones
707 3580 767 3639 in
827 3600 1017 3639 uuum
1074 3581 1271 3640 locum
1320 3601 1542 3658 conge-

457 3685 590 3724 rere
631 3665 851 3740 ausim3
896 3666 1063 3744 quod
1101 3666 1388 3726 sermonis
1417 3665 1532 3726 hu·

457 3751 616 3809 mani
669 3752 886 3809 rationi
939 3751 1313 3812 adversatur.
1391 3750 1540 3833 (Nec

458 3835 559 3894 hic
587 3858 930 3915 componere
953 3837 1144 3915 idem,
1189 3836 1352 3917 quod
1389 3840 1534 3897 sim-

370 3942 377 3949 ’
456 3921 597 4001 plex
624 3943 860 3999 ponere,
888 3942 1009 3983 nec*
1029 3923 1189 4004 apud
1223 3923 1401 3983 ovid.
1427 3925 1465 3983 l.
1495 3926 1534 3983 l.

461 4005 717 4067 Ovidius
762 4007 847 4066 ibi
894 4010 1092 4069 utitur
1160 4008 1280 4068 hoe
1334 4010 1541 4087 verbo,

459 4091 625 4171 quod
671 4093 966 4173 templum
1001 4095 1316 4155 Castorum
1353 4115 1387 4153 a
1432 4097 1541 4154 'ri-

457 4177 624 4238 berio
674 4179 1024 4258 Drusoque,
1092 4180 1276 4259 igitur
1328 4180 1543 4241 binis

459 4264 623 4324 diisa
649 4265 862 4325 binis
895 4265 1182 4331 fratribus
1197 4265 1542 4328 dedicatum

457 4352 672 4410 suerat.
760 4349 940 4441 Apud
984 4350 1295 4431 Virgilium
1341 4362 1542 4414 autem

1075 1738 1078 1741 ⁴
1429 1677 1535 1730 389
1583 1677 1763 1728 undas
1810 1677 2009 1745 aliquot
2057 1674 2282 1727 Pieriani
2334 1682 2388 1724 et
2425 1671 2708 1737 Hamburg.

1080 1746 1182 1800 391
1224 1745 1422 1816 foetus
1458 1749 1695 1817 capitum
1727 1746 1986 1800 Montalb.
2075 1742 2305 1813 (Iacebat
2349 1737 2544 1793 Medic.
2574 1759 2605 1792 a
2645 1757 2710 1789 m.

1630 1952 1937 2034 epitheton
2005 1967 2136 2014 tuta
2191 1953 2440 2034 probat,
2522 1949 2710 2009 verbo

1627 2062 1977 2119 componere
2046 2039 2362 2119 significari
2407 2035 2710 2115 tranquil-

1628 2127 1752 2185 lum
1788 2146 1987 2214 novae
2011 2126 2178 2185 urbis
2209 2123 2560 2184 condendae
2583 2131 2709 2180 sta-

1628 2220 1777 2274 tum.
1870 2212 2174 2285 Quoniam
2211 2220 2412 2270 autem
2460 2228 2532 2267 ea
2574 2216 2711 2266 ante

1625 2298 2016 2376 ponenda,
2062 2318 2107 2356 s.
2166 2296 2515 2371 condenda,
2563 2302 2708 2367 erat,

1626 2385 1837 2460 quam,
1895 2383 2074 2442 rebus
2107 2401 2213 2462 per
2249 2383 2439 2441 otium
2485 2401 2557 2439 ac
2601 2399 2708 2459 pa-

1627 2487 1755 2528 cem
1786 2468 2108 2543 ordinatis,
2166 2466 2526 2548 cosmponi
2568 2486 2708 2547 pos·-

1629 2563 1736 2630 set,
1778 2555 1860 2612 ita
1894 2554 2173 2634 componi
2203 2555 2349 2613 urbs
2379 2562 2529 2613 noto
2559 2571 2706 2633 poe-

1626 2651 1827 2699 tarum
1884 2659 2051 2700 more
2103 2638 2164 2699 h.
2201 2639 2243 2699 l.
2303 2639 2562 2712 dicitur,
2638 2646 2707 2697 ut

1623 2726 1960 2805 ponendi
2071 2726 2239 2784 notio
2333 2725 2704 2785 involvatur.

1633 2814 1777 2879 Wr.
1865 2828 1866 2831 ’

1712 2810 1855 2960 38)8.
1905 2898 1988 2955 Ut
2028 2895 2189 2976 apud
2236 2895 2483 2958 Homer.
2525 2897 2707 2974 Σῆμα

1627 2980 1695 3044 δέ
1734 3005 1830 3045 τοι
1864 2980 2011 3062 ἐρέω
2054 2991 2113 3039 et
2147 2980 2329 3041 illud:
2391 2978 2467 3042 oti
2511 2974 2575 3042 δ’
2618 2978 2707 3042 ἐνὶ

1626 3066 1805 3148 φρεσὶ
1835 3065 2081 3142 σύνθεο,
2129 3068 2222 3126 vel
2263 3061 2480 3146 βάλλευ
2511 3069 2704 3148 σῇσιν.

1714 3156 2095 3217 389—393.
2153 3154 2240 3213 Cs.
2279 3153 2382 3212 inf.
2423 3151 2574 3224 vm,
2624 3153 2706 3215 42

1627 3258 1756 3317 sqq.
1794 3243 1868 3303 81
1904 3259 1989 3315 sq.
2030 3236 2596 3315 Quum—iacebit.-
2656 3238 2708 3292 it

1627 3325 1794 3382 locus
1826 3344 1935 3403 pro
1975 3323 2234 3402 vulgari:
2293 3327 2346 3381 is
2384 3325 2553 3382 loeus
2579 3366 2597 3395 ‚
2645 3324 2707 3378 in

1628 3430 1746 3489 quo
1776 3442 1862 3455 -
1886 3409 2134 3484 iacebit,
2194 3412 2301 3468 erit
2341 3429 2538 3466 novae
2579 3404 2711 3465 mhi

1628 3497 1973 3554 destinatus.
2078 3495 2229 3553 Usus
2289 3503 2351 3553 et
2389 3492 2494 3552 hic
2534 3501 2708 3574 poeta

1628 3589 1716 3637 est
1747 3580 1988 3639 oraculo
2017 3600 2125 3639 sua
2154 3590 2374 3640 natura
2403 3600 2528 3638 non
2560 3579 2709 3639 adeo

1626 3665 2116 3741 commendabili,
2173 3665 2564 3726 celeberrimo
2611 3674 2706 3723 ta·-

1623 3771 1759 3810 men
1806 3753 1967 3811 inter
2004 3753 2326 3831 populares
2373 3772 2535 3811 suos.
2585 3749 2705 3810 vid.

1620 3838 1724 3897 ins.
1758 3839 2006 3897 Excurs.
2052 3837 2106 3898 11
2137 3838 2212 3896 ad
2247 3838 2350 3901 lib.
2392 3838 2518 3897 vn„
2595 3838 2705 3896 Ra

1617 3922 1743 4001 ipsa
1782 3924 1987 3984 multis
2010 3923 2075 3982 in
2104 3924 2511 3984 monumentis
2549 3922 2703 3983 anti·

1626 4009 1790 4087 quis,
1844 4010 2126 4088 gemmis,
2170 4010 2381 4073 ,numis
2419 4008 2702 4081 exhibitu,

1626 4103 1699 4153 ut
1721 4095 1991 4174 exempla
2016 4096 2247 4175 singula
2270 4096 2523 4155 laudare
2559 4093 2705 4155 velle

1624 4180 1902 4261 ineptum
1927 4182 2022 4241 sit.
2113 4183 2617 4259 secreti-fluminis
2644 4178 2704 4238 li.

1627 4286 1679 4326 e.
1704 4266 1765 4325 in
1792 4276 1964 4347 parte
1986 4277 2245 4343 secreta,
2292 4267 2365 4326 ab
2393 4266 2706 4327 hominum

1626 4353 1958 4431 frequentia
2003 4363 2270 4429 remota,
2313 4353 2580 4415 fluminis
2601 4352 2704 4411 'rn-
