2882 5028
424 401 577 473 800

912 393 994 469 Ρ.
1048 386 1575 467 VIRGILII
1627 386 2176 465 MARONIS

422 576 764 670 Insensi;
818 572 1021 651 facta
1051 574 1347 676 pariter
1370 598 1586 650 nunc
1614 598 1810 674 pace
1845 571 2235 651 seruntur.

423 688 530 761 Ut
562 678 976 783 quondam
1009 681 1241 754 Creta
1269 677 1528 754 fertur
1556 677 2081 775 Labyrinthus
2128 679 2203 752 in
2245 675 2394 751 alta

422 783 860 864 Parietibus
887 794 1192 858 textum
1229 783 1478 857 caecis
1514 783 1703 877 iter,
1758 783 2350 883 ancipitemque

421 888 643 968 Mille
676 887 814 963 viis
845 885 1214 961 habuisse
1255 885 1573 982 dolum,
1630 910 1783 985 qua
1810 887 2029 983 signa
2062 881 2463 985 sequendi
2535 890 2685 963 590

422 991 766 1068 Falleret
803 988 1332 1089 indeprensus
1374 1003 1455 1065 et
1487 987 2020 1064 inremeabilis
2059 1012 2303 1069 error.

422 1094 655 1171 Haud
684 1093 832 1169 alio
872 1097 1278 1168 Teucrum
1310 1093 1472 1169 nati
1504 1093 1823 1191 vestigia
1861 1116 2094 1167 cursu

564 1269 671 1324 587
700 1268 920 1340 pariter
935 1263 1100 1337 facta
1129 1265 1372 1319 Psi-rhus.
1430 1262 1715 1335 fruuntur
1756 1276 1866 1319 tres
1910 1267 2050 1337 apud
2085 1267 2364 1318 Burmann.
2406 1282 2529 1316 oum
2573 1263 2687 1315 edd.

427 1338 547 1391 Ald.
575 1339 708 1392 lunt.
780 1333 1013 1407 (Infeui
1036 1345 1092 1386 et
1113 1347 1281 1408 parte
1311 1333 1527 1398 Medic„
1563 1346 1836 1404 utrumque
1868 1355 1899 1388 a
1923 1355 1993 1389 m.
2017 1353 2097 1405 pr.
2130 1337 2213 1388 W
2209 1335 2278 1401 r.)

425 1408 593 1462 wau.
622 1426 654 1459 ι
677 1424 746 1460 m.
781 1424 862 1474 pr.
933 1408 1125 1457 Cretae
1151 1405 1303 1456 altae
1340 1410 1486 1457 Serv.
1513 1405 1655 1472 apud
1694 1409 1966 1458 Burmann.

425 1478 634 1531 Thoan.
675 1474 929 1527 Macrobii
955 1476 1003 1523 V
1034 1479 1142 1526 Sat.
1185 1476 1271 1529 14.
1342 1476 1511 1526 textis
1542 1475 1783 1526 Parthas.
1854 1487 2041 1527 textus
2065 1477 2202 1526 Ven.

2400 1336 2512 1388 588
2542 1339 2688 1384 Creu

2105 1407 2211 1459 589
2246 1402 2547 1458 Abietibus
2578 1402 2689 1455 eod.

2342 1477 2458 1531 590
2499 1473 2690 1525 Mine-

425 1549 515 1599 m‘s
555 1548 609 1598 Ιι.
647 1547 700 1597 d.
730 1545 894 1597 Goth.
924 1562 1049 1607 sec„
1085 1561 1264 1611 prave.
1335 1544 1552 1595 domum
1576 1555 1686 1596 tres
1714 1545 1857 1614 apud
1882 1547 2157 1596 Burmann.
2226 1543 2336 1597 Sed
2378 1544 2554 1596 dolus
2580 1541 2689 1593 ele-

426 1627 623 1684 ganter.
657 1633 708 1667 v·
736 1616 865 1666 Not.

425 1704 457 1738 a
486 1704 553 1737 m.
585 1703 665 1752 pr.
709 1684 853 1749 Wr.)
924 1701 1030 1752 quo
1056 1684 1219 1751 signa
1259 1684 1430 1751 Bigot.

937 1613 1097 1666 Mille
1135 1614 1280 1666 dolis
1308 1613 1363 1665 k.
1407 1615 1582 1676 viam,
1628 1633 1769 1683 quae
1799 1634 1842 1666 s.
1887 1632 1930 1666 s.
1975 1614 2215 1664 Parthas.

1568 1684 1670 1737 591
1709 1689 1972 1750 Agnoscat
2004 1693 2060 1734 et
2102 1682 2190 1734 hic
2219 1683 2496 1751 duplicem
2540 1681 2686 1734 codd.

2285 1616 2456 1682 (quae
2499 1612 2688 1663 Medic.

425 1766 649 1815 sectam:
688 1757 839 1805 Rom.
866 1771 977 1804 cum
1014 1752 1187 1816 codd.,
1222 1753 1364 1804 inter
1427 1768 1522 1801 uos
1551 1753 1714 1804 Goth.
1744 1754 1896 1817 alter,
1930 1763 2103 1821 parte,
2137 1756 2473 1823 Frangeret‚
2513 1750 2686 1818 (etim

427 1829 478 1880 1.
506 1826 558 1879 3.
591 1825 643 1878 8.
674 1827 757 1878 11.
798 1826 877 1876 W
878 1822 947 1888 r.)
982 1823 1122 1873 forte
1148 1831 1324 1873 tamen
1356 1820 1395 1872 il
1422 1822 1489 1872 ud
1526 1821 1747 1890 primum
1775 1841 1836 1874 ex
1865 1821 2068 1873 librarii
2090 1822 2239 1888 lapsu
2270 1834 2472 1874 uatum.
2525 1820 2687 1871 Etiam

424 1895 660 1947 Donatus
700 1893 1106 1959 iuterpretatur:
1163 1889 1443 1962 fregerint
1473 1893 1683 1961 flexus.
1757 1892 1864 1956 Sed
1902 1891 2089 1943 melius
2137 1891 2331 1943 Medic.
2384 1909 2508 1943 cum
2549 1890 2687 1941 aliis:

423 1963 890 2031 Falleree—quip
933 1979 991 2026 e,
1027 1979 1204 2012 error.
1274 1960 1483 2013 Servius
1523 1971 1799 2082 utrumgue
1841 1961 2041 2030 prodit.
2093 1961 2221 2026 (vid.
2253 1964 2320 2024 Q.
2347 1962 2420 2014 V.
2455 1962 2611 2023 XVI,
2640 1960 2688 2013 3·

434 2033 578 2101 Wr.)
657 2032 889 2102 indepte
927 2048 1095 2082 entus
1129 2029 1230 2093 aL,
1277 2041 1334 2081 ut
1366 2029 1524 2082 solet.

310 2118 313 2121 ·
424 2102 590 2166 reris,
628 2122 664 2153 a
689 2101 883 2152 tertiae
925 2100 1160 2168 syllabae
1206 2098 1576 2170 superscripta.
1622 2105 1741 2153 Wr.

1597 2032 1672 2098 (in
1718 2049 1985 2166 efren-cus
2018 2030 2226 2093 Medic„
2261 2030 2380 2093 sed,
2417 2030 2570 2099 quod
2595 2029 2690 2080 ui-

1927 2102 2035 2154 592
2091 2100 2265 2151 Haud
2307 2100 2422 2150 alio
2474 2100 2691 2167 elegan-

426 2171 530 2223 tius
559 2189 623 2222 ex
647 2170 837 2221 Medic.
873 2180 926 2220 et
952 2188 1033 2238 pr.
1062 2169 1249 2220 Moret.
1280 2168 1522 2237 reposuit
1548 2169 1808 2222 Heinsius.
1880 2174 1950 2220 At
1976 2169 2068 2220 alii
2097 2187 2213 2221 cum
2238 2170 2486 2221 Romano
2516 2170 2691 2221 aliter.

426 2244 505 2310 (ut
531 2240 686 2291 etiam
730 2238 896 2290 Palat.
927 2256 1040 2289 cum
1086 2238 1407 2307 Dorphiauis
1449 2247 1504 2288 et
1544 2249 1718 2309 utroq.
1761 2238 1907 2308 Lips.
1977 2241 2036 2289 In
2071 2241 2220 2290 Rom.
2257 2248 2442 2290 tamen
2487 2240 2690 2292 videtur

427 2319 634 2362 exstare
663 2308 821 2360 ALIO
850 2307 1351 2364 TERTEUCRUM.
1389 2308 1532 2375 Wr.)

424 2453 776 2530 Impediunt
816 2449 1154 2532 praeclare,
1216 2470 1354 2509 cum
1396 2470 1512 2510 va-

424 2537 531 2598 riis
560 2537 818 2596 flexibus
853 2537 1115 2596 subeunt
1162 2557 1223 2596 se
1256 2538 1511 2596 invicem

427 2624 775 2683 saltantium
831 2623 1101 2699 ordines,
1171 2642 1349 2700 seque
1391 2623 1512 2681 mi-

425 2718 595 2768 scent
634 2718 696 2768 et
734 2710 1061 2788 implicant.
1124 2728 1184 2768 v.
1229 2706 1375 2773 585.
1412 2708 1512 2767 di-

426 2796 547 2855 ctio
576 2795 929 2855 Lucretiana
972 2794 1140 2853 facile
1169 2795 1514 2871 agnoscitur

398 2902 506 2943 *ex
533 2881 658 2940 eius
690 2882 814 2940 Lib.
856 2881 931 2957 11,
975 2879 1053 2943 41
1098 2888 1159 2938 et
1196 2880 1323 2945 324
1368 2879 1512 2938 belli

425 2969 755 3040 simulacra
794 2970 965 3025 ciere.
1014 2966 1123 3024 sub
1167 2967 1354 3023 armis
1369 3010 1387 3041 ‚
1436 2974 1509 3023 ut

424 3071 601 3133 saepe
632 3052 794 3133 apud
818 3059 1060 3130 poetam
1092 3071 1227 3131 pro,
1258 3053 1503 3109 armati.

510 3138 871 3203 588—591.
925 3137 1059 3196 Non
1100 3145 1340 3217 poterat
1369 3136 1512 3212 Vir-

424 3224 597 3301 gilius
651 3242 935 3302 superare
982 3223 1080 3280 vel
1140 3222 1368 3300 assequi
1415 3223 1514 3280 lo-

426 3329 565 3368 cum
607 3309 885 3381 Homeri,
941 3327 1118 3386 quem
1156 3308 1317 3367 inter
1367 3308 1510 3386 pul-

425 3396 712 3455 cerrimos
786 3395 1051 3474 primum
1120 3393 1509 3453 excitandum

425 3480 645 3558 credo„
675 3480 838 3539 Iliad.
874 3498 928 3557 σ,
957 3482 1081 3545 590
1118 3500 1246 3557 sqq.
1275 3479 1351 3537 ad
1381 3477 1508 3543 605

426 3566 502 3626 de
526 3565 773 3624 Daedali
818 3563 1024 3625 choro.
1110 3566 1261 3624 Rem
1306 3565 1510 3642 itaque

425 3652 722 3732 sapienter
780 3651 1060 3710 traduxit
1123 3651 1203 3709 ad
1258 3649 1508 3709 similem

422 3758 571 3813 rem,
592 3735 1052 3816 Labyrinthum,
1074 3755 1250 3813 quem
1281 3755 1349 3795 ea
1372 3755 1513 3795 cum

424 3832 554 3883 arte
590 3822 842 3898 effinxit,
874 3831 946 3884 ut
975 3822 1136 3882 inter
1163 3823 1292 3881 eius
1315 3822 1512 3881 flexus

423 3909 700 3989 legendos
742 3911 868 3988 ipse
910 3908 1082 3987 quasi
1121 3927 1327 3968 errore
1363 3907 1513 3967 ferri

421 3995 718 4070 videari83
775 3995 860 4053 ita
890 3994 1152 4073 implexa
1193 3993 1322 4073 ipsa
1365 3999 1514 4054 'ver-

421 4082 519 4157 ba,
565 4099 718 4160 quae
749 4080 923 4140 Plinii
959 4079 1511 4138 animoobversata

422 4177 574 4248 puto
603 4169 663 4226 in
692 4164 1065 4245 Labyrintbo
1096 4165 1195 4224 lib.
1228 4165 1511 4241 xxxvl,

426 4257 524 4324 12,
548 4274 594 4313 s.
630 4256 774 4326 192,
815 4252 906 4312 uti
930 4251 1055 4331 ipse
1086 4250 1361 4328 Virgilius
1387 4252 1512 4310 Ca-

417 4338 559 4397 tulli
618 4357 845 4397 memor
904 4336 1085 4396 fuisse
1145 4337 1393 4397 videtur
1448 4357 1509 4396 n.

418 4423 573 4502 mu,
622 4423 998 4490 112—115.
1037 4423 1210 4483 ema
1250 4424 1505 4501 mazca,

1601 2312 1726 2362 nati
1763 2313 2031 2362 Teucrum
2065 2308 2206 2363 Gud.

1598 2453 1674 2510 cf.
1697 2471 1841 2511 mox
1871 2450 1976 2514 lib.
1998 2449 2096 2526 VI,
2123 2454 2207 2514 23
2247 2460 2511 2532 propter
2527 2450 2688 2511 Idam

1597 2548 1658 2597 et
1704 2539 1851 2597 ulios
1890 2545 2157 2611 montes5
2214 2557 2592 2615 quamquam
2630 2547 2687 2596 et

1598 2625 1790 2684 omnis
1842 2623 2041 2682 insula
2095 2623 2227 2681 alta
2279 2633 2410 2698 est,
2470 2627 2686 2704 quippe

1597 2710 1748 2769 mari
1810 2708 2002 2768 altior.
2102 2709 2449 2768 Parietibus
2497 2712 2687 2769 camis

1595 2795 1657 2855 h.
1699 2796 1739 2854 l.
1788 2795 1892 2872 qui
1929 2794 2127 2854 visum
2171 2814 2242 2852 ac
2293 2806 2683 2874 prospectum

1591 2881 2014 2961 intercipiunt,
2058 2888 2130 2939 ut
2162 2888 2365 2940 totum
2399 2881 2542 2954 iter,
2573 2902 2682 2961 qm

1594 2976 1814 3046 pateat,
1838 2966 2150 3024 aestimare
2177 2985 2462 3045 nequeas.
2509 2967 2681 3028 Ovid.

1594 3053 1657 3111 in
1713 3053 1846 3111 loco
1903 3072 2041 3110 cum
2100 3050 2219 3111 hoc
2272 3053 2679 3133 comparando

1598 3137 1728 3198 VIII
1768 3138 1911 3197 Met.
1957 3140 2078 3203 158
2119 3158 2246 3215 sqq.
2293 3159 2487 3198 caeca
2533 3153 2685 3200 tecta

1596 3223 1768 3284 dixit.
1854 3223 2129 3282 Cuiacius
2175 3224 2348 3283 Obss.
2391 3225 2452 3300 1,
2513 3230 2600 3291 80
2650 3245 2682 3283 a

1594 3310 1801 3369 Burm.
1847 3308 2131 3368 laudatus
2172 3331 2386 3369 caecos
2423 3316 2683 3388 pan'em

1593 3414 1718 3453 esse
1776 3394 1902 3453 sine
1947 3395 2219 3454 fenestris
2271 3395 2522 3474 docuit5
2583 3396 2682 3456 sed

1593 3481 1713 3541 hoc
1737 3490 1829 3539 est
1857 3482 2062 3540 ICtum
2091 3481 2520 3560 interpretari,
2567 3503 2680 3543 uon

1594 3575 1851 3647 poetam.
1937 3567 2142 3625 dolum
2185 3565 2247 3625 h.
2285 3586 2336 3625 e.
2392 3567 2516 3626 iter
2571 3569 2678 3628 do-

1591 3653 1806 3728 losum,
1849 3651 2076 3712 fallens.
2158 3657 2344 3731 sig-na
2367 3657 2674 3732 sequendi,

1594 3737 1989 3819 procedendi,
2054 3746 2126 3798 ut
2161 3739 2358 3817 poetis
2405 3738 2677 3813 ἕπεσθαι,

1594 3829 1798 3904 sequi,
1845 3844 1960 3902 pro
1990 3827 2074 3883 ire
2092 3868 2110 3898 ,
2155 3822 2220 3884 h.
2251 3844 2302 3886 e.
2349 3834 2532 3884 notas
2557 3827 2675 3884 viae

1596 3919 1657 3969 et
1683 3909 1930 3986 itineris,
1973 3929 2093 3986 qua
2121 3917 2252 3969 erat
2279 3909 2676 3970 incedendum

1594 3995 1890 4056 redituro.
1961 3994 2143 4057 Ovid.
2195 3996 2236 4055 l.
2289 4016 2344 4055 c.
2388 3996 2674 4056 Daedalus

1598 4081 1910 4160 tta-batque
1938 4096 2149 4157 notas,
2197 4095 2255 4139 et
2294 4082 2535 4141 hemina
2549 4085 2672 4161 ste-

1596 4188 1746 4225 xum
1777 4169 1972 4226 Ducit
2002 4171 2067 4226 in
2094 4189 2345 4226 errorem
2371 4172 2670 4226 variamus

1597 4273 1784 4311 errore
1843 4256 2108 4312 viarum.
2185 4254 2344 4314 conf.
2402 4254 2507 4313 ins.
2579 4251 2665 4320 VI,

1594 4342 1681 4403 27
1729 4358 1816 4417 sq.
2001 4367 2012 4375 ·

1683 4422 2067 4489 592—595.
2100 4424 2310 4485 Parem
2336 4424 2398 4484 in
2429 4420 2662 4482 modum
