2882 5028
400 398 621 480 ⁸266„

917 390 999 463 P.
1064 383 1592 463 VIRGILII
1655 384 2201 460 MARONIS

430 573 1073 674 Myrmidonum,
1122 572 1672 673 Dolopumve,
1727 583 1858 647 aut
1892 570 2072 646 duri
2099 569 2329 647 miles
2357 569 2588 669 Ulixi,

434 685 875 779 Temperet
906 702 949 754 a
983 676 1358 753 lacrimis!
1402 679 1506 753 Et
1531 676 1692 751 iam
1716 698 1874 750 nox
1899 674 2231 750 humida
2268 674 2500 750 coelo

431 782 938 882 Praecipitat,
992 779 1495 881 suadentque
1530 777 1888 855 cadentia
1922 777 2182 856 sidera
2212 802 2567 858 somno&

445 885 615 964 Sed
647 887 713 962 si
746 897 1009 960 tantus
1047 907 1280 960 amor
1306 908 1529 960 casus
1567 906 2052 982 cognoscere
2087 895 2430 982 nostros,

2589 891 2695 963 10

568 1094 605 1149 7
640 1093 754 1145 din·
782 1091 947 1145 Goth.
969 1101 1094 1144 tert.
1176 1092 1340 1146 [mxi.
1391 1091 1550 1161 vulgo
1603 1092 1840 1160 Ulyssa'.
1909 1092 2093 1144 Franc.
2146 1092 2340 1145 mattis.
2390 1090 2558 1145 Goth.
2603 1110 2692 1161 pr.

431 1173 487 1214 et
513 1173 633 1214 tert.
674 1173 728 1213 et
762 1163 882 1214 edd.
917 1160 1200 1213 nonnullae
1247 1162 1467 1231 Ulyxei.

429 1233 759 1302 aliorumque
809 1231 964 1284 codd.
1019 1230 1174 1283 etiam
1208 1231 1459 1283 Prisciani
1508 1230 1649 1299 apud
1701 1228 1882 1283 Heius.
1929 1230 2131 1284 scilicet
2163 1247 2261 1299 pro
2308 1232 2515 1290 Ulia-ee}

1540 1166 1609 1214 At
1642 1162 1794 1214 Ulixi
1825 1161 2085 1231 scriptura
2121 1172 2201 1212 est
2233 1161 2424 1214 Medic.
2460 1163 2690 1214 Romani

2596 1232 2692 1283 Sic

432 1304 632 1354 Oronti
655 1304 697 1366 1,
732 1303 857 1356 220.
894 1301 987 1353 inf.
1022 1302 1094 1356 50
1125 1302 1348 1354 Achilli.
1418 1301 1487 1352 cf.
1523 1300 1592 1352 ad
1621 1300 1731 1352 Ecl.
1764 1302 1905 1365 vm,
1938 1303 2027 1355 70.
2090 1299 2218 1366 (vid.
2252 1302 2319 1352 V.
2353 1302 2418 1353 L.
2448 1301 2517 1352 ad
2553 1307 2690 1353 Aen.

429 1375 472 1436 1,
506 1373 595 1426 30.
640 1374 725 1424 W
714 1372 781 1437 r.)

852 1371 1030 1423 Habet
1062 1370 1326 1439 scriptura
1372 1371 1562 1422 Ulixes
1609 1370 1694 1421 vel
1736 1371 1964 1422 Ulia-eus
2010 1369 2373 1422 auctoritatem
2407 1370 2564 1421 codd.
2613 1372 2688 1439 (v.

428 1441 495 1493 ad
535 1440 683 1492 Ovid.
722 1442 859 1510 Epp.
894 1443 935 1505 1,
971 1440 1024 1507 1)
1060 1458 1169 1492 non
1202 1439 1494 1492 rationem:
1525 1457 1645 1491 nam
1681 1457 1748 1494 ex
1780 1434 2084 1501 Ὀδυσσεὺς
2117 1440 2303 1491 saltem
2340 1440 2456 1491 fieri
2500 1440 2691 1492 debuit

448 1510 730 1577 Ulyssem.
768 1509 1006 1578 (Ulixes,
1039 1527 1149 1561 non
1195 1510 1455 1579 Ulysaes,
1508 1507 1555 1559 ai
1590 1508 1828 1562 codicum
1862 1509 2017 1561 fidem
2053 1509 2345 1579 sequimur,
2379 1519 2689 1561 constanter

427 1579 622 1631 dixisse
655 1591 859 1632 veteres
894 1581 1158 1631 Romanos
1194 1578 1349 1631 nobis
1386 1578 1841 1646 persuadebimua3
1875 1578 2144 1631 vid.v.1..
2173 1579 2241 1630 ad
2273 1578 2382 1631 Ecl.
2419 1579 2557 1643 vm,
2590 1580 2685 1633 70.

429 1658 488 1701 et
521 1665 653 1718 quoa
686 1649 871 1702 laudat
901 1648 1073 1718 sinig.
1108 1648 1178 1701 ad
1212 1647 1314 1701 Cir.
1350 1665 1429 1700 va.
1465 1649 1552 1704 57.
1584 1648 1849 1701 Palatinus
1902 1659 2076 1700 tamen
2120 1650 2327 1701 Uli-uei
2368 1665 2462 1700 sno
2514 1665 2685 1700 more.

432 1718 579 1785 ιγ’.)

718 1720 752 1773 8
794 1722 1084 1791 Temperat
1118 1718 1254 1771 Gud.
1292 1728 1347 1769 et
1381 1717 1546 1769 Goth.
1583 1735 1688 1770 aec.

1830 1720 1898 1772 10
1931 1717 2044 1769 Sed
2077 1737 2195 1770 cum
2232 1717 2419 1769 Hamb.
2453 1736 2535 1788 pr.
2607 1723 2689 1770 Be

425 1791 478 1840 si
508 1789 691 1841 Franc.
761 1807 1062 1871 agnoscere
1093 1788 1228 1841 Gud.
1263 1806 1379 1839 cum
1414 1787 1533 1839 aliis
1565 1796 1693 1840 vett.
1727 1788 1868 1859 apud
1901 1787 2143 1840 Pieriam.
2193 1805 2521 1859 cognoscere
2543 1800 2687 1840 tan-

426 1871 515 1910 eos
548 1860 737 1912 Graev.
770 1876 828 1910 m
860 1876 1024 1927 marg.
1059 1858 1145 1910 vel
1183 1876 1231 1910 e.
1266 1876 1466 1910 tetum.

424 2042 733 2113 praeterea
770 2042 1101 2094 extremam
1156 2029 1257 2114 (cs.
1292 2031 1408 2092 Od.
1454 2036 1509 2109 λ,

425 2123 552 2185 329
575 2117 730 2199 sqq.)
762 2119 871 2180 vix
912 2118 1150 2198 longam
1190 2120 1497 2178 narratio-

424 2223 561 2263 nem
586 2205 764 2265 serre.
794 2236 881 2249 —-
908 2226 1161 2284 qnorum
1181 2226 1332 2283 pars
1360 2226 1508 2263 ma-

418 2311 555 2368 gna
579 2291 698 2369 sui
712 2335 729 2365 ‚
793 2309 1051 2370 quarum
1093 2290 1507 2350 calamitatum

422 2396 639 2455 magna
673 2397 813 2456 pars
864 2396 959 2436 me
1004 2377 1198 2455 ipsum
1241 2376 1505 2455 attingit,

423 2461 503 2523 ad
538 2482 635 2522 me
668 2471 919 2543 spectat.
1005 2463 1158 2522 Nam
1196 2461 1509 2543 praecedit

421 2551 769 2609 miserrima.
854 2548 1018 2609 Alias
1057 2550 1136 2624 is,
1198 2549 1302 2627 qui
1328 2548 1508 2630 prin-

360 2691 377 2703 ,
422 2653 561 2715 ceps
609 2635 677 2695 in
722 2634 904 2695 rebus
946 2634 1184 2715 agendis
1223 2643 1343 2711 est,
1394 2633 1508 2694 erit

414 2742 567 2799 pam
618 2742 835 2780 ntum.
914 2718 1201 2804 (fand05
1259 2719 1508 2781 attende

420 2807 715 2867 rariorem
760 2806 1054 2867 Gerundii
1089 2827 1295 2867 usum:
1351 2806 1508 2884 quis,

419 2913 646 2970 quum
715 2894 860 2953 talia
925 2894 1185 2969 fatur,
1251 2901 1296 2953 t.
1348 2913 1401 2952 a.
1460 2892 1502 2952 1.

416 2978 547 3040 Liv.
590 2979 751 3056 VIII,
814 2984 945 3043 17.:
1013 2978 1222 3054 „Novi
1282 2977 1500 3038 deinde

418 3065 690 3125 eonsules
719 3086 754 3123 a
772 3062 1079 3124 veteribus
1105 3064 1376 3124 exercitu
1397 3083 1502 3123 ao-

418 3158 594 3229 cepto
673 3148 921 3229 ingressi
993 3147 1262 3209 hostium
1334 3148 1501 3226 fines,

415 3232 882 3315 populando
928 3254 1119 3313 usque
1160 3234 1241 3293 ad
1267 3235 1503 3294 moenia

416 3329 596 3398 atque
631 3322 844 3381 urbem
869 3329 1298 3400 pervenerunt.
1316 3323 1353 3355 “
1414 3320 1502 3379 id.

414 3406 583 3482 XXI,
611 3404 746 3470 34.:
776 3405 1119 3482 „Hannibal
1140 3425 1252 3465 nec
1277 3414 1505 3465 temere

415 3491 850 3566 credendo,
910 3511 1025 3551 nec
1075 3511 1500 3573 aspernan-

416 3576 457 3636 d
473 3598 507 3636 o
521 3621 540 3652 ,
600 3597 677 3636 ne
719 3576 1028 3657 repudiati
1065 3587 1270 3658 aperte
1296 3575 1503 3637 hostes

412 3662 664 3738 fierent,
720 3662 972 3742 benigne
1013 3683 1200 3743 quum
1242 3682 1501 3742 respon-

413 3747 653 3809 disset.“
738 3749 917 3809 Silius
944 3749 1255 3829 Virgilium
1294 3749 1501 3808 imita-

411 3843 515 3894 tus
540 3834 611 3910 11,
653 3836 797 3900 651.
821 3856 936 3914 ⁸q.:
980 3835 1151 3914 „quis
1179 3835 1376 3895 tristia
1402 3836 1501 3894 fa-

410 3929 475 3978 ta
517 3921 758 4000 piorum
802 3920 1065 4001 imperet
1127 3922 1500 3981 evolvens

409 4004 728 4066 lacrimis.“
811 4006 1116 4087 Inter-pres
1141 4007 1282 4066 Maii
1307 4007 1388 4066 ad
1408 4028 1498 4067 vs.

409 4094 541 4157 81.:
611 4093 860 4171 „Supra
917 4112 1064 4152 vero
1133 4093 1285 4170 Quis·
1343 4095 1501 4152 talia

399 4178 496 4253 fa
516 4179 616 4237 nd
627 4200 664 4237 ο
731 4178 934 4238 activo
986 4178 1169 4238 modo
1225 4197 1505 4258 pronun·-

1593 2034 1651 2115 β,
1696 2030 1843 2102 684.
1887 2034 1961 2093 cs.
1998 2032 2105 2093 ins.
2150 2036 2254 2100 29.
2339 2033 2524 2092 dmm
2562 2052 2685 2093 au-

1591 2128 1710 2178 tem
1745 2120 2004 2199 myaces,
2046 2128 2117 2178 ut
2152 2140 2369 2179 samma
2402 2117 2502 2195 111,
2550 2124 2685 2184 273

1537 2197 1540 2200 ¹
1594 2203 1916 2287 (meliush.
1949 2205 1988 2264 l.
2029 2225 2241 2284 quam,
2291 2205 2342 2264 si
2378 2203 2678 2288 paciens).

1591 2293 1762 2349 miles
1828 2293 2026 2365 Ulixi,
2083 2290 2147 2351 h.
2190 2311 2242 2351 e.
2276 2289 2687 2350 Ithaeensium

1593 2377 1822 2454 aliquis.
1905 2374 2052 2457 (Sed
2094 2377 2506 2456 compluribus
2546 2377 2685 2435 aliis

1589 2463 1826 2543 Ulysses
1850 2471 2091 2543 praeter
2107 2461 2444 2524 Ithacenses
2470 2483 2683 2543 popu-

1588 2550 1664 2608 lis
1705 2549 2056 2630 imperabat.
2141 2550 2221 2610 cs.
2271 2549 2452 2610 Hom.
2493 2549 2557 2609 ll.
2616 2551 2679 2631 β,

1591 2634 1934 2700 631-35,
1982 2634 2211 2717 Wch.)
2297 2635 2521 2695 Mirum
2561 2645 2679 2711 est,

1590 2719 1755 2799 quod
1793 2720 1871 2779 de
1911 2720 2313 2781 Achemenide
2367 2720 2534 2803 (vide
2569 2721 2680 2782 lib.

1588 2807 1689 2881 111,
1735 2805 1888 2887 614)
1932 2804 2053 2866 hoe
2076 2808 2369 2887 accepisse
2405 2806 2680 2867 Asinium

1587 2892 1916 2952 Pollionem
1951 2902 2292 2953 memorant
2324 2892 2567 2953 Servius
2615 2904 2684 2953 et

1583 2978 1966 3057 Pomponius.
2051 2980 2328 3041 Imitatus
2379 2978 2441 3039 h.
2482 2979 2523 3039 l.
2568 2980 2678 3039 si-

1583 3066 1700 3125 lius
1727 3064 1797 3140 11,
1843 3068 1968 3131 660
1996 3085 2124 3144 sqq.

1670 3238 1732 3299 8.
1760 3237 1820 3300 9.
1863 3236 2002 3296 Nox
2025 3233 2333 3295 descendit
2372 3235 2434 3292 in
2473 3233 2680 3292 Ocea-

1585 3316 1788 3396 num,>
1823 3322 1995 3400 quasi
2035 3340 2219 3395 cursu
2259 3339 2369 3400 per
2404 3319 2679 3380 medium

1585 3407 1820 3467 eoelum
1867 3408 1943 3477 ab
1996 3406 2306 3467 occidente
2346 3404 2424 3465 ad
2463 3405 2680 3465 orien-

1584 3503 1707 3552 tem
1744 3494 1945 3568 sact03
2005 3491 2197 3574 (recte
2231 3510 2476 3552 monere
2518 3491 2680 3553 mihi

1584 3579 1832 3639 videtur
1884 3578 2116 3641 Wakes.
2179 3578 2259 3638 ad
2308 3579 2544 3637 Lucret-
2603 3580 2677 3655 V,

1585 3669 1760 3729 62&
1825 3666 1949 3743 „111
2001 3663 2224 3746 Heynii
2267 3663 2677 3741 enarratione,

1582 3750 1632 3810 si
1680 3770 1860 3811 voces
1895 3750 2295 3826 converteris,
2357 3759 2419 3809 et
2451 3754 2678 3810 oriente

1582 3855 1774 3916 ponas
1824 3857 1939 3917 pro
1989 3839 2318 3914 occidente,
2372 3836 2677 3897 vicissim-

1582 3942 1702 4001 que
1768 3923 2131 3983 occidentem
2184 3943 2299 4003 pro
2360 3926 2669 3997 orientem,

1585 4009 1785 4067 omnia
1832 4028 1894 4067 se
1936 4008 2261 4069 rectissime
2298 4008 2676 4069 habebunt.“

1592 4093 1785 4175 PVr.)
1855 4093 1997 4154 inde
2050 4104 2114 4153 et
2157 4095 2353 4154 sidera
2411 4095 2670 4170 cadum,

1587 4180 1891 4241 occidunt.
1978 4180 2114 4242 Vid.
2137 4182 2388 4242 Excute.
2418 4180 2503 4240 ad
2539 4179 2604 4240 h.
2633 4182 2674 4241 Ι.

408 4264 548 4324 ciat.
568 4267 606 4300 ‘⁴
674 4265 780 4324 W
769 4261 867 4346 r.)
971 4264 1388 4345 Myrmidones
1440 4273 1506 4323 et
1588 4267 1664 4326 cs.
1689 4267 1788 4343 lv,
1854 4268 1998 4332 851.
2039 4267 2185 4332 852.
2273 4267 2546 4327 &ladem
2582 4272 2677 4326 si·—

408 4352 685 4429 Dolcpes
715 4348 794 4408 ad
821 4348 1113 4410 Achillem
1154 4358 1215 4409 et
1230 4342 1503 4429 Neopto-
1585 4352 1732 4411 dem
1786 4353 2067 4412 cadentia
2106 4374 2387 4413 somnum
2428 4353 2678 4433 elegan-

405 4436 627 4497 lemum
643 4435 771 4497 eina
795 4437 832 4497 f.
864 4445 1153 4518 spectant.
1181 4436 1306 4498 vid.
1331 4435 1500 4497 iliad.
1587 4437 1725 4514 tius,
1750 4458 1951 4517 quam,
1983 4438 2252 4500 invitant
2274 4440 2354 4500 ad
2371 4460 2679 4503 somnum.
