2882 5028
450 362 603 438 874
894 360 975 437 P.
1035 358 1566 436 VIRGILII
1619 361 2175 438 MARONIS

447 548 741 623 Noctes
767 557 1006 644 atque
1039 542 1209 619 dies
1235 556 1457 643 patet
1497 544 1639 620 atri
1674 544 1908 621 ianua
1940 548 2182 643 Ditis;

450 647 613 723 Sed
635 671 1011 723 revocare
1036 646 1398 745 gradum,
1443 672 1928 749 superasque
1962 652 2296 728 evadere
2328 652 2430 728 ad
2459 678 2695 751 aux-21⁵,

443 754 618 826 Hoc
692 774 894 852 opus
922 809 946 848 ‚
1013 749 1145 826 hic
1201 750 1432 828 labor
1502 765 1638 831 est.
1755 755 1995 875 Peuci
2020 816 2041 853 ,
2121 781 2327 858 quos
2407 782 2695 859 aequus

440 956 835 1055 Iuppiter,
891 969 1026 1032 aut
1052 955 1340 1034 ardens
1369 870 2114 1037 evexitaffilaglgthera
2141 960 2410 1060 virtuS,
2528 973 2696 1044 130

438 1058 575 1134 Dis
600 1060 843 1157 geniti
869 1072 1229 1161 potuere.
1294 1095 1303 1100 ·
1337 1066 1658 1138 Tenent
1683 1063 1953 1139 media
1984 1065 2252 1140 omnia
2282 1066 2549 1163 silvae,

442 1163 947 1264 Cocytosque
984 1165 1163 1241 sinu
1194 1164 1471 1243 labens
1499 1167 2018 1245 circumvenit
2043 1179 2232 1247 atro.

553 1308 718 1381 132.
771 1303 1144 1380 Cocwrus

438 1491 621 1544 Polite
637 1530 654 1556 ‚
685 1493 900 1546 Achate
913 1531 929 1555 ,
971 1494 1201 1562 Tydide.
1270 1495 1593 1562 Quamquam
1618 1494 1708 1563 qui
1744 1491 1977 1546 lectione
2007 1491 2222 1561 Virgilii
2259 1491 2496 1543 imbutus
2528 1510 2696 1544 aurem

437 1560 759 1630 interrogat,
830 1562 997 1614 lenius
1021 1564 1145 1632 quid
1171 1572 1443 1614 sonantem
1467 1564 1688 1615 formam
1712 1563 2056 1615 Anchisiade
2090 1563 2371 1632 probabit3
2421 1580 2581 1631 qnam
2618 1563 2696 1614 hic

438 1639 495 1680 et
518 1630 655 1682 infra
694 1632 760 1683 ab
854 1632 1008 1700 eynio
1048 1634 1340 1685 restitutam
1379 1632 1526 1684 nolui
1568 1642 1801 1698 mutare,
1852 1631 1988 1684 nihil
2026 1650 2209 1685 curans
2249 1632 2564 1695 Horatium,
2617 1633 2698 1700 qni

434 1703 598 1751 Serm.
629 1701 694 1764 11,
721 1701 775 1765 3,
803 1703 921 1756 187.
958 1702 1191 1755 ultimam
1217 1702 1446 1754 vocativi
1467 1704 1672 1756 Atrida
1692 1701 2034 1772 corripuerit3
2070 1702 2176 1757 vid.
2200 1703 2270 1753 K.
2299 1702 2362 1753 L.
2384 1702 2693 1754 Schneider.

435 1769 528 1821 Gr.
568 1769 684 1821 Lat.
732 1770 874 1822 Part.
917 1773 982 1822 11.
1031 1774 1185 1827 Tom.
1226 1774 1267 1823 1.
1306 1791 1360 1841 p.
1403 1772 1490 1826 33.
1527 1771 1682 1823 Silius
1724 1773 1868 1833 xm,
1915 1773 2035 1826 796.
2076 1772 2340 1824 Aeacida.
2385 1772 2542 1835 XVI,
2587 1773 2696 1825 192

434 1839 780 1892 Dae-demidii.
835 1844 919 1893 W
913 1841 981 1908 r.)
1051 1841 1159 1894 Alii
1215 1841 1621 1904 Anchisiadae,
1680 1841 2061 1892 Anchisiades.
2132 1839 2421 1891 discensus
2464 1850 2577 1891 tres
2614 1858 2695 1909 ap.

432 1909 605 1958 Burin.
674 1915 899 1962 Averno
941 1920 1068 1962 nota
1110 1910 1370 1978 elegantia
1411 1928 1510 1979 pro
1562 1911 1638 1961 ad
1678 1915 1961 1962 Avernum
2009 1911 2250 1975 reposuit
2289 1909 2544 1960 Heinsius
2588 1928 2696 1961 cum

433 1976 769 2043 melioribus,
819 1979 922 2029 nisi
975 1979 1117 2048 quod
1172 1983 1285 2032 fere
1325 1980 1550 2031 habent:
1599 1985 1825 2031 Averno
1869 1991 1969 2029 est.
2039 1978 2215 2045 Vulgo
2256 1981 2512 2043 Averni,
2562 1979 2696 2049 qnod

431 2046 646 2114 vulgare
680 2057 835 2098 esset.
905 2052 1120 2101 Averni
1146 2063 1230 2102 est
1264 2049 1398 2101 Gud.
1449 2067 1480 2100 a
1507 2067 1576 2100 m.
1608 2066 1711 2100 sec.
1782 2046 1995 2099 Scilicet
2042 2046 2201 2098 etiam
2245 2046 2301 2098 h.
2346 2047 2382 2099 l.
2424 2049 2558 2099 duas
2605 2066 2694 2100 oo-

432 2115 601 2166 dicum
628 2116 853 2167 familias
881 2135 1163 2185 agnoscas:
1201 2121 1464 2170 Romanus
1490 2117 1635 2169 ducit
1666 2118 1911 2181 alteram,
1947 2119 2185 2181 Averni,
2237 2116 2363 2182 (hoc
2402 2128 2492 2168 est
2541 2119 2698 2168 etiam

429 2186 484 2235 in
511 2184 671 2235 Palat.
714 2187 856 2252 Wr.)
891 2186 1111 2238 alteram
1139 2189 1437 2252 Mediceus,
1473 2187 1558 2239 vel
1584 2189 1664 2250 is,
1705 2188 1844 2239 unde
1874 2186 2163 2252 exscriptus
2193 2184 2286 2236 ille
2317 2196 2419 2250 est,
2452 2192 2696 2239 Averno.

428 2256 683 2321 Pompon.
724 2254 847 2306 Seb.
892 2260 1187 2322 „Aust-no,
1254 2258 1322 2309 ad
1359 2263 1659 2310 Avernum.
1728 2257 1814 2308 Sic
1864 2255 1995 2322 legit
2049 2255 2436 2321 Apronianus.“
2511 2259 2698 2323 (Quen

427 2322 516 2374 hic
544 2321 826 2373 lectionem
851 2322 1042 2392 singuli
1065 2326 1357 2393 praebeant
1382 2326 1590 2378 codices
1606 2365 1621 2390 ‚
1655 2341 1763 2376 non
1787 2324 1918 2377 satis
1945 2335 2169 2375 constat.
2240 2327 2462 2376 Averni
2484 2326 2698 2394 quidem

426 2391 667 2443 videntur
695 2391 997 2461 scripsisse,
1035 2395 1124 2462 qui
1153 2396 1481 2447 substantiva
1517 2396 1777 2447 nescirent
1807 2394 2070 2446 interdum
2120 2393 2309 2444 eodem
2349 2395 2511 2446 modo
2565 2413 2697 2447 oon-

427 2461 589 2523 strui,
627 2478 727 2530 quo
758 2462 948 2529 verba,
995 2464 1134 2516 unde
1174 2465 1266 2518 illa
1311 2465 1472 2528 fiunt;
1523 2466 1618 2517 cfr.
1655 2464 1903 2532 Heusing.
1942 2463 2011 2513 ad
2050 2463 2316 2516 Vechneri
2359 2464 2694 2517 Hellenolex.

425 2550 480 2601 p.
521 2532 642 2587 264.
713 2538 935 2585 Averno
970 2534 1128 2585 etiam
1177 2536 1227 2589 3.
1297 2538 1540 2587 Averni-s·
1582 2538 1666 2588 11.
1712 2537 1794 2589 12.
1866 2536 2030 2585 Recte
2069 2543 2242 2584 autem
2286 2547 2370 2584 ess
2397 2528 2694 2600 omittitur,

425 2601 523 2653 cfr.
551 2604 616 2665 Q.
645 2602 711 2653 V.
740 2603 864 2667 XV,
894 2605 975 2663 6.;
1025 2603 1079 2654 in
1110 2604 1351 2655 Mediceo
1389 2605 1494 2656 hoc
1533 2604 1752 2655 verbum
1795 2602 1862 2653 ab
1911 2602 2082 2653 aliena
2124 2620 2275 2653 manu
2304 2603 2546 2655 additum
2579 2623 2694 2656 esse

424 2672 589 2723 refert
611 2672 833 2739 Foggin.
876 2676 961 2725 W
954 2673 1023 2740 r.)
1148 2675 1247 2728 128
1278 2674 1496 2755 gradus·
1519 2691 1625 2725 sec.
1651 2676 1866 2737 Moret.,
1900 2672 1995 2722 sed
2017 2671 2122 2722 vid.
2148 2674 2322 2723 Burm.
2446 2674 2553 2728 130
2588 2693 2690 2725 ae·

424 2742 564 2793 dens
602 2742 738 2792 alter
783 2742 1072 2810 Hamburg.
1146 2757 1329 2795 averet
1365 2743 1517 2794 Leid.
1553 2760 1638 2794 un.
1708 2744 1768 2793 in
1818 2742 2045 2792 aethera
2081 2740 2284 2809 aliquot
2332 2744 2478 2810 apud
2519 2746 2690 2795 Bam

427 2810 632 2877 (—De
661 2811 960 2879 posteriore
991 2822 1142 2880 parte
1171 2831 1244 2864 vs.
1274 2814 1391 2866 131.
1426 2821 1481 2863 et
1508 2813 1575 2862 de
1605 2830 1679 2863 vs.
1713 2812 1829 2865 132.
1858 2810 2007 2873 vide,
2054 2828 2187 2879 quae
2224 2810 2417 2880 scripsi
2448 2814 2503 2863 in
2532 2816 2690 2864 Nota.

429 2884 512 2934 W
508 2881 575 2947 r.)
722 2883 822 2936 132
876 2886 1104 2950 Cocytos
1144 2882 1335 2934 Medic.
1374 2892 1429 2933 et
1465 2881 1572 2933 alii.
1622 2881 1739 2949 (sed
1778 2880 1956 2931 nescio
1995 2879 2122 2947 qui?
2169 2891 2387 2949 praeter
2431 2883 2603 2938 Paris.
2641 2884 2689 2934 6.

422 2949 648 3000 Restitui
676 2961 849 3003 tamen
874 2952 1123 3003 Graecam
1149 2950 1601 3016 terminationem,
1648 2950 1856 3019 saepius
1886 2950 2113 3001 fortasse
2159 2949 2542 3014 obliterntsm3
2591 2952 2688 3002 vid..

423 3021 489 3081 Q.
521 3022 587 3071 V.
616 3022 708 3070 IV.
753 3020 897 3087 Wr.)
968 3022 1324 3072 circumvenit
1348 3031 1470 3090 post
1504 3021 1731 3072 Pieriam
1775 3029 1832 3070 et
1863 3019 2036 3070 Gifan.
2080 3036 2167 3086 ap.
2216 3019 2396 3071 Guell.
2443 3022 2688 3072 Heinsius

422 3106 453 3138 e
495 3088 799 3141 melioribus
838 3090 1076 3141 omnibus
1114 3091 1351 3158 reposuit
1405 3091 1618 3159 lateque
1660 3089 1920 3141 adstruxit
1973 3088 2240 3155 exemplis.
2314 3091 2471 3142 Adde
2510 3094 2688 3143 wass.

419 3156 489 3207 ad
515 3158 725 3209 Sallust.
759 3162 869 3226 Iug-
901 3161 966 3213 71
996 3170 1050 3209 et
1073 3160 1224 3211 alios.
1293 3160 1490 3229 Vulgg.
1535 3161 1878 3228 circumfluit.
1932 3158 2056 3225 (hoc
2093 3167 2173 3208 est
2221 3158 2275 3207 in
2315 3161 2489 3212 Palat.
2549 3163 2690 3227 ἢῆ.)

418 3226 632 3279 Scilicet
667 3230 1054 3279 circumvenire
1105 3228 1358 3298 exquisita
1408 3239 1465 3281 et
1514 3230 1671 3280 docta
1716 3227 1923 3278 ratione
1961 3227 2155 3279 dictum
2193 3245 2295 3295 pro
2314 3266 2331 3293 ,
2386 3233 2690 3291 circ-amin,

419 3296 783 3362 circumdare,
818 3300 1219 3368 circumfluere5
1256 3317 1390 3369 quae
1416 3298 1651 3367 vulgaria
1678 3297 1838 3349 verba
1864 3307 2002 3349 sunt.

418 3455 608 3535 simpl.
639 3476 751 3535 pro
780 3455 927 3516 locis
950 3457 1190 3535 inferi83
1236 3477 1363 3516 non
1405 3457 1503 3515 la-
1591 3459 1735 3520 129.
1777 3455 1957 3514 Pauci
1998 3449 2195 3535 ἥρωες
2238 3455 2586 3535 διογενεῖς,
2645 3458 2690 3514 si

416 3560 553 3616 cue,
599 3550 673 3599 ut
698 3542 805 3601 inf.
834 3546 961 3607 237
989 3563 1107 3621 seq.
1122 3544 1145 3617 ‚'
1180 3543 1284 3603 sed
1323 3552 1398 3603 ut
1437 3542 1504 3601 in
1584 3542 1810 3602 fuerint
1825 3546 2141 3620 θεοφιλεῖς
2161 3549 2224 3598 et
2240 3536 2689 3624 καλοκᾶγαθοι.

415 3622 672 3709 Ἀχέρων
701 3626 1018 3702 δυςὲξοδος
1053 3630 1152 3689 vel
1191 3624 1501 3705 ἄνέξοδος.
1588 3626 1962 3687 Sententiam
2038 3644 2329 3686 versuum
2417 3632 2545 3694 126
2605 3649 2689 3705 sq.

414 3711 539 3773 vid.
587 3713 783 3772 Ursin.
827 3722 889 3774 et
936 3715 1043 3777 rel.
1150 3720 1292 3780 127.
1328 3727 1505 3793 patet
1566 3715 1797 3793 facilis
1838 3714 2151 3772 descensus
2177 3715 2262 3771 A.
2310 3713 2688 3793 interpreta-

413 3801 534 3857 ατη·
567 3801 759 3857 ianua
784 3801 954 3857 Ditis
973 3824 993 3857 .·
1040 3819 1278 3861 accessu
1310 3801 1502 3860 libero
1589 3810 1695 3861 tur
1742 3802 1964 3859 Seneca
2011 3798 2188 3857 Herc.
2241 3799 2363 3858 sur.
2423 3804 2560 3866 675
2607 3820 2686 3877 sq.

414 3892 476 3942 et
506 3883 807 3963 expedito.
896 3884 1084 3945 Simili
1108 3887 1320 3963 modo,
1365 3886 1500 3946 die-
1584 3908 1815 3965 aequus
1845 3930 1862 3960 ,
1922 3884 2221 3965 propitius
2289 3883 2351 3947 h.
2415 3885 2460 3945 l.
2537 3885 2686 3966 (vid.

410 3971 525 4030 bus
549 3969 620 4029 iis
637 4014 654 4045 ,
684 3970 901 4048 quibus
924 3971 1137 4031 februa
1163 3984 1225 4031 et
1252 3973 1499 4032 inferiae
1583 3971 1908 4051 weichert.
1935 3971 2167 4030 Poetar.
2207 3969 2338 4029 Lat.
2385 3972 2591 4052 Reliq.
2632 3992 2688 4053 μ

413 4057 526 4116 diis
555 4053 760 4116 inseris
790 4056 1015 4116 fiebant
1032 4102 1049 4134 ,
1086 4058 1344 4117 mundus
1363 4081 1497 4137 pa-
1581 4058 1684 4123 24.
1707 4058 1851 4117 Not.
1901 4060 2007 4118 W
1996 4055 2081 4138 r.)

368 4169 373 4177 ·
411 4156 526 4202 tere
572 4144 903 4221 antiquitus
946 4144 1172 4204 dictus:
1229 4143 1494 4204 Macrob.
1670 4148 1811 4208 131.
1853 4144 2046 4202 silvae
2085 4150 2453 4201 memoratae
2501 4151 2688 4202 teue-

409 4228 455 4305 1,
497 4233 577 4294 16
608 4248 642 4287 e
665 4229 971 4291 Varrone:
1030 4231 1309 4289 Mundus
1355 4251 1496 4289 cum
1578 4229 1828 4288 brarum
1866 4238 1927 4288 et
1957 4228 2221 4308 caliginis
2250 4227 2690 4306 significanda·

401 4327 577 4391 patet
598 4359 618 4390 ‚
699 4316 941 4376 deorum
1005 4319 1264 4375 tristizms
1315 4328 1496 4395 atque
1581 4336 1820 4392 caussa3
1854 4315 2036 4375 ducta
2066 4316 2319 4394 imagine
2346 4315 2423 4373 ab
2451 4313 2687 4375 Averni

407 4398 733 4475 infimam
797 4406 979 4483 quasi
1052 4405 1242 4461 ianua
1295 4413 1488 4479 patet.
1580 4401 1747 4461 lacus
1770 4401 1922 4461 situ:
1953 4421 2086 4480 sup.
2119 4404 2244 4467 118
2264 4403 2393 4460 luci
2416 4402 2678 4459 Amni-
