2882 5028
724 340 911 413 AD
1014 338 1645 416 LIBRUM
1746 341 1875 417 Vl
2213 351 2415 424 1007

85 541 366 608 tueque
426 540 640 605 terrae,
683 530 964 609 ignesque
1005 530 1301 591 montium
1340 532 1687 608 continuos,
1730 530 1961 611 aliaque
2001 543 2256 595 naturae
2294 535 2417 596 mi-

90 617 354 676 racula
412 624 704 695 spectant.
791 616 1189 697 Cogitandum
1229 639 1446 697 porro,
1514 619 1646 678 loca
1688 614 1840 677 haec
1882 619 2221 698 antiquiore
2265 641 2414 683 aevo

90 725 131 761 a
202 704 460 782 paucis
519 702 886 762 Graecorum
944 703 1124 762 fixisse
1166 704 1363 779 adita,
1407 722 1732 781 rerumque
1773 704 1923 763 adeo
1967 707 2254 767 miracula
2295 728 2416 767 na-

94 790 495 868 vigantium
539 788 910 848 sermonibus
951 788 1264 867 insiguiter
1305 791 1482 851 fuisse
1524 798 1720 850 sucta.
1805 790 1967 864 Quis
2014 792 2171 853 serat
2213 793 2416 854 adhuc

97 877 172 935 in
245 872 680 955 Lycophrone
736 874 777 932 l.
838 894 887 934 c.
943 874 1023 932 ad
1081 874 1488 936 Acherontem
1542 874 1763 935 montis
1812 876 2019 956 iugum
2074 880 2414 957 memorari,

99 960 300 1020 uude
357 979 575 1019 omnes
620 959 825 1019 Italiae
872 957 1044 1020 fluvii
1092 963 1391 1040 prodeant
1408 964 1440 1021 ¹?
1510 961 1652 1021 Fuit
1694 968 1891 1021 autem
1935 972 2102 1022 totus
2143 963 2244 1025 hic
2283 976 2416 1025 tra-

105 1056 269 1105 ctus
318 1045 574 1125 ignibus
616 1045 1037 1120 subterraneis,
1071 1049 1287 1125 passim
1330 1046 1813 1127 erumpentibus,
1867 1047 2190 1127 aliquando
2253 1051 2415 1110 infe-

104 1143 259 1191 stus
280 1155 297 1190 :
354 1131 540 1190 cuius
580 1131 667 1189 rei
710 1132 954 1211 vestigia
998 1141 1142 1191 sunt
1184 1135 1496 1193 manifesta
1518 1134 1812 1213 plurima:
1857 1153 2088 1213 specus,
2133 1136 2413 1213 colliculi,

112 1228 445 1291 crateres,
485 1217 681 1291 lacus,
724 1216 867 1276 alia:
926 1237 988 1276 v.
1030 1217 1386 1280 Hamilton..
1414 1220 1482 1278 in
1539 1219 1791 1296 Campis
1853 1219 2219 1299 Phlegraeis
2275 1241 2415 1281 cum

112 1304 302 1379 aliis,
364 1303 481 1380 qui
521 1302 596 1360 de
637 1301 784 1361 focis
826 1303 1129 1363 Vulcaniis
1171 1306 1478 1385 scripsere.
1577 1307 1782 1364 Scatet
1831 1311 2000 1364 totus
2054 1314 2191 1383 ‘ager
2250 1308 2413 1367 inter

119 1391 374 1448 Cumas
425 1397 487 1446 et
527 1388 698 1446 Baias
739 1387 1052 1463 bitumine,
1094 1390 1383 1469 sulphure
1426 1399 1490 1449 et
1533 1389 1740 1448 calidis
1783 1389 1950 1465 aquis
1996 1388 2146 1470 (vid.
2190 1391 2412 1451 Strabo

117 1474 569 1554 1.c.p.245
606 1474 668 1532 C.
712 1475 877 1551 quod
917 1475 1068 1534 bene
1110 1476 1287 1536 Silius
1329 1477 1622 1557 expressit
1658 1494 1843 1535 veras.
1884 1475 2006 1533 suis
2046 1477 2148 1536 lib.
2176 1478 2256 1552 X,
2288 1477 2412 1542 134

121 1559 322 1641 sqq..)
421 1561 615 1638 Super
657 1559 935 1619 Puteolos
979 1580 1225 1640 campus
1282 1572 1374 1621 est
1412 1560 1703 1642 sulphure
1755 1559 2101 1638 abundans,
2159 1563 2411 1623 collibus

124 1646 459 1712 inclusus,
517 1644 732 1721 quibus
770 1646 987 1726 passim
1044 1649 1154 1705 soli
1214 1648 1526 1732 spiraculis
1585 1648 1787 1706 sumus
1846 1655 1909 1705 et
1964 1607 2128 1707 calo'r
2184 1648 2410 1728 prodit.

126 1732 380 1790 Notum
441 1739 532 1788 est
585 1750 806 1790 nomen
868 1733 1028 1791 inter
1070 1741 1304 1791 veteres
1342 1733 1561 1812 sorum
1608 1741 1671 1791 et
1712 1732 1838 1790 olla
1891 1734 2181 1807 Vulcani,
2239 1754 2407 1793 nunc

130 1817 477 1895 Soffatanz
532 1835 636 1875 seu
691 1815 1102 1895 Sulphuraria.
1204 1819 1357 1879 Vide
1429 1819 1530 1879 vel
1581 1817 1924 1877 Mazzellam
1963 1817 2280 1877 Antichita'
2345 1819 2413 1877 da·

130 1903 471 1961 Pozzuolo
517 1921 566 1960 c.
610 1908 669 1966 7.
765 1903 970 1981 ltaque
1007 1904 1228 1963 mirum
1286 1924 1410 1963 non
1463 1913 1588 1979 est,
1644 1902 1826 1963 modo
1883 1904 2170 1982 Cyclopas
2224 1904 2410 1963 modo

134 1988 443 2066 Gigantas
495 1987 844 2048 fulminibus
886 2009 1197 2068 percussos
1238 1990 1461 2068 passim
1503 1989 1582 2048 ad
1626 1989 1775 2049 haec
1816 1989 1947 2047 loca
1989 1990 2237 2065 referri,
2308 1990 2409 2048 in-

132 2074 483 2151 primisque
525 2092 763 2153 campos
805 2074 1185 2152 Phlegraeos,
1245 2076 1684 2155 Gigantumque
1738 2074 1801 2131 in
1848 2074 1924 2133 iis
1964 2069 2252 2154 pugnam-
2300 2074 2410 2134 His

134 2158 295 2236 ignis
343 2158 723 2218 subterranei
766 2161 1029 2239 vestigiis
1072 2161 1474 2220 accensendus
1513 2163 1642 2240 ipse
1684 2161 1849 2218 lacus
1895 2159 2174 2220 Avernus
2191 2204 2208 2236 ,
2267 2161 2409 2219 olim

139 2253 352 2303 crater
400 2242 653 2303 Vulcani
698 2242 973 2325 (Hamilt.
1013 2246 1054 2306 l.
1098 2267 1148 2305 c.
1193 2246 1274 2324 pL
1333 2247 1591 2328 XXIX).
1692 2247 1827 2305 Non
1878 2245 2053 2325 longe
2110 2265 2145 2303 a
2210 2246 2409 2305 Cumis

138 2331 335 2405 palus
379 2338 478 2387 est
527 2330 863 2389 Acherusia
912 2330 1087 2412 (Plin.
1131 2331 1233 2406 ΠΙ,
1277 2336 1318 2396 6
1359 2333 1699 2392 Acherusia
1748 2333 1940 2408 palus
1990 2333 2197 2390 Cumis
2250 2337 2410 2391 vici-

141 2416 280 2490 na),
330 2434 520 2492 quam
562 2416 739 2475 Silius
781 2418 860 2491 X,
907 2421 1268 2482 126—129
1317 2427 1379 2476 et
1413 2417 1576 2493 xm,
1618 2422 1744 2482 897
1787 2417 2022 2477 aditum
2066 2418 2144 2476 sd
2186 2418 2410 2477 inferos

142 2519 272 2558 esse
315 2499 616 2581 prodidit,
659 2523 840 2582 aquas
897 2500 1127 2562 habens
1188 2502 1585 2581 ferrugineas,
1640 2504 1705 2562 in
1760 2503 1887 2562 solo
1931 2502 2115 2562 sterili
2169 2503 2410 2582 populis

144 2586 375 2665 passim
435 2588 687 2647 consito.
785 2588 1046 2648 Omnino
1100 2590 1238 2647 loca
1286 2587 1424 2665 feta
1471 2587 1849 2666 palustribus
1910 2590 2069 2646 ulvis
2084 2631 2103 2662 ‚
2167 2591 2409 2646 Lictora

150 2672 490 2730 Cumarum
546 2674 904 2752 pronuntiat
946 2673 1201 2734 Ovidius
1241 2673 1382 2733 Met.
1428 2674 1587 2748 XIV,
1636 2676 1776 2737 103.
1861 2670 2308 2751 Phlegethontis
2348 2682 2410 2730 et

149 2756 369 2836 Cocyti
410 2758 723 2818 notionem
766 2760 977 2818 animis
1017 2759 1274 2833 attulere
1315 2758 1495 2819 calidi
1537 2758 1755 2838 passim
1797 2758 2012 2820 fontes.
2072 2758 2147 2819 cf.
2190 2757 2409 2817 Strabo

150 2841 190 2899 l.
235 2863 288 2901 c.
337 2864 401 2922 p.
445 2844 573 2906 244
604 2846 668 2918 C,
718 2845 822 2921 qui
864 2845 1062 2925 Stygis
1117 2865 1357 2923 quoque
1416 2864 1666 2922 aquam,
1726 2843 1806 2902 ad
1861 2862 2042 2920 quam
2097 2843 2411 2902 oraculum
2528 2840 2531 2843 ’

152 2930 475 2988 conditum
518 2940 649 2989 erat
692 2927 823 3010 (καὶ
861 2928 928 2994 τὸ
977 2936 1259 3008 μαντεῖον
1299 2925 1576 2993 ἐνταῦθα’
1610 2951 1732 2991 που
1777 2929 2061 3009 ἵδρυται),
2104 2928 2187 2986 ibi
2229 2929 2411 2987 fuisse

154 3030 232 3071 ex
263 3002 516 3092 Ephoro
557 3016 769 3074 tradit.
827 3016 904 3076 cf.
931 3017 1147 3096 Odyss.
1189 3039 1245 3089 κ,
1294 3015 1439 3081 518.
1485 3016 1629 3080 514.
1675 3013 1819 3078 515.
1911 3012 2243 3071 Accedebat
2271 3033 2411 3093 spe-

156 3116 259 3158 cus
301 3101 378 3157 ab
423 3098 665 3160 Averno
710 3121 819 3180 per
856 3103 1069 3161 collem
1113 3101 1429 3177 demissus,
1475 3120 1650 3178 quem
1694 3099 1798 3176 qui
1840 3116 2111 3156 emensus
2153 3108 2301 3173 erat,
2342 3099 2411 3159 in

159 3185 375 3243 vallem
417 3186 726 3265 prodibat,
788 3186 854 3245 in
898 3209 1016 3265 qua
1057 3188 1223 3247 lacus
1266 3196 1425 3262 erat,
1481 3185 1760 3244 Acheron
1802 3183 1999 3243 dictus
2016 3184 2104 3262 *);
2173 3203 2250 3243 ex
2291 3183 2411 3244 hoc

160 3266 269 3328 iter
314 3270 571 3330 ducebat
612 3273 691 3330 ad
738 3273 1000 3351 Campos
1042 3275 1312 3352 Elysios,
1382 3271 1859 3331 amoenissimum
1906 3270 2107 3328 locum
2122 3313 2140 3346 ,
2200 3269 2409 3349 sepul-

164 3355 275 3413 cris
315 3356 532 3435 passim
574 3358 890 3423 consitum.

329 3443 485 3501 Tota
542 3442 659 3501 loci
718 3443 895 3502 facies
954 3464 1119 3503 nunc
1186 3442 1430 3521 quidem
1486 3460 1663 3518 quam
1722 3440 1981 3499 maxime
2040 3449 2130 3499 est
2172 3450 2410 3500 mutata

165 3521 263 3599 (cs,
304 3527 634 3587 Addison's
691 3530 988 3587 Remarks
1044 3527 1317 3609 p.167).
1415 3527 1568 3586 Nam
1622 3529 1887 3605 primum
1950 3546 2088 3585 cum
2144 3525 2411 3605 Agrippa

85 3628 86 3633 ¹
166 3618 399 3684 portum
445 3613 660 3672 Iulium
702 3613 934 3674 efficere
977 3615 1177 3688 vellet,
1218 3622 1293 3673 ut
1336 3612 1648 3671 Avernum
1688 3611 1949 3670 Lucrino
1995 3611 2154 3671 lacui
2195 3612 2409 3690 iunge-

165 3703 284 3769 ret,
327 3696 535 3757 silvam
581 3698 854 3759 excidere
894 3700 1084 3759 iussit.
1145 3699 1219 3773 pf.
1263 3698 1463 3757 Strab.
1508 3696 1579 3758 V.
1621 3717 1680 3775 p.
1724 3696 1853 3761 245
1894 3695 1966 3756 A.
2051 3698 2205 3756 Tum
2250 3716 2408 3755 anno

172 3796 204 3833 a
244 3780 306 3840 C.
347 3783 416 3842 N.
456 3784 891 3845 Mnxxxvm
932 3795 1106 3845 motu
1142 3794 1372 3859 terrae,
1447 3782 1647 3843 medio
1702 3783 1823 3842 sere
1879 3782 2043 3842 inter
2084 3782 2408 3842 Lucrinum

171 3871 230 3922 et
268 3866 572 3929 Avernum
616 3873 843 3951 spatio,
904 3872 1105 3930 extitit
1145 3892 1335 3929 novus
1388 3890 1559 3927 mons
1596 3871 1933 3944 emer-icius,
1996 3868 2075 3926 de
2118 3886 2238 3944 quo
2280 3865 2406 3926 vid.

176 3948 406 4030 Cepacc.
450 3955 700 4104 Anticlzv'.
747 3959 839 4024 di
857 3957 1165 4018 Pozzuolo
1209 3977 1260 4015 c.
1305 3960 1428 4021 20.
1497 3953 1677 4029 Olim,
1731 3961 1803 4013 ut
1844 3972 1922 4012 ex
1963 3952 2256 4012 Strabone
2299 3970 2406 4009 co-

173 4039 462 4111 gnoscitur
501 4041 604 4101 lib.
699 4062 839 4122 ,.p
896 4043 1025 4109 244
1067 4041 1140 4119 A,
1200 4061 1309 4102 ora
1360 4040 1661 4101 maritima
1711 4039 1829 4099 ita
1847 4038 1971 4098 his
1982 4037 2236 4097 lacubus
2275 4044 2411 4096 erat

301 4327 343 4393 Ἴ
376 4330 737 4383 Acherontem
772 4327 862 4382 alii
898 4344 1016 4380 eum
1050 4345 1167 4380 esse
1197 4326 1416 4390 volunt,
1468 4325 1561 4396 qui
1607 4343 1745 4379 nune
1776 4325 1925 4377 Laco
1960 4322 2022 4375 di
2050 4324 2270 4375 Futuro
2308 4330 2404 4374 est.

181 4390 273 4444 Alii
303 4396 369 4448 ad
397 4400 561 4452 Mare
589 4415 866 4453 morsuum
896 4414 1089 4451 nomen
1117 4365 1461 4451 mnfernfit.
