2882 5028
568 341 1188 419 AENEIDOS
1239 341 1465 420 LIB.
1519 343 1650 439 Vl,
1703 349 2145 427 667—683

2354 352 2505 428 957

244 495 496 623 Dixit,
551 539 631 604 et
678 541 860 604 ante
891 526 1070 604 tulit
1099 550 1498 626 gressum,
1554 552 2039 631 camposque
2073 530 2392 607 nitentis

244 638 618 734 Desuper
683 643 1064 723 ostentat3
1147 630 1443 708 dehinc
1509 656 1824 709 summa
1891 634 2301 712 cacumina
2352 635 2504 712 lin-

1420 748 1698 835 quunt.

357 842 457 914 At
486 849 712 938 pater
741 834 1118 912 Anchises
1146 837 1461 938 penitus
1506 837 1859 914 convalle
1889 839 2175 916 virenti

245 939 601 1019 Inclusas
629 941 960 1033 animas,
1012 965 1557 1043 superumque
1591 941 1690 1017 ad
1722 941 1997 1018 lumen
2033 945 2295 1040 ituras,
2353 953 2504 1025 680

244 1044 665 1122 Lustrabat
694 1042 959 1145 studio
998 1042 1402 1140 recolenS,
1460 1069 1954 1145 omnemque
1997 1070 2332 1122 suorum

243 1153 493 1224 Forte
524 1146 993 1223 recensebat
1029 1172 1462 1224 numerum
1482 1208 1503 1244 ,
1553 1173 1937 1250 carosque
1966 1164 2329 1251 nepotes,

244 1256 625 1352 Fataque,
667 1250 1191 1353 fortunasque
1223 1253 1502 1348 virum,
1536 1276 1993 1354 moresque,
2033 1277 2501 1354 manusque.

389 1461 493 1514 677
520 1471 750 1525 gres-⁹118
773 1459 980 1526 Mensg.
1008 1476 1114 1513 sec.
1152 1459 1415 1528 (nitentes
1437 1460 1630 1512 Medic.
1673 1463 1757 1513 W
1750 1464 1818 1528 r.)

1922 1462 2025 1516 678
2061 1466 2134 1512 Ee
2158 1479 2326 1532 super
2357 1461 2505 1512 Dor-

248 1529 362 1581 vill.
438 1539 716 1582 ostentant
743 1528 927 1597 fragm.
959 1528 1129 1585 Vatic.
1162 1547 1194 1581 a
1228 1547 1295 1580 m.
1327 1547 1406 1597 pr.
1436 1530 1597 1581 Goth.
1629 1539 1752 1581 tert.
1825 1532 2066 1583 ostendis
2093 1531 2196 1582 duo
2224 1533 2500 1583 Burmann.

249 1599 416 1651 Goth.
460 1615 565 1649 sec.
609 1606 666 1647 et
711 1597 794 1648 ed.
828 1600 957 1649 Ven.
1028 1598 1228 1669 linquit
1269 1601 1399 1651 Ven.
1471 1600 1570 1650 lim
1588 1611 1720 1650 nent
1769 1600 1951 1651 Franc.
2040 1600 2293 1669 linquam
2341 1600 2500 1666 cad„

246 1668 391 1719 unde
418 1666 616 1719 filatum
644 1675 759 1717 erat
778 1664 843 1717 ab
873 1665 1108 1718 Heinsio.
1146 1669 1293 1735 (dein
1311 1686 1356 1719 s.
1374 1667 1561 1735 Sangal
1584 1704 1617 1733 .,
1654 1667 1742 1736 qni
1758 1668 1905 1720 ‘huuc
1928 1685 2129 1720 versum
2145 1677 2269 1737 post
2280 1688 2356 1722 vs.
2375 1671 2500 1725 695.

248 1736 566 1790 collocatum
589 1734 766 1786 habet.
800 1738 884 1788 W
879 1737 945 1801 r.)

1085 1737 1189 1791 679
1215 1738 1274 1788 in
1301 1737 1455 1789 valle
1480 1737 1722 1788 Parthas.
1767 1746 1824 1789 et
1850 1739 1983 1791 Ven.
2045 1757 2164 1789 cum
2208 1739 2358 1790 valle
2396 1741 2501 1790 duo

248 1807 360 1858 alii.
430 1806 632 1858 nitenti
653 1822 734 1873 pr.
764 1805 948 1856 Hamb.
1018 1806 1158 1858 Male
1182 1806 1238 1860 h.
1268 1806 1306 1857 l.
1376 1806 1571 1857 Nitere
1611 1804 1746 1858 enim
1766 1807 1994 1857 refertur
2023 1807 2093 1859 ad
2117 1807 2310 1859 cultum
2343 1809 2500 1860 loco-

248 1894 383 1927 rum.
416 1875 522 1926 vid.
551 1876 681 1925 Not.
749 1873 890 1926 Male
914 1874 1068 1925 etiam
1100 1874 1308 1927 Servius
1335 1874 1507 1941 iungit
1536 1877 1755 1944 penitus
1787 1877 2009 1939 vitenti,
2059 1894 2174 1928 cum
2197 1876 2292 1941 sit,
2335 1880 2501 1947 peni·-

248 1958 346 1998 tus
367 1947 424 1997 in
457 1943 621 1995 valle.

759 1946 865 1998 680
888 1944 1252 2014 Inclususque
1280 1962 1357 2013 pr.
1385 1944 1573 1995 Hamb.

1646 1944 1893 1996 illustres
1918 1945 2159 2009 Parrhas-
2233 1947 2308 1997 ad
2335 1946 2497 1997 limen

248 2015 356 2067 duo
388 2013 568 2065 Heius.
593 2030 653 2064 ac
684 2013 788 2065 dno
813 2015 981 2064 Burm.
1012 2030 1128 2064 cum
1156 2013 1306 2063 trinis
1336 2013 1516 2078 Goth„
1563 2014 1705 2082 quod
1740 2013 1918 2065 ornari
1954 2014 2140 2080 possit.
2208 2015 2314 2067 sed
2357 2016 2498 2068 conf.

247 2084 343 2135 inf.
378 2085 498 2138 829.

246 2166 445 2223 esuque
470 2153 653 2203 Franc.

635 2084 741 2136 682
775 2100 1031 2134 numeros
1053 2084 1262 2134 Excurs.
1294 2085 1461 2135 Burm.
1532 2083 1817 2152 clarosque
1845 2084 1923 2134 ed.
1958 2085 2091 2135 Dan.

2231 2086 2336 2138 683
2382 2088 2499 2136 Fa·-

765 2170 1007 2221 enusque
1034 2151 1167 2203 alios
1207 2150 1387 2219 legere
1417 2150 1617 2202 Pierius
1651 2152 1719 2203 ad
1757 2152 2042 2220 marginem
2080 2163 2370 2216 notaverat,
2407 2153 2501 2206 sed

245 2222 454 2274 videtur
477 2240 539 2272 ex
562 2237 708 2273 emen
747 2220 924 2273 atione
955 2222 1278 2290 profectum3
1313 2221 1435 2291 quia
1472 2221 1741 2274 obscurius
1781 2231 1894 2290 est,
1934 2221 2060 2293 quid
2093 2240 2291 2275 manus
2316 2222 2406 2275 sit.

248 2396 715 2478 (superate—et,
738 2397 864 2458 vid.
888 2398 966 2472 Q.
984 2397 1052 2461 V.
1075 2398 1332 2472 XXXV,

249 2488 351 2551 12.
386 2483 565 2565 Wr.)
649 2483 861 2543 Anteit
898 2492 1031 2545 tum
1058 2483 1335 2544 Musaeus

244 2571 402 2651 ipse3
432 2570 536 2629 ubi
568 2589 644 2629 ex
675 2590 910 2629 summo
943 2571 1107 2630 collis
1135 2570 1329 2630 verti-

245 2676 318 2714 ce
356 2656 557 2716 locum
608 2657 993 2734 ostendisset,
1052 2664 1178 2716 tum
1207 2657 1329 2715 Ae-

243 2761 390 2803 neas
420 2749 482 2800 et
516 2740 741 2822 Sibylla
770 2743 959 2801 altera
995 2751 1168 2821 parte
1199 2741 1331 2800 col-

241 2828 320 2888 lis
344 2827 749 2905 descendunt,
809 2828 1068 2887 discessu
1107 2827 1330 2887 scilicet

244 2934 283 2972 a
314 2912 558 2972 Musaeo
587 2914 766 2974 facto.
851 2934 1098 2991 campos
1132 2916 1329 2971 niten-

243 3012 369 3075 tes,
441 3020 552 3080 pro
614 3000 874 3059 amoenis
925 3019 1090 3059 nunc
1154 2998 1330 3057 dixit.

245 3087 394 3164 Sup.
422 3085 635 3165 Georg.
671 3086 715 3160 1,
766 3088 884 3152 153
914 3083 989 3144 de
1024 3084 1193 3144 cultu
1230 3084 1329 3143 di-

246 3191 387 3231 cum
430 3180 594 3247 erat,
635 3174 887 3230 nitentia
915 3172 1081 3230 culta
1109 3180 1172 3230 et
1199 3189 1330 3229 sae-

347 3256 465 3317 alii.

244 3276 462 3408 Pae679
505 3360 631 3420 sqq.
687 3341 770 3399 De
825 3360 1079 3401 occursu
1124 3340 1332 3400 matris

204 3423 212 3429 ”
246 3428 473 3508 Ulyssis
503 3427 793 3487 nonnulla
833 3426 898 3486 in
938 3426 1188 3485 similem
1227 3447 1332 3486 ra-

246 3514 472 3573 tionem
487 3521 631 3573 sunt
644 3533 737 3594 sp.
750 3513 1101 3588 Homerum,
1120 3512 1335 3592 Odyss.

247 3604 302 3679 λ,
365 3601 480 3666 151
531 3620 694 3677 sqq.;
749 3599 854 3658 sed
909 3599 1076 3657 locus
1119 3596 1218 3656 hic
1259 3597 1334 3655 de

254 3684 511 3745 Anchisa
548 3685 850 3764 praeclare
891 3704 926 3741 a
957 3683 1201 3763 virgilio
1244 3692 1335 3741 est

249 3780 565 3836 tractatus.
684 3770 1023 3831 Artificium
1125 3777 1336 3847 poetae

249 3857 547 3937 egregium
571 3856 632 3916 in
664 3855 810 3934 hoc,
854 3855 1019 3935 quod
1052 3854 1336 3913 Anchises

246 3943 371 4004 hoc
397 3944 524 4023 ipso
543 3942 816 4022 'tempore
839 3943 905 4001 in
923 3960 1170 4000 recensu
1199 3941 1331 4000 ani-

248 4048 485 4090 marum
525 4029 592 4087 in
626 4027 783 4087 hanc
817 4030 1004 4088 vitam
1033 4026 1330 4086 transitu-

247 4135 455 4177 rarum
502 4122 825 4195 occupatus
862 4114 935 4173 ab
982 4114 1181 4173 Aenea
1221 4112 1330 4172 de-

244 4200 663 4284 prehenditur.
692 4199 989 4259 Traduxit
1006 4200 1161 4258 enim
1178 4217 1329 4278 poe-

248 4299 314 4348 ta
345 4296 407 4346 et
428 4287 730 4346 convertit
762 4286 825 4345 in
853 4304 982 4344 rem
1016 4305 1186 4344 suam
1219 4303 1328 4344 ve-

244 4383 350 4435 tus
379 4371 530 4432 illud
557 4370 1106 4454 philosophantium
1139 4371 1327 4451 placi-

1417 2406 1572 2473 tum,
1614 2418 1733 2475 quo
1765 2398 1996 2458 animae
2023 2398 2141 2458 iam
2172 2406 2309 2458 ante
2341 2400 2500 2458 vitae

1415 2481 1598 2543 huius
1618 2484 1949 2562 ingressum
1976 2475 2258 2544 'exsistere
2275 2493 2501 2564 putan-

1419 2578 1541 2632 tur.
1628 2569 1751 2627 Iam
1799 2570 1870 2628 iis
1911 2579 2113 2629 certus
2164 2570 2331 2629 locus
2368 2580 2501 2630 erat

1416 2654 1820 2733 assignandus,
1866 2656 1966 2715 cui
1987 2654 2248 2714 inclusae
2278 2664 2500 2732 essent3

1419 2740 1761 2800 docendum
1803 2760 2018 2819 porro,
2075 2740 2239 2799 unde
2265 2739 2331 2798 in
2361 2760 2498 2800 eum

1414 2826 1616 2909 locum
1645 2834 1837 2883 essent
1866 2825 2175 2883 deductae.
2265 2825 2355 2883 Ita
2382 2846 2500 2905 op-

1416 2911 1760 2991 portunitas
1798 2910 1933 2968 data
1975 2910 2235 2989 mythis,
2279 2912 2499 2989 partim

1414 3005 1487 3054 nt
1530 2996 1729 3055 locum
1773 2996 2108 3055 accuratius
2149 2996 2500 3073 declararet,

1415 3083 1637 3162 partim
1663 3089 1735 3141 ut
1756 3090 2081 3159 statueret,
2144 3082 2368 3140 animas
2401 3102 2501 3142 eas

1412 3167 1535 3226 iam
1565 3177 1741 3227 antea
1769 3167 2032 3227 humana
2076 3187 2332 3246 corpora
2364 3171 2501 3227 ani-

1415 3273 1622 3330 masse,
1664 3254 1909 3331 vitaque
1936 3254 2177 3312 functas
2210 3253 2274 3312 in
2310 3271 2377 3311 ea
2404 3253 2499 3313 lo·-

1416 3360 1487 3398 ca
1526 3338 1912 3398 descendisse.
1997 3338 2186 3416 Atqui
2226 3337 2327 3397 hic
2355 3360 2497 3400 rur-

1418 3445 1520 3484 sus
1553 3446 1712 3485 nova
1753 3423 2128 3484 coniectandi
2169 3425 2499 3502 necessitas,

1418 3511 1723 3589 quomodo
1754 3510 2000 3586 animae,
2046 3511 2314 3589 corporis
2349 3531 2501 3571 con·

1419 3597 1596 3676 tegio·
1615 3597 2069 3673 contaminatae,
2096 3595 2259 3656 vitiis
2296 3606 2357 3655 et
2398 3617 2498 3656 er-

1417 3683 1659 3743 roribus
1689 3682 1928 3760 liberari
1956 3682 2214 3762 possint,
2261 3692 2367 3742 aut
2392 3682 2501 3742 iis-

1418 3767 1554 3828 dem
1601 3769 1663 3828 in
1708 3768 1885 3844 locis,
1939 3778 2047 3828 aut
2085 3776 2404 3845 antequam
2430 3786 2500 3827 ea

1414 3854 1480 3913 in
1523 3855 1656 3913 loea
1689 3854 2113 3935 pervenissent.
2210 3856 2356 3919 680.
2399 3855 2499 3912 in-

1415 3941 1641 4013 clusas,
1691 3941 1966 4000 collectas
1993 3941 2056 4000 in
2078 3938 2246 3998 hunc
2278 3938 2499 4003 locum.

1414 4024 1541 4086 vid.
1578 4026 1681 4085 ins.
1728 4026 1853 4091 705
1881 4045 2040 4105 seqq.
2126 4024 2495 4099 Res-olimae,

1417 4111 1615 4171 animo
1649 4111 1887 4192 proprie
1918 4108 2257 4191 praeterita,
2301 4107 2403 4167 hic
2440 4130 2500 4169 v.

1417 4201 1539 4262 681
1573 4197 1763 4276 simpl.
1798 4213 2124 4270 recensere,
2185 4194 2502 4272 exquirere

1415 4293 1478 4343 et
1526 4284 1833 4342 addiscere
1872 4284 2078 4342 futura
2123 4281 2275 4339 sacta
2306 4288 2367 4339 et
2405 4299 2502 4339 res

1414 4370 1653 4431 fortiter
1674 4377 1884 4450 gestas.
1973 4368 2118 4433 688.
2143 4386 2363 4425 manus
2397 4385 2504 4426 seu
