2882 5028
615 345 810 420 AD
911 343 1562 422 LIBRUM
1662 346 1799 424 111
2177 355 2333 432 587

152 551 277 592 mor.
299 542 407 594 vet.
431 534 595 596 'Poma
620 534 663 596 Ι.
699 535 763 598 Ρ.
801 536 846 597 1.
891 557 950 618 p.
1013 533 1177 619 147.)
1212 545 1415 596 tamen
1458 536 1534 597 de
1580 557 1652 598 eo
1695 546 1872 618 poeta
1907 538 2168 620 cogitare
2208 562 2334 604 non

148 620 344 697 potuit,
400 622 674 699 quoniam
709 621 902 682 addit:
953 625 1011 681 ss·
1049 643 1191 681 vera
1223 635 1310 681 ast
1336 621 1553 700 sama.
1642 624 1727 683 De
1760 625 1957 684 sabula
1998 636 2201 687 vetere
2245 630 2337 708 agi

149 701 318 782 itaque
335 725 554 767 neeesse
584 718 691 767 est.
777 706 1147 788 Erythraeus
1185 707 1250 767 in
1288 708 1491 767 Indice
1526 710 1702 790 virg„
1746 710 1953 770 Iunius
1986 711 2011 771 1
2047 713 2337 773 Animad-

149 806 303 853 versa.
345 796 399 867 9,
441 802 533 869 et,
578 793 682 872 qui
710 794 784 854 iis
825 793 1110 874 praeivit,
1167 792 1518 855 Parrhasius
1556 796 1622 854 in
1672 794 1851 855 docto
1894 797 2223 858 comment.
2260 798 2340 859 ad

150 873 410 937 claudian.
429 897 507 939 ex
529 878 851 941 Aiistotele
880 879 957 939 de
976 879 1185 939 mirab.
1209 877 1480 940 Auscult.
1507 880 1708 940 locum
1738 881 2013 958 afferunt,
2042 903 2162 962 quo
2190 905 2339 965 pro-

150 957 291 1037 bent,
332 963 399 1021 ab
422 964 677 1026 Hercule
706 965 1026 1044 aliquando
1063 975 1303 1044 captum
1333 966 1431 1025 vel
1466 966 1754 1027 insessum
1780 968 2135 1044 Tarentum3
2192 971 2340 1049 quin

147 1056 344 1123 poetam
371 1052 582 1111 verba:
624 1050 882 1130 sifama
909 1063 996 1110 est
1028 1071 1170 1109 vera
1187 1096 1205 1127 ‚
1246 1049 1366 1111 hoc
1391 1060 1639 1131 propter
1674 1052 1867 1133 ipsum
1897 1053 2211 1130 adiecisse,
2269 1064 2341 1114 ut

153 1130 445 1195 Aristotelis
471 1136 593 1196 fide
619 1157 742 1196 non
775 1137 952 1216 plane
987 1155 1049 1196 se
1074 1145 1233 1196 stare
1261 1137 1629 1214 ostenderet;
1672 1138 1735 1198 id
1767 1139 1932 1216 quod
1956 1140 2132 1219 plane
2171 1141 2339 1199 inso-

146 1214 247 1274 lens
290 1220 556 1283 videtin-.-
628 1223 830 1301 Neque
880 1223 952 1304 in
998 1221 1358 1283 Aristoteleo
1402 1222 1536 1281 loco
1601 1229 1684 1299 (v.
1734 1223 1801 1283 T.
1842 1225 1897 1283 11
1936 1224 2028 1284 ed.
2082 1224 2170 1285 du
2207 1224 2340 1285 val.

146 1319 192 1377 p-
227 1304 362 1386 729)
411 1309 604 1368 ullum
657 1326 864 1369 eorum
881 1352 900 1385 ,
958 1326 1110 1385 quae
1150 1307 1292 1367 indo
1333 1308 1598 1385 ducunt,
1642 1318 1739 1368 est
1780 1310 2103 1388 vestigium.
2186 1310 2341 1369 Male

144 1386 292 1448 etiam
321 1391 512 1454 locum
550 1395 1057 1474 interpretantur,
1112 1392 1189 1453 de
1212 1411 1333 1470 quo
1376 1393 1553 1454 docte
1581 1394 1699 1474 egit
1723 1393 1990 1455 Mazoch.
2028 1396 2119 1454 ad
2154 1395 2339 1455 Tabb.

143 1473 357 1535 Home.
394 1498 450 1558 p.
475 1485 562 1545 72
589 1499 716 1559 sqq.
796 1480 892 1540 Ex
915 1479 1165 1539 Pausan.
1201 1480 1281 1555 X,
1327 1483 1425 1554 10,
1472 1480 1592 1559 qui,
1636 1499 1788 1559 quae
1822 1481 1921 1541 alii
1961 1480 2037 1539 de
2078 1480 2340 1561 Myscelo

145 1558 513 1640 tradiderant,
562 1565 639 1625 ad
683 1564 1083 1626 Phalanthum
1135 1565 1455 1641 transfert,
1511 1575 1789 1645 apparet,
1843 1566 2216 1627 narrationes
2265 1565 2341 1626 de

143 1641 350 1708 Tarenti
389 1659 450 1709 et
488 1652 769 1711 Crotonis
806 1651 1128 1730 originibus
1166 1650 1344 1710 fuisse
1386 1651 1549 1710 inter
1586 1671 1647 1710 se
1694 1661 2064 1731 permutatas
2106 1672 2140 1710 a
2178 1673 2341 1712 non-

147 1729 313 1791 nullis.
392 1736 510 1796 Fac
561 1738 868 1817 Virgilium
906 1737 970 1798 in
1008 1736 1190 1795 talem
1225 1736 1576 1816 scriptorem
1610 1737 1914 1815 incidisse;
1969 1736 2056 1797 ita
2095 1737 2342 1797 Herculi

142 1809 310 1876 debita
355 1822 518 1903 origo
571 1824 845 1885 Crotonis
897 1821 1170 1882 traducta
1233 1822 1312 1881 ad
1354 1823 1700 1883 Tarentum.
1807 1826 1962 1882 Sane
2003 1832 2135 1883 tota
2189 1821 2343 1882 haec

141 1896 309 1962 ltaliae
341 1926 476 1983 ora,
519 1918 595 1968 ut
625 1910 839 1988 passim
883 1908 1029 1967 aliae
1073 1907 1276 1966 Italiae
1301 1916 1529 1987 partes,
1587 1907 1854 1969 fabulosa
1890 1909 2164 1969 Herculis
2205 1929 2342 1967 mo-

139 2000 388 2051 numenta
414 1995 787 2055 ostendebat.
842 1994 986 2069 vid„
1043 2003 1278 2073 praeter
1305 1996 1471 2053 Serv.
1502 1994 1582 2053 ad
1610 2015 1668 2053 v.
1697 1995 1840 2070 552,
1887 1993 2214 2055 Diodorum
2239 1993 2341 2070 lv,

139 2071 220 2133 20.
246 2078 314 2138 21
345 2097 468 2157 sqq.
512 2081 709 2143 Strab.
741 2079 839 2154 VI,
871 2100 931 2160 p.
963 2081 1086 2144 281
1117 2078 1179 2138 C.
1222 2078 1400 2139 Ovid.
1430 2077 1570 2139 Met.
1598 2080 1730 2155 XV,
1758 2084 1797 2145 9
1827 2101 1952 2160 sqq.
1995 2083 2073 2146 cf.
2103 2081 2341 2160 Dionys.

137 2151 293 2220 Halic.
320 2161 362 2237 Ι,
404 2164 705 2230 39—44.
790 2167 868 2225 Et
896 2173 1029 2224 erat
1062 2164 1128 2223 in
1154 2173 1420 2224 extrema
1444 2165 1611 2224 ltalia
1635 2164 1909 2225 Herculis
1931 2167 2166 2241 Portus,
2193 2187 2341 2246 pro-

137 2249 463 2309 montorium
508 2251 909 2327 Herculeum3
963 2259 1095 2309 erat
1133 2250 1311 2310 etiam
1343 2249 1631 2310 Heraclea
1661 2251 1835 2327 urbs,
1893 2251 1967 2310 de
1994 2263 2112 2329 qua
2139 2251 2344 2310 Μαιο-

139 2323 278 2390 chius
311 2336 543 2415 copiose
577 2337 713 2418 egit,
755 2335 1117 2415 quamq'uam
1160 2355 1228 2394 ea
1255 2337 1329 2395 ab
1352 2336 1526 2414 initio
1554 2335 1899 2419 Ἡρακλεῖον
1932 2336 2089 2395 dicta
2120 2337 2341 2414 (Schol.

134 2410 395 2497 Lycophr.
439 2423 519 2482 ad
566 2443 627 2484 V.
666 2421 819 2504 978)
859 2422 1084 2501 templo
1121 2423 1325 2500 potius
1366 2422 1673 2498 Herculis,
1729 2421 2000 2502 quodibi
2032 2423 2175 2497 suit,
2227 2443 2346 2481 no-

135 2518 248 2560 men
279 2505 545 2569 debuisse
576 2509 838 2570 videtur.
922 2508 1110 2588 Igitur
1136 2516 1336 2569 manet
1360 2507 1497 2586 hoc,
1541 2509 1844 2587 antiquam
1871 2508 2124 2587 aliqaum
2164 2507 2344 2568 sabu-

132 2582 247 2661 ltm,
286 2612 434 2670 quae
480 2616 653 2656 nunc
690 2606 837 2655 nota
879 2615 1004 2654 non
1047 2603 1168 2671 est,
1214 2593 1288 2653 de
1324 2595 1570 2655 Tarenti
1611 2595 1934 2676 originibus
1959 2594 2203 2655 Herculi
2229 2592 2343 2653 ad-

134 2673 339 2754 nex-ipti-
381 2692 601 2761 poetae
639 2680 703 2741 h.
738 2681 777 2741 1.
822 2681 886 2741 in
932 2680 1131 2739 animo
1170 2680 1365 2741 fixisse.

1033 2976 1444 2989 n*—

667 3128 1500 3287 ExcURs'th
1591 3197 1791 3282 xv

902 3368 1060 3435 De
1141 3367 1556 3434 Aetna.

279 3520 372 3599 ῙΠ,
416 3524 541 3592 571
567 3525 793 3591 -4577
839 3525 962 3585 Sed
998 3524 1291 3601 hon-:ficis
1333 3528 1507 3583 iuxta
1555 3534 1722 3584 tonat
1765 3522 1960 3582 Aetna
2003 3525 2193 3583 ηιίηἰε
2236 3530 2351 3581 etc.

133 3596 190 3693 ln
214 3602 370 3667 hunc
399 3609 475 3668 de
503 3611 695 3671 Aetna
728 3612 925 3671 locum
966 3620 1376 3691 comparatum
1405 3630 1545 3670 cum
1574 3609 1706 3668 loco
1737 3608 2051 3668 Pindarico
2081 3606 2281 3687 (Pyth.
2305 3607 2351 3683 1,

134 3702 187 3744 ¹¹²
211 3708 297 3768 pr.
339 3694 583 3781 Epodo)
627 3698 745 3756 iam
791 3696 953 3776 apud
1002 3697 1150 3757 Gell.
1185 3696 1368 3770 xvn,
1415 3701 1496 3761 10
1540 3712 1784 3773 gravem
1823 3713 2135 3753 censuram
2174 3712 2353 3752 exer-

135 3773 245 3835 cuit
274 3779 616 3843 Favorinus
644 3781 1064 3864 philosophus,
1125 3781 1234 3841 sed
1266 3792 1338 3842 ut
1365 3778 1788 3862 philosophum
1810 3779 1993 3859 magis
2020 3799 2201 3856 quam
2231 3777 2354 3839 cri-

135 3855 301 3922 ticum
327 3869 563 3946 poetica
605 3869 892 3951 elegantia
929 3868 1228 3929 imbutum
1271 3887 1567 3947 agnoscas.
1624 3866 1774 3925 Nam
1801 3884 1994 3945 neque
2027 3864 2356 3925 Pindarum

134 3948 442 4024 ²¹Primere
458 3999 477 4031 ,
521 3956 722 4016 multo
747 3956 944 4015 minus
986 3954 1064 4015 ad
1100 3955 1352 4015 verbum
1380 3952 1739 4026 transferre,
1783 3952 1978 4012 voluit
2017 3960 2122 4010 aut
2148 3950 2358 4011 debuit

134 4025 389 4111 Virgilius
402 4084 420 4115 ‚
465 4060 667 4120 neque
698 4042 887 4121 lyrico
933 4049 996 4101 et
1020 4042 1188 4120 epico
1229 4048 1435 4120 poetae
1479 4039 1639 4098 idem
1677 4057 1885 4099 rerum
1914 4037 2356 4114 verborumque

134 4109 362 4184 dilectu·
399 4145 528 4187 esse
568 4137 789 4208 potest.
874 4128 1240 4187 Refutarunt
1278 4126 1536 4186 Gellium
1562 4145 1611 4183 a
1640 4124 1945 4184 Macrobio
1991 4122 2357 4202 exscriptum

134 4196 178 4256 V
214 4206 330 4268 Sat.
367 4217 447 4277 17
483 4213 663 4274 maa
701 4214 791 4293 (v.
832 4213 912 4271 aa
951 4213 1098 4274 oen.
1140 4221 1203 4272 et
1239 4212 1320 4272 aa
1362 4211 1426 4273 h.
1479 4212 1522 4274 1.
1567 4209 1842 4291 Virgilii),
1886 4209 2042 4269 inter
2066 4228 2216 4285 quos
2245 4206 2355 4302 ιρι.

135 4282 368 4373 ὅθ’-ΗΕΒ
402 4296 572 4359 Post.
625 4299 708 4373 V,
753 4297 795 4363 4
839 4299 1110 4379 inprimis
1152 4307 1221 4358 et.
1275 4298 1497 4375 Cerda,
1556 4317 1704 4376 quos
1751 4295 1928 4371 vide3
1996 4292 2101 4353 sed
2145 4288 2359 4369 cupide

134 4377 324 4454 uligio,
383 4398 562 4463 saepe
605 4384 865 4446 inaniter
893 4394 968 4445 >et
1004 4384 1248 4465 frigide,
1304 4403 1483 4463 quam
1529 4382 1606 4444 ad
1650 4382 1849 4462 opicae
1888 4395 2132 4460 poeseos
2171 4382 2358 4435 natu-
