<?xml version="1.0" encoding="UTF-8"?>
<!DOCTYPE html PUBLIC "-//W3C//DTD XHTML 1.0 Transitional//EN"
    "http://www.w3.org/TR/xhtml1/DTD/xhtml1-transitional.dtd">
<html xmlns="http://www.w3.org/1999/xhtml" xml:lang="en" lang="en">
 <head>
  <title>
</title>
<meta http-equiv="Content-Type" content="text/html;charset=utf-8" />
  <meta name='ocr-system' content='tesseract 3.04.00' />
  <meta name='ocr-capabilities' content='ocr_page ocr_carea ocr_par ocr_line ocrx_word'/>
</head>
<body>
  <div class='ocr_page' id='page_1' title='image "./pvblivsvirgiliv00sillgoog/pvblivsvirgiliv00sillgoog_0901.png"; bbox 0 0 2882 5028; ppageno 0'>
   <div class='ocr_carea' id='block_1_1' title="bbox 429 328 583 402">
    <p class='ocr_par' dir='ltr' id='par_1_1' title="bbox 429 328 583 402">
     <span class='ocr_line' id='line_1_1' title="bbox 429 328 583 402; baseline -0.006 0"><span class='ocrx_word' id='word_1_1' title='bbox 429 328 583 402; x_wconf 81' lang='lat'><strong>878</strong></span> 
     </span>
    </p>
   </div>
   <div class='ocr_carea' id='block_1_2' title="bbox 926 314 2214 397">
    <p class='ocr_par' dir='ltr' id='par_1_2' title="bbox 926 314 2214 397">
     <span class='ocr_line' id='line_1_2' title="bbox 926 314 2214 397; baseline -0.004 -2"><span class='ocrx_word' id='word_1_2' title='bbox 926 322 1008 396; x_wconf 87' lang='lat' dir='ltr'><strong>P.</strong></span> <span class='ocrx_word' id='word_1_3' title='bbox 1064 316 1587 397; x_wconf 87' lang='lat' dir='ltr'>VIRGILII</span> <span class='ocrx_word' id='word_1_4' title='bbox 1656 314 2214 394; x_wconf 86' lang='lat' dir='ltr'><strong>MARONIS</strong></span> 
     </span>
    </p>
   </div>
   <div class='ocr_carea' id='block_1_3' title="bbox 431 497 2689 607">
    <p class='ocr_par' dir='ltr' id='par_1_3' title="bbox 431 497 2689 607">
     <span class='ocr_line' id='line_1_3' title="bbox 431 497 2689 607; baseline -0.004 -21"><span class='ocrx_word' id='word_1_5' title='bbox 431 513 699 607; x_wconf 86' lang='lat' dir='ltr'><strong>Quem</strong></span> <span class='ocrx_word' id='word_1_6' title='bbox 739 505 1049 604; x_wconf 83' lang='lat' dir='ltr'><strong>socium</strong></span> <span class='ocrx_word' id='word_1_7' title='bbox 1093 505 1543 582; x_wconf 87' lang='lat' dir='ltr'><strong>exanimem</strong></span> <span class='ocrx_word' id='word_1_8' title='bbox 1602 514 1854 598; x_wconf 83' lang='lat' dir='ltr'><strong>vates,</strong></span> <span class='ocrx_word' id='word_1_9' title='bbox 1916 500 2137 603; x_wconf 91' lang='lat' dir='ltr'><strong>quod</strong></span> <span class='ocrx_word' id='word_1_10' title='bbox 2195 524 2494 601; x_wconf 85' lang='lat' dir='ltr'><strong>corpus</strong></span> <span class='ocrx_word' id='word_1_11' title='bbox 2539 497 2689 577; x_wconf 90' lang='lat' dir='ltr'><strong>hu—</strong></span> 
     </span>
    </p>
   </div>
   <div class='ocr_carea' id='block_1_4' title="bbox 1590 605 1982 682">
    <p class='ocr_par' dir='ltr' id='par_1_4' title="bbox 1590 605 1982 682">
     <span class='ocr_line' id='line_1_4' title="bbox 1590 605 1982 682; baseline -0.003 -1"><span class='ocrx_word' id='word_1_12' title='bbox 1590 605 1982 682; x_wconf 87' lang='lat' dir='ltr'><strong>mandum</strong></span> 
     </span>
    </p>
   </div>
   <div class='ocr_carea' id='block_1_5' title="bbox 429 708 2694 1514">
    <p class='ocr_par' dir='ltr' id='par_1_5' title="bbox 429 708 2356 812">
     <span class='ocr_line' id='line_1_5' title="bbox 429 708 2356 812; baseline -0.005 -20"><span class='ocrx_word' id='word_1_13' title='bbox 429 714 765 792; x_wconf 77' lang='lat' dir='ltr'><strong>Diceret.</strong></span> <span class='ocrx_word' id='word_1_14' title='bbox 870 715 1132 812; x_wconf 87' lang='lat' dir='ltr'><strong>Atque</strong></span> <span class='ocrx_word' id='word_1_15' title='bbox 1160 711 1271 788; x_wconf 92' lang='lat' dir='ltr'><strong>illi</strong></span> <span class='ocrx_word' id='word_1_16' title='bbox 1306 709 1708 787; x_wconf 87' lang='lat' dir='ltr'><strong>Misenum</strong></span> <span class='ocrx_word' id='word_1_17' title='bbox 1739 711 1821 785; x_wconf 92' lang='lat' dir='ltr'><strong>in</strong></span> <span class='ocrx_word' id='word_1_18' title='bbox 1853 709 2085 790; x_wconf 88' lang='lat' dir='ltr'><strong>litore</strong></span> <span class='ocrx_word' id='word_1_19' title='bbox 2120 708 2356 803; x_wconf 87' lang='lat' dir='ltr'><strong>sicco,</strong></span> 
     </span>
    </p>

    <p class='ocr_par' dir='ltr' id='par_1_6' title="bbox 429 812 2694 1330">
     <span class='ocr_line' id='line_1_6' title="bbox 430 812 2404 914; baseline -0.005 -20"><span class='ocrx_word' id='word_1_20' title='bbox 430 820 538 895; x_wconf 91' lang='lat' dir='ltr'><strong>Ut</strong></span> <span class='ocrx_word' id='word_1_21' title='bbox 565 838 897 912; x_wconf 83' lang='lat' dir='ltr'><strong>venere,</strong></span> <span class='ocrx_word' id='word_1_22' title='bbox 950 814 1228 892; x_wconf 87' lang='lat' dir='ltr'><strong>vident</strong></span> <span class='ocrx_word' id='word_1_23' title='bbox 1256 812 1579 911; x_wconf 83' lang='lat' dir='ltr'><strong>indigna</strong></span> <span class='ocrx_word' id='word_1_24' title='bbox 1605 827 1873 890; x_wconf 89' lang='lat' dir='ltr'><strong>morte</strong></span> <span class='ocrx_word' id='word_1_25' title='bbox 1904 825 2404 914; x_wconf 89' lang='lat' dir='ltr'><strong>peremtum;</strong></span> 
     </span>
     <span class='ocr_line' id='line_1_7' title="bbox 429 913 2493 1019; baseline -0.006 -21"><span class='ocrx_word' id='word_1_26' title='bbox 429 919 832 998; x_wconf 82' lang='lat' dir='ltr'>Misenum</span> <span class='ocrx_word' id='word_1_27' title='bbox 858 918 1289 996; x_wconf 81' lang='lat' dir='ltr'><strong>Aeoliden:</strong></span> <span class='ocrx_word' id='word_1_28' title='bbox 1343 941 1510 1019; x_wconf 80' lang='lat' dir='ltr'><strong>quo</strong></span> <span class='ocrx_word' id='word_1_29' title='bbox 1538 942 1708 994; x_wconf 92' lang='lat' dir='ltr'><strong>non</strong></span> <span class='ocrx_word' id='word_1_30' title='bbox 1735 916 2256 1019; x_wconf 80' lang='lat' dir='ltr'><strong>praestantior</strong></span> <span class='ocrx_word' id='word_1_31' title='bbox 2284 913 2493 988; x_wconf 86' lang='lat' dir='ltr'><strong>alter</strong></span> 
     </span>
     <span class='ocr_line' id='line_1_8' title="bbox 430 1017 2694 1124; baseline -0.002 -23"><span class='ocrx_word' id='word_1_32' title='bbox 430 1029 638 1101; x_wconf 89' lang='lat' dir='ltr'><strong>Aere</strong></span> <span class='ocrx_word' id='word_1_33' title='bbox 674 1021 886 1098; x_wconf 91' lang='lat' dir='ltr'><strong>ciere</strong></span> <span class='ocrx_word' id='word_1_34' title='bbox 908 1023 1162 1120; x_wconf 67' lang='grc' dir='ltr'><strong>’νὴ-οε,</strong></span> <span class='ocrx_word' id='word_1_35' title='bbox 1191 1026 1697 1124; x_wconf 88' lang='lat' dir='ltr'><strong>Martemque</strong></span> <span class='ocrx_word' id='word_1_36' title='bbox 1730 1017 2180 1097; x_wconf 85' lang='lat' dir='ltr'><strong>adcendere</strong></span> <span class='ocrx_word' id='word_1_37' title='bbox 2218 1030 2477 1093; x_wconf 89' lang='lat' dir='ltr'><strong>cantu.</strong></span> <span class='ocrx_word' id='word_1_38' title='bbox 2553 1022 2694 1095; x_wconf 87' lang='lat'><strong>165</strong></span> 
     </span>
     <span class='ocr_line' id='line_1_9' title="bbox 433 1123 2609 1224; baseline -0.003 -21"><span class='ocrx_word' id='word_1_39' title='bbox 433 1126 796 1203; x_wconf 79' lang='lat' dir='ltr'><strong>Hectoris</strong></span> <span class='ocrx_word' id='word_1_40' title='bbox 821 1125 950 1201; x_wconf 89' lang='lat' dir='ltr'><strong>hic</strong></span> <span class='ocrx_word' id='word_1_41' title='bbox 978 1126 1243 1224; x_wconf 86' lang='lat' dir='ltr'><strong>magni</strong></span> <span class='ocrx_word' id='word_1_42' title='bbox 1276 1124 1541 1203; x_wconf 86' lang='lat' dir='ltr'><strong>fuerat</strong></span> <span class='ocrx_word' id='word_1_43' title='bbox 1567 1149 1871 1223; x_wconf 86' lang='lat' dir='ltr'><strong>comes;</strong></span> <span class='ocrx_word' id='word_1_44' title='bbox 1927 1129 2270 1199; x_wconf 82' lang='lat' dir='ltr'><strong>Hectora</strong></span> <span class='ocrx_word' id='word_1_45' title='bbox 2304 1123 2609 1198; x_wconf 89' lang='lat' dir='ltr'><strong>circum</strong></span> 
     </span>
     <span class='ocr_line' id='line_1_10' title="bbox 433 1226 2136 1330; baseline -0.001 -23"><span class='ocrx_word' id='word_1_46' title='bbox 433 1233 536 1307; x_wconf 88' lang='lat' dir='ltr'><strong>Et</strong></span> <span class='ocrx_word' id='word_1_47' title='bbox 563 1227 764 1305; x_wconf 90' lang='lat' dir='ltr'><strong>lituo</strong></span> <span class='ocrx_word' id='word_1_48' title='bbox 800 1252 1101 1330; x_wconf 86' lang='lat' dir='ltr'><strong>pugnas</strong></span> <span class='ocrx_word' id='word_1_49' title='bbox 1128 1229 1450 1328; x_wconf 85' lang='lat' dir='ltr'><strong>insignis</strong></span> <span class='ocrx_word' id='word_1_50' title='bbox 1485 1228 1759 1305; x_wconf 88' lang='lat' dir='ltr'><strong>obibat</strong></span> <span class='ocrx_word' id='word_1_51' title='bbox 1789 1241 1869 1303; x_wconf 91' lang='lat' dir='ltr'><strong>et</strong></span> <span class='ocrx_word' id='word_1_52' title='bbox 1898 1226 2136 1305; x_wconf 84' lang='lat' dir='ltr'><strong>hasta.</strong></span> 
     </span>
    </p>

    <p class='ocr_par' dir='ltr' id='par_1_7' title="bbox 434 1329 2364 1514">
     <span class='ocr_line' id='line_1_11' title="bbox 434 1329 2364 1434; baseline -0.003 -24"><span class='ocrx_word' id='word_1_53' title='bbox 434 1338 871 1433; x_wconf 90' lang='lat' dir='ltr'><strong>Postquam</strong></span> <span class='ocrx_word' id='word_1_54' title='bbox 904 1333 1127 1410; x_wconf 84' lang='lat' dir='ltr'><strong>illum</strong></span> <span class='ocrx_word' id='word_1_55' title='bbox 1156 1335 1311 1409; x_wconf 81' lang='lat' dir='ltr'><strong>vita</strong></span> <span class='ocrx_word' id='word_1_56' title='bbox 1335 1335 1591 1409; x_wconf 85' lang='lat' dir='ltr'><strong>victor</strong></span> <span class='ocrx_word' id='word_1_57' title='bbox 1615 1332 1975 1434; x_wconf 87' lang='lat' dir='ltr'><strong>spoliavit</strong></span> <span class='ocrx_word' id='word_1_58' title='bbox 2004 1329 2364 1425; x_wconf 83' lang='lat' dir='ltr'><strong>Achilles,</strong></span> 
     </span>
     <span class='ocr_line' id='line_1_12' title="bbox 434 1434 2172 1514; baseline -0.003 0"><span class='ocrx_word' id='word_1_59' title='bbox 434 1435 836 1514; x_wconf 88' lang='lat' dir='ltr'><strong>Dardanio</strong></span> <span class='ocrx_word' id='word_1_60' title='bbox 864 1441 1183 1513; x_wconf 89' lang='lat' dir='ltr'><strong>Aeneae</strong></span> <span class='ocrx_word' id='word_1_61' title='bbox 1214 1460 1387 1513; x_wconf 88' lang='lat' dir='ltr'><strong>sese</strong></span> <span class='ocrx_word' id='word_1_62' title='bbox 1419 1435 1897 1513; x_wconf 85' lang='lat' dir='ltr'><strong>fortissimus</strong></span> <span class='ocrx_word' id='word_1_63' title='bbox 1928 1434 2172 1510; x_wconf 89' lang='lat' dir='ltr'><strong>heros</strong></span> 
     </span>
    </p>
   </div>
   <div class='ocr_carea' id='block_1_6' title="bbox 436 1538 2240 1637">
    <p class='ocr_par' dir='ltr' id='par_1_8' title="bbox 436 1538 2240 1637">
     <span class='ocr_line' id='line_1_13' title="bbox 436 1538 2240 1637; baseline -0.001 -21"><span class='ocrx_word' id='word_1_64' title='bbox 436 1538 874 1616; x_wconf 85' lang='lat' dir='ltr'><strong>Addiderat</strong></span> <span class='ocrx_word' id='word_1_65' title='bbox 899 1541 1242 1637; x_wconf 89' lang='lat' dir='ltr'><strong>socium,</strong></span> <span class='ocrx_word' id='word_1_66' title='bbox 1296 1564 1465 1616; x_wconf 93' lang='lat' dir='ltr'><strong>non</strong></span> <span class='ocrx_word' id='word_1_67' title='bbox 1503 1539 1878 1616; x_wconf 88' lang='lat' dir='ltr'><strong>inferiora</strong></span> <span class='ocrx_word' id='word_1_68' title='bbox 1906 1551 2240 1614; x_wconf 78' lang='lat' dir='ltr'><strong>secutus,</strong></span> 
     </span>
    </p>
   </div>
   <div class='ocr_carea' id='block_1_7' title="bbox 2556 1543 2694 1614">
    <p class='ocr_par' dir='ltr' id='par_1_9' title="bbox 2556 1543 2694 1614">
     <span class='ocr_line' id='line_1_14' title="bbox 2556 1543 2694 1614; baseline 0 -1"><span class='ocrx_word' id='word_1_69' title='bbox 2556 1543 2694 1614; x_wconf 87' lang='grc'><strong>170</strong></span> 
     </span>
    </p>
   </div>
   <div class='ocr_carea' id='block_1_8' title="bbox 436 1639 2704 2157">
    <p class='ocr_par' dir='ltr' id='par_1_10' title="bbox 436 1639 2695 2056">
     <span class='ocr_line' id='line_1_15' title="bbox 441 1639 2694 1746; baseline -0.003 -27"><span class='ocrx_word' id='word_1_70' title='bbox 441 1642 606 1719; x_wconf 89' lang='lat' dir='ltr'><strong>Sed</strong></span> <span class='ocrx_word' id='word_1_71' title='bbox 629 1654 836 1739; x_wconf 90' lang='lat' dir='ltr'><strong>tum,</strong></span> <span class='ocrx_word' id='word_1_72' title='bbox 886 1641 1100 1719; x_wconf 87' lang='lat' dir='ltr'><strong>forte</strong></span> <span class='ocrx_word' id='word_1_73' title='bbox 1147 1668 1328 1720; x_wconf 84' lang='lat' dir='ltr'><strong>cava</strong></span> <span class='ocrx_word' id='word_1_74' title='bbox 1358 1644 1555 1720; x_wconf 89' lang='lat' dir='ltr'><strong>dum</strong></span> <span class='ocrx_word' id='word_1_75' title='bbox 1584 1654 1961 1746; x_wconf 89' lang='lat' dir='ltr'><strong>personat</strong></span> <span class='ocrx_word' id='word_1_76' title='bbox 1987 1664 2338 1743; x_wconf 89' lang='lat' dir='ltr'><strong>aequora</strong></span> <span class='ocrx_word' id='word_1_77' title='bbox 2365 1639 2694 1736; x_wconf 77' lang='lat' dir='ltr'><strong>concha,</strong></span> 
     </span>
     <span class='ocr_line' id='line_1_16' title="bbox 436 1744 2362 1842; baseline -0.002 -19"><span class='ocrx_word' id='word_1_78' title='bbox 436 1750 828 1842; x_wconf 81' lang='lat' dir='ltr'><strong>DemenS,</strong></span> <span class='ocrx_word' id='word_1_79' title='bbox 884 1759 964 1823; x_wconf 93' lang='lat' dir='ltr'><strong>et</strong></span> <span class='ocrx_word' id='word_1_80' title='bbox 1006 1761 1239 1823; x_wconf 88' lang='lat' dir='ltr'><strong>cantu</strong></span> <span class='ocrx_word' id='word_1_81' title='bbox 1268 1759 1500 1823; x_wconf 85' lang='lat' dir='ltr'><strong>vocat</strong></span> <span class='ocrx_word' id='word_1_82' title='bbox 1530 1748 1610 1822; x_wconf 90' lang='lat' dir='ltr'><strong>in</strong></span> <span class='ocrx_word' id='word_1_83' title='bbox 1644 1746 2072 1824; x_wconf 86' lang='lat' dir='ltr'><strong>certamina</strong></span> <span class='ocrx_word' id='word_1_84' title='bbox 2113 1744 2362 1841; x_wconf 78' lang='lat' dir='ltr'><strong>divoS‚</strong></span> 
     </span>
     <span class='ocr_line' id='line_1_17' title="bbox 438 1847 2695 1952; baseline -0.003 -25"><span class='ocrx_word' id='word_1_85' title='bbox 438 1849 827 1927; x_wconf 85' lang='lat' dir='ltr'><strong>Aemulus</strong></span> <span class='ocrx_word' id='word_1_86' title='bbox 858 1863 1274 1952; x_wconf 83' lang='lat' dir='ltr'><strong>exceptum</strong></span> <span class='ocrx_word' id='word_1_87' title='bbox 1320 1851 1604 1927; x_wconf 81' lang='lat' dir='ltr'><strong>Triton</strong></span> <span class='ocrx_word' id='word_1_88' title='bbox 1648 1853 1743 1949; x_wconf 85' lang='lat' dir='ltr'><strong>(si</strong></span> <span class='ocrx_word' id='word_1_89' title='bbox 1793 1848 2122 1926; x_wconf 90' lang='lat' dir='ltr'><strong>credere</strong></span> <span class='ocrx_word' id='word_1_90' title='bbox 2171 1847 2514 1946; x_wconf 86' lang='lat' dir='ltr'><strong>dignum</strong></span> <span class='ocrx_word' id='word_1_91' title='bbox 2552 1855 2695 1946; x_wconf 89' lang='lat' dir='ltr'><strong>est)</strong></span> 
     </span>
     <span class='ocr_line' id='line_1_18' title="bbox 439 1951 2328 2056; baseline -0.001 -26"><span class='ocrx_word' id='word_1_92' title='bbox 439 1956 663 2030; x_wconf 84' lang='lat' dir='ltr'><strong>Inter</strong></span> <span class='ocrx_word' id='word_1_93' title='bbox 693 1978 866 2029; x_wconf 87' lang='lat' dir='ltr'><strong>saxa</strong></span> <span class='ocrx_word' id='word_1_94' title='bbox 895 1956 1154 2030; x_wconf 86' lang='lat' dir='ltr'><strong>virum</strong></span> <span class='ocrx_word' id='word_1_95' title='bbox 1190 1979 1567 2056; x_wconf 89' lang='lat' dir='ltr'><strong>spumosa</strong></span> <span class='ocrx_word' id='word_1_96' title='bbox 1597 1956 2064 2031; x_wconf 88' lang='lat' dir='ltr'><strong>inmerserat</strong></span> <span class='ocrx_word' id='word_1_97' title='bbox 2089 1951 2328 2030; x_wconf 87' lang='lat' dir='ltr'><strong>unda.</strong></span> 
     </span>
    </p>

    <p class='ocr_par' dir='ltr' id='par_1_11' title="bbox 439 2054 2704 2157">
     <span class='ocr_line' id='line_1_19' title="bbox 439 2054 2704 2157; baseline 0 -24"><span class='ocrx_word' id='word_1_98' title='bbox 439 2059 653 2154; x_wconf 82' lang='lat' dir='ltr'><strong>Ergo</strong></span> <span class='ocrx_word' id='word_1_99' title='bbox 686 2080 970 2132; x_wconf 88' lang='lat' dir='ltr'><strong>omnes</strong></span> <span class='ocrx_word' id='word_1_100' title='bbox 998 2082 1291 2157; x_wconf 83' lang='lat' dir='ltr'><strong>magno</strong></span> <span class='ocrx_word' id='word_1_101' title='bbox 1321 2058 1620 2135; x_wconf 90' lang='lat' dir='ltr'><strong>circum</strong></span> <span class='ocrx_word' id='word_1_102' title='bbox 1648 2057 1996 2133; x_wconf 91' lang='lat' dir='ltr'><strong>clamore</strong></span> <span class='ocrx_word' id='word_1_103' title='bbox 2016 2054 2522 2151; x_wconf 84' lang='lat' dir='ltr'><strong>fremebant3</strong></span> <span class='ocrx_word' id='word_1_104' title='bbox 2559 2058 2704 2135; x_wconf 83' lang='lat'><strong>1⁷5</strong></span> 
     </span>
    </p>
   </div>
   <div class='ocr_carea' id='block_1_9' title="bbox 442 2161 1453 2262">
    <p class='ocr_par' dir='ltr' id='par_1_12' title="bbox 442 2161 1453 2262">
     <span class='ocr_line' id='line_1_20' title="bbox 442 2161 1453 2262; baseline 0.006 -27"><span class='ocrx_word' id='word_1_105' title='bbox 442 2161 875 2261; x_wconf 89' lang='lat' dir='ltr'><strong>Praecipue</strong></span> <span class='ocrx_word' id='word_1_106' title='bbox 911 2163 1089 2262; x_wconf 87' lang='lat' dir='ltr'><strong>pius</strong></span> <span class='ocrx_word' id='word_1_107' title='bbox 1122 2170 1453 2241; x_wconf 79' lang='lat' dir='ltr'><strong>Aeneas,</strong></span> 
     </span>
    </p>
   </div>
   <div class='ocr_carea' id='block_1_10' title="bbox 1560 2159 2402 2257">
    <p class='ocr_par' dir='ltr' id='par_1_13' title="bbox 1560 2159 2402 2257">
     <span class='ocr_line' id='line_1_21' title="bbox 1560 2159 2402 2257; baseline -0.004 -18"><span class='ocrx_word' id='word_1_108' title='bbox 1560 2167 1771 2239; x_wconf 89' lang='lat' dir='ltr'><strong>Tum</strong></span> <span class='ocrx_word' id='word_1_109' title='bbox 1800 2163 2003 2238; x_wconf 87' lang='lat' dir='ltr'><strong>iussa</strong></span> <span class='ocrx_word' id='word_1_110' title='bbox 2034 2159 2402 2257; x_wconf 90' lang='lat' dir='ltr'><strong>Sibyllae,</strong></span> 
     </span>
    </p>
   </div>
   <div class='ocr_carea' id='block_1_11' title="bbox 583 2348 2709 2422">
    <p class='ocr_par' dir='ltr' id='par_1_14' title="bbox 583 2348 2709 2422">
     <span class='ocr_line' id='line_1_22' title="bbox 583 2348 2709 2422; baseline 0 -19"><span class='ocrx_word' id='word_1_111' title='bbox 583 2350 682 2403; x_wconf 87' lang='lat'><strong>161</strong></span> <span class='ocrx_word' id='word_1_112' title='bbox 730 2351 1037 2402; x_wconf 74' lang='lat' dir='ltr'><strong>exanimum</strong></span> <span class='ocrx_word' id='word_1_113' title='bbox 1076 2351 1348 2422; x_wconf 85' lang='lat' dir='ltr'><strong>plerique,</strong></span> <span class='ocrx_word' id='word_1_114' title='bbox 1407 2352 1504 2405; x_wconf 74' lang='lat' dir='ltr'><strong>ned</strong></span> <span class='ocrx_word' id='word_1_115' title='bbox 1559 2352 1781 2405; x_wconf 83' lang='lat' dir='ltr'><strong>alterum</strong></span> <span class='ocrx_word' id='word_1_116' title='bbox 1839 2370 1904 2404; x_wconf 82' lang='lat' dir='ltr'><strong>ex</strong></span> <span class='ocrx_word' id='word_1_117' title='bbox 1958 2350 2150 2404; x_wconf 85' lang='lat' dir='ltr'><strong>Medic.</strong></span> <span class='ocrx_word' id='word_1_118' title='bbox 2202 2349 2321 2403; x_wconf 74' lang='lat' dir='ltr'><strong>aliis</strong></span> <span class='ocrx_word' id='word_1_119' title='bbox 2359 2368 2427 2402; x_wconf 82' lang='lat' dir='ltr'><strong>ue</strong></span> <span class='ocrx_word' id='word_1_120' title='bbox 2482 2348 2709 2403; x_wconf 68' lang='lat' dir='ltr'><strong>adscivit</strong></span> 
     </span>
    </p>
   </div>
   <div class='ocr_carea' id='block_1_12' title="bbox 445 2417 2266 2490">
    <p class='ocr_par' dir='ltr' id='par_1_15' title="bbox 445 2417 2266 2490">
     <span class='ocr_line' id='line_1_23' title="bbox 445 2417 2266 2490; baseline 0 -18"><span class='ocrx_word' id='word_1_121' title='bbox 445 2417 721 2483; x_wconf 69' lang='lat' dir='ltr'><strong>nain-im,</strong></span> <span class='ocrx_word' id='word_1_122' title='bbox 779 2419 894 2470; x_wconf 77' lang='lat' dir='ltr'><strong>auri</strong></span> <span class='ocrx_word' id='word_1_123' title='bbox 934 2429 994 2471; x_wconf 87' lang='lat' dir='ltr'><strong>ut</strong></span> <span class='ocrx_word' id='word_1_124' title='bbox 1042 2423 1357 2476; x_wconf 80' lang='lat' dir='ltr'><strong>consuleret.</strong></span> <span class='ocrx_word' id='word_1_125' title='bbox 1410 2422 1537 2490; x_wconf 83' lang='lat' dir='ltr'><strong>(vid.</strong></span> <span class='ocrx_word' id='word_1_126' title='bbox 1570 2424 1639 2474; x_wconf 82' lang='lat' dir='ltr'><strong>V.</strong></span> <span class='ocrx_word' id='word_1_127' title='bbox 1678 2424 1741 2473; x_wconf 89' lang='lat' dir='ltr'><strong>L.</strong></span> <span class='ocrx_word' id='word_1_128' title='bbox 1784 2422 1854 2473; x_wconf 86' lang='lat' dir='ltr'><strong>ad</strong></span> <span class='ocrx_word' id='word_1_129' title='bbox 1894 2423 1985 2488; x_wconf 84' lang='lat' dir='ltr'><strong>IV,</strong></span> <span class='ocrx_word' id='word_1_130' title='bbox 2020 2423 2069 2475; x_wconf 89' lang='grc'><strong>8.</strong></span> <span class='ocrx_word' id='word_1_131' title='bbox 2121 2423 2266 2488; x_wconf 83' lang='lat' dir='ltr'><strong>Wr.)</strong></span> 
     </span>
    </p>
   </div>
   <div class='ocr_carea' id='block_1_13' title="bbox 2401 2434 2707 2490">
    <p class='ocr_par' dir='ltr' id='par_1_16' title="bbox 2401 2434 2707 2490">
     <span class='ocr_line' id='line_1_24' title="bbox 2401 2434 2707 2490; baseline 0 -19"><span class='ocrx_word' id='word_1_132' title='bbox 2401 2434 2707 2490; x_wconf 60' lang='lat' dir='ltr'><strong>exaequo,</strong></span> 
     </span>
    </p>
   </div>
   <div class='ocr_carea' id='block_1_14' title="bbox 446 2485 2708 2573">
    <p class='ocr_par' dir='ltr' id='par_1_17' title="bbox 446 2485 2708 2573">
     <span class='ocr_line' id='line_1_25' title="bbox 446 2485 2708 2573; baseline 0.001 -32"><span class='ocrx_word' id='word_1_133' title='bbox 446 2487 660 2555; x_wconf 78' lang='lat' dir='ltr'><strong>atatim,</strong></span> <span class='ocrx_word' id='word_1_134' title='bbox 694 2506 808 2542; x_wconf 70' lang='lat' dir='ltr'><strong>esse</strong></span> <span class='ocrx_word' id='word_1_135' title='bbox 832 2489 943 2541; x_wconf 84' lang='lat' dir='ltr'><strong>vult</strong></span> <span class='ocrx_word' id='word_1_136' title='bbox 967 2493 1166 2558; x_wconf 70' lang='lat' dir='ltr'><strong>Burin..</strong></span> <span class='ocrx_word' id='word_1_137' title='bbox 1204 2501 1262 2543; x_wconf 87' lang='lat' dir='ltr'><strong>ut</strong></span> <span class='ocrx_word' id='word_1_138' title='bbox 1286 2493 1484 2561; x_wconf 83' lang='lat' dir='ltr'><strong>Georg.</strong></span> <span class='ocrx_word' id='word_1_139' title='bbox 1516 2495 1556 2554; x_wconf 86' lang='grc' dir='ltr'><strong>Ι,</strong></span> <span class='ocrx_word' id='word_1_140' title='bbox 1584 2493 1720 2557; x_wconf 77' lang='grc'>203,</span> <span class='ocrx_word' id='word_1_141' title='bbox 1755 2492 1844 2544; x_wconf 85' lang='lat' dir='ltr'><strong>ubi</strong></span> <span class='ocrx_word' id='word_1_142' title='bbox 1874 2511 1921 2544; x_wconf 82' lang='lat' dir='ltr'><strong>v.</strong></span> <span class='ocrx_word' id='word_1_143' title='bbox 1961 2493 2091 2545; x_wconf 86' lang='lat' dir='ltr'><strong>Puto</strong></span> <span class='ocrx_word' id='word_1_144' title='bbox 2132 2491 2353 2561; x_wconf 82' lang='lat' dir='ltr'><strong>exprimi</strong></span> <span class='ocrx_word' id='word_1_145' title='bbox 2396 2485 2542 2544; x_wconf 77' lang='grc' dir='ltr'><strong>εἶτα.</strong></span> <span class='ocrx_word' id='word_1_146' title='bbox 2617 2495 2708 2573; x_wconf 53' lang='grc' dir='ltr'><strong>(μ</strong></span> 
     </span>
    </p>
   </div>
   <div class='ocr_carea' id='block_1_15' title="bbox 446 2558 1344 2628">
    <p class='ocr_par' dir='ltr' id='par_1_18' title="bbox 446 2558 1344 2628">
     <span class='ocr_line' id='line_1_26' title="bbox 446 2558 1344 2628; baseline 0 -16"><span class='ocrx_word' id='word_1_147' title='bbox 446 2558 551 2612; x_wconf 75' lang='lat' dir='ltr'><strong>via.</strong></span> <span class='ocrx_word' id='word_1_148' title='bbox 583 2560 649 2622; x_wconf 87' lang='lat' dir='ltr'><strong>Q.</strong></span> <span class='ocrx_word' id='word_1_149' title='bbox 671 2562 739 2613; x_wconf 83' lang='lat' dir='ltr'><strong>v.</strong></span> <span class='ocrx_word' id='word_1_150' title='bbox 780 2560 1018 2625; x_wconf 83' lang='lat' dir='ltr'>xxxv,</span> <span class='ocrx_word' id='word_1_151' title='bbox 1060 2563 1148 2616; x_wconf 81' lang='lat'><strong>22.</strong></span> <span class='ocrx_word' id='word_1_152' title='bbox 1199 2562 1344 2628; x_wconf 45' lang='grc' dir='ltr'><strong>ιν..)</strong></span> 
     </span>
    </p>
   </div>
   <div class='ocr_carea' id='block_1_16' title="bbox 447 2700 621 2752">
    <p class='ocr_par' dir='ltr' id='par_1_19' title="bbox 447 2700 621 2752">
     <span class='ocr_line' id='line_1_27' title="bbox 447 2700 621 2752; baseline 0.017 -3"><span class='ocrx_word' id='word_1_153' title='bbox 447 2700 621 2752; x_wconf 76' lang='lat' dir='ltr'><strong>Burm-</strong></span> 
     </span>
    </p>
   </div>
   <div class='ocr_carea' id='block_1_17' title="bbox 449 2700 1371 2820">
    <p class='ocr_par' dir='ltr' id='par_1_20' title="bbox 449 2700 1371 2820">
     <span class='ocr_line' id='line_1_28' title="bbox 449 2700 1371 2819; baseline 0 -68"><span class='ocrx_word' id='word_1_154' title='bbox 449 2770 497 2819; x_wconf 74' lang='grc' dir='ltr'>Η</span> <span class='ocrx_word' id='word_1_155' title='bbox 581 2768 618 2819; x_wconf 74' lang='lat' dir='ltr'>b</span> <span class='ocrx_word' id='word_1_156' title='bbox 691 2716 772 2770; x_wconf 68' lang='lat' dir='ltr'><strong>sp.</strong></span> <span class='ocrx_word' id='word_1_157' title='bbox 830 2710 886 2749; x_wconf 69' lang='grc' dir='ltr'><strong>σε</strong></span> <span class='ocrx_word' id='word_1_158' title='bbox 944 2703 1112 2753; x_wconf 72' lang='lat' dir='ltr'><strong>armis</strong></span> <span class='ocrx_word' id='word_1_159' title='bbox 1150 2700 1371 2752; x_wconf 85' lang='lat' dir='ltr'><strong>Dorvill.</strong></span> 
     </span>
     <span class='ocr_line' id='line_1_29' title="bbox 500 2786 637 2820; baseline 0.007 -1"><span class='ocrx_word' id='word_1_160' title='bbox 500 2786 582 2819; x_wconf 86' lang='lat' dir='ltr'><strong>am</strong></span> <span class='ocrx_word' id='word_1_161' title='bbox 622 2805 637 2820; x_wconf 88' lang='lat'><strong>.</strong></span> 
     </span>
    </p>
   </div>
   <div class='ocr_carea' id='block_1_18' title="bbox 451 2906 1307 2977">
    <p class='ocr_par' dir='ltr' id='par_1_21' title="bbox 451 2906 1307 2977">
     <span class='ocr_line' id='line_1_30' title="bbox 451 2906 1307 2977; baseline 0.002 -20"><span class='ocrx_word' id='word_1_162' title='bbox 451 2906 837 2958; x_wconf 71' lang='lat' dir='ltr'><strong>hemistichium</strong></span> <span class='ocrx_word' id='word_1_163' title='bbox 866 2909 938 2958; x_wconf 88' lang='lat'><strong>111</strong></span> <span class='ocrx_word' id='word_1_164' title='bbox 961 2910 1157 2977; x_wconf 83' lang='lat' dir='ltr'><strong>Georg.</strong></span> <span class='ocrx_word' id='word_1_165' title='bbox 1185 2911 1307 2964; x_wconf 85' lang='lat'><strong>391.</strong></span> 
     </span>
    </p>
   </div>
   <div class='ocr_carea' id='block_1_19' title="bbox 344 2769 1844 2892">
    <p class='ocr_par' dir='ltr' id='par_1_22' title="bbox 344 2769 1844 2892">
     <span class='ocr_line' id='line_1_31' title="bbox 344 2769 1844 2847; baseline 0.001 -24"><span class='ocrx_word' id='word_1_166' title='bbox 344 2828 355 2847; x_wconf 43' lang='lat'>⁸</span> <span class='ocrx_word' id='word_1_167' title='bbox 777 2769 875 2823; x_wconf 88' lang='lat'><strong>171</strong></span> <span class='ocrx_word' id='word_1_168' title='bbox 914 2770 1026 2821; x_wconf 75' lang='lat' dir='ltr'><strong>Sed</strong></span> <span class='ocrx_word' id='word_1_169' title='bbox 1052 2771 1213 2835; x_wconf 84' lang='lat' dir='ltr'><strong>dum,</strong></span> <span class='ocrx_word' id='word_1_170' title='bbox 1246 2788 1393 2834; x_wconf 85' lang='lat' dir='ltr'><strong>cum,</strong></span> <span class='ocrx_word' id='word_1_171' title='bbox 1432 2782 1567 2823; x_wconf 72' lang='lat' dir='ltr'><strong>tunc</strong></span> <span class='ocrx_word' id='word_1_172' title='bbox 1593 2771 1844 2824; x_wconf 79' lang='lat' dir='ltr'><strong>aberrat-t.</strong></span> 
     </span>
     <span class='ocr_line' id='line_1_32' title="bbox 451 2839 1490 2892; baseline 0.002 -2"><span class='ocrx_word' id='word_1_173' title='bbox 451 2856 555 2890; x_wconf 77' lang='lat' dir='ltr'><strong>sec.</strong></span> <span class='ocrx_word' id='word_1_174' title='bbox 625 2839 920 2889; x_wconf 76' lang='lat' dir='ltr'><strong>certamine</strong></span> <span class='ocrx_word' id='word_1_175' title='bbox 942 2840 1078 2892; x_wconf 86' lang='lat' dir='ltr'><strong>Gud.</strong></span> <span class='ocrx_word' id='word_1_176' title='bbox 1102 2852 1154 2892; x_wconf 86' lang='lat' dir='ltr'><strong>et</strong></span> <span class='ocrx_word' id='word_1_177' title='bbox 1179 2840 1341 2892; x_wconf 83' lang='lat' dir='ltr'><strong>Goth.</strong></span> <span class='ocrx_word' id='word_1_178' title='bbox 1365 2839 1490 2892; x_wconf 82' lang='lat' dir='ltr'><strong>duo.</strong></span> 
     </span>
    </p>
   </div>
   <div class='ocr_carea' id='block_1_20' title="bbox 1449 2907 2220 2964">
    <p class='ocr_par' dir='ltr' id='par_1_23' title="bbox 1449 2907 2220 2964">
     <span class='ocr_line' id='line_1_33' title="bbox 1449 2907 2220 2964; baseline -0.004 0"><span class='ocrx_word' id='word_1_179' title='bbox 1449 2907 1551 2964; x_wconf 78' lang='lat'><strong>174</strong></span> <span class='ocrx_word' id='word_1_180' title='bbox 1584 2911 1904 2961; x_wconf 73' lang='lat' dir='ltr'><strong>immerserit</strong></span> <span class='ocrx_word' id='word_1_181' title='bbox 1932 2908 2091 2960; x_wconf 84' lang='lat' dir='ltr'><strong>Goth.</strong></span> <span class='ocrx_word' id='word_1_182' title='bbox 2117 2926 2220 2961; x_wconf 79' lang='lat' dir='ltr'><strong>sec.</strong></span> 
     </span>
    </p>
   </div>
   <div class='ocr_carea' id='block_1_21' title="bbox 447 2560 2706 2700">
    <p class='ocr_par' dir='ltr' id='par_1_24' title="bbox 447 2560 2706 2700">
     <span class='ocr_line' id='line_1_34' title="bbox 1491 2560 2706 2630; baseline -0.004 -14"><span class='ocrx_word' id='word_1_183' title='bbox 1491 2565 1589 2617; x_wconf 85' lang='lat'><strong>165</strong></span> <span class='ocrx_word' id='word_1_184' title='bbox 1641 2564 1708 2614; x_wconf 91' lang='lat' dir='ltr'><strong>de</strong></span> <span class='ocrx_word' id='word_1_185' title='bbox 1743 2561 2090 2614; x_wconf 80' lang='lat' dir='ltr'><strong>Hemistichio</strong></span> <span class='ocrx_word' id='word_1_186' title='bbox 2134 2579 2166 2612; x_wconf 87' lang='lat' dir='ltr'><strong>a</strong></span> <span class='ocrx_word' id='word_1_187' title='bbox 2206 2572 2365 2630; x_wconf 79' lang='lat' dir='ltr'><strong>poeta</strong></span> <span class='ocrx_word' id='word_1_188' title='bbox 2388 2560 2534 2612; x_wconf 80' lang='lat' dir='ltr'><strong>inter</strong></span> <span class='ocrx_word' id='word_1_189' title='bbox 2563 2578 2706 2612; x_wconf 67' lang='lat' dir='ltr'><strong>recn-</strong></span> 
     </span>
     <span class='ocr_line' id='line_1_35' title="bbox 447 2628 1708 2700; baseline 0.004 -20"><span class='ocrx_word' id='word_1_190' title='bbox 447 2629 663 2681; x_wconf 81' lang='lat' dir='ltr'><strong>tandum</strong></span> <span class='ocrx_word' id='word_1_191' title='bbox 710 2628 913 2681; x_wconf 83' lang='lat' dir='ltr'><strong>adiecto</strong></span> <span class='ocrx_word' id='word_1_192' title='bbox 970 2630 1198 2683; x_wconf 74' lang='lat' dir='ltr'><strong>fabulam</strong></span> <span class='ocrx_word' id='word_1_193' title='bbox 1234 2631 1341 2683; x_wconf 80' lang='lat' dir='ltr'><strong>vid.</strong></span> <span class='ocrx_word' id='word_1_194' title='bbox 1383 2633 1528 2700; x_wconf 84' lang='lat' dir='ltr'><strong>apud</strong></span> <span class='ocrx_word' id='word_1_195' title='bbox 1563 2632 1708 2685; x_wconf 76' lang='lat' dir='ltr'><strong>Serv-</strong></span> 
     </span>
    </p>
   </div>
   <div class='ocr_carea' id='block_1_22' title="bbox 1850 2631 2707 2699">
    <p class='ocr_par' dir='ltr' id='par_1_25' title="bbox 1850 2631 2707 2699">
     <span class='ocr_line' id='line_1_36' title="bbox 1850 2631 2707 2699; baseline -0.005 -14"><span class='ocrx_word' id='word_1_196' title='bbox 1850 2634 1950 2687; x_wconf 84' lang='lat'><strong>168</strong></span> <span class='ocrx_word' id='word_1_197' title='bbox 1999 2633 2174 2683; x_wconf 73' lang='lat' dir='ltr'><strong>victor</strong></span> <span class='ocrx_word' id='word_1_198' title='bbox 2223 2634 2341 2683; x_wconf 79' lang='grc' dir='ltr'><strong>νιία</strong></span> <span class='ocrx_word' id='word_1_199' title='bbox 2379 2631 2589 2699; x_wconf 75' lang='lat' dir='ltr'><strong>aliquot</strong></span> <span class='ocrx_word' id='word_1_200' title='bbox 2619 2647 2707 2698; x_wconf 78' lang='lat' dir='ltr'><strong>ap.</strong></span> 
     </span>
    </p>
   </div>
   <div class='ocr_carea' id='block_1_23' title="bbox 1515 2699 2705 2756">
    <p class='ocr_par' dir='ltr' id='par_1_26' title="bbox 1515 2699 2705 2756">
     <span class='ocr_line' id='line_1_37' title="bbox 1515 2699 2705 2756; baseline -0.006 0"><span class='ocrx_word' id='word_1_201' title='bbox 1515 2704 1618 2756; x_wconf 88' lang='grc'><strong>170</strong></span> <span class='ocrx_word' id='word_1_202' title='bbox 1669 2701 1822 2753; x_wconf 79' lang='lat' dir='ltr'><strong>haud</strong></span> <span class='ocrx_word' id='word_1_203' title='bbox 1860 2703 1898 2753; x_wconf 84' lang='lat' dir='ltr'><strong>i.</strong></span> <span class='ocrx_word' id='word_1_204' title='bbox 1940 2701 2182 2753; x_wconf 72' lang='lat' dir='ltr'><strong>Parthas.</strong></span> <span class='ocrx_word' id='word_1_205' title='bbox 2251 2703 2530 2752; x_wconf 70' lang='lat' dir='ltr'><strong>e&#39;nteriora</strong></span> <span class='ocrx_word' id='word_1_206' title='bbox 2571 2699 2705 2750; x_wconf 69' lang='lat' dir='ltr'><strong>alter</strong></span> 
     </span>
    </p>
   </div>
   <div class='ocr_carea' id='block_1_24' title="bbox 1634 2768 2704 2908">
    <p class='ocr_par' dir='ltr' id='par_1_27' title="bbox 1634 2768 2704 2908">
     <span class='ocr_line' id='line_1_38' title="bbox 1986 2768 2702 2824; baseline -0.004 0"><span class='ocrx_word' id='word_1_207' title='bbox 1986 2772 2088 2824; x_wconf 77' lang='lat'><strong>172</strong></span> <span class='ocrx_word' id='word_1_208' title='bbox 2122 2770 2364 2821; x_wconf 75' lang='lat' dir='ltr'><strong>Veniens</strong></span> <span class='ocrx_word' id='word_1_209' title='bbox 2380 2783 2440 2820; x_wconf 72' lang='lat' dir='ltr'><strong>et</strong></span> <span class='ocrx_word' id='word_1_210' title='bbox 2470 2790 2516 2821; x_wconf 83' lang='lat' dir='ltr'><strong>c.</strong></span> <span class='ocrx_word' id='word_1_211' title='bbox 2543 2768 2702 2821; x_wconf 76' lang='lat' dir='ltr'><strong>Goth.</strong></span> 
     </span>
     <span class='ocr_line' id='line_1_39' title="bbox 1634 2837 2704 2908; baseline -0.006 -13"><span class='ocrx_word' id='word_1_212' title='bbox 1634 2841 1734 2895; x_wconf 81' lang='lat'><strong>173</strong></span> <span class='ocrx_word' id='word_1_213' title='bbox 1768 2842 1847 2892; x_wconf 75' lang='lat' dir='ltr'><strong>sic</strong></span> <span class='ocrx_word' id='word_1_214' title='bbox 1874 2858 1918 2891; x_wconf 87' lang='lat' dir='ltr'><strong>c.</strong></span> <span class='ocrx_word' id='word_1_215' title='bbox 1945 2837 2046 2908; x_wconf 70' lang='lat' dir='ltr'><strong>fas</strong></span> <span class='ocrx_word' id='word_1_216' title='bbox 2083 2850 2168 2889; x_wconf 77' lang='lat' dir='ltr'><strong>est</strong></span> <span class='ocrx_word' id='word_1_217' title='bbox 2203 2840 2308 2892; x_wconf 87' lang='lat' dir='ltr'><strong>duo</strong></span> <span class='ocrx_word' id='word_1_218' title='bbox 2335 2840 2493 2890; x_wconf 79' lang='lat' dir='ltr'><strong>Leid.</strong></span> <span class='ocrx_word' id='word_1_219' title='bbox 2567 2839 2704 2889; x_wconf 73' lang='lat' dir='ltr'><strong>idm</strong></span> 
     </span>
    </p>
   </div>
   <div class='ocr_carea' id='block_1_25' title="bbox 2325 2910 2706 2964">
    <p class='ocr_par' dir='ltr' id='par_1_28' title="bbox 2325 2910 2706 2964">
     <span class='ocr_line' id='line_1_40' title="bbox 2325 2910 2706 2964; baseline -0.008 0"><span class='ocrx_word' id='word_1_220' title='bbox 2325 2944 2328 2947; x_wconf 84' lang='lat'><em>-</em></span> <span class='ocrx_word' id='word_1_221' title='bbox 2366 2910 2472 2964; x_wconf 83' lang='lat'><strong>17⁵</strong></span> <span class='ocrx_word' id='word_1_222' title='bbox 2507 2911 2706 2961; x_wconf 69' lang='lat' dir='ltr'><strong>eirea-</strong></span> 
     </span>
    </p>
   </div>
   <div class='ocr_carea' id='block_1_26' title="bbox 451 2975 2062 3047">
    <p class='ocr_par' dir='ltr' id='par_1_29' title="bbox 451 2975 2062 3047">
     <span class='ocr_line' id='line_1_41' title="bbox 451 2975 2062 3047; baseline 0 -18"><span class='ocrx_word' id='word_1_223' title='bbox 451 2994 650 3047; x_wconf 78' lang='lat' dir='ltr'><strong>magno</strong></span> <span class='ocrx_word' id='word_1_224' title='bbox 673 2975 930 3030; x_wconf 68' lang='lat' dir='ltr'><strong>Moutalb.</strong></span> <span class='ocrx_word' id='word_1_225' title='bbox 1000 2980 1102 3047; x_wconf 83' lang='lat'><strong>(-</strong></span> <span class='ocrx_word' id='word_1_226' title='bbox 1118 2981 1236 3034; x_wconf 87' lang='lat'><strong>176.</strong></span> <span class='ocrx_word' id='word_1_227' title='bbox 1272 2978 1377 3030; x_wconf 74' lang='lat' dir='ltr'><strong>vid.</strong></span> <span class='ocrx_word' id='word_1_228' title='bbox 1405 2981 1475 3032; x_wconf 85' lang='lat' dir='ltr'><strong>v.</strong></span> <span class='ocrx_word' id='word_1_229' title='bbox 1502 2979 1563 3032; x_wconf 77' lang='grc' dir='ltr'><strong>ι..</strong></span> <span class='ocrx_word' id='word_1_230' title='bbox 1590 2979 1660 3031; x_wconf 71' lang='lat' dir='ltr'><strong>aa</strong></span> <span class='ocrx_word' id='word_1_231' title='bbox 1685 2997 1762 3032; x_wconf 66' lang='lat' dir='ltr'><strong>vs.</strong></span> <span class='ocrx_word' id='word_1_232' title='bbox 1791 2981 1878 3033; x_wconf 75' lang='grc' dir='ltr'><strong>ιο.</strong></span> <span class='ocrx_word' id='word_1_233' title='bbox 1914 2978 2062 3045; x_wconf 78' lang='lat' dir='ltr'><strong>Wr.)</strong></span> 
     </span>
    </p>
   </div>
   <div class='ocr_carea' id='block_1_27' title="bbox 453 3152 1559 3228">
    <p class='ocr_par' dir='ltr' id='par_1_30' title="bbox 453 3152 1559 3228">
     <span class='ocr_line' id='line_1_42' title="bbox 453 3152 1559 3228; baseline 0.002 -17"><span class='ocrx_word' id='word_1_234' title='bbox 453 3161 654 3211; x_wconf 86' lang='lat' dir='ltr'><strong>terum</strong></span> <span class='ocrx_word' id='word_1_235' title='bbox 695 3152 912 3228; x_wconf 88' lang='lat' dir='ltr'><strong>miror,</strong></span> <span class='ocrx_word' id='word_1_236' title='bbox 968 3172 1079 3212; x_wconf 88' lang='lat' dir='ltr'><strong>cur</strong></span> <span class='ocrx_word' id='word_1_237' title='bbox 1118 3173 1243 3212; x_wconf 89' lang='lat' dir='ltr'><strong>non</strong></span> <span class='ocrx_word' id='word_1_238' title='bbox 1274 3153 1341 3213; x_wconf 89' lang='lat' dir='ltr'><strong>in</strong></span> <span class='ocrx_word' id='word_1_239' title='bbox 1377 3154 1559 3213; x_wconf 83' lang='lat' dir='ltr'><strong>Pali--</strong></span> 
     </span>
    </p>
   </div>
   <div class='ocr_carea' id='block_1_28' title="bbox 454 3237 1546 4348">
    <p class='ocr_par' dir='ltr' id='par_1_31' title="bbox 454 3237 1545 4162">
     <span class='ocr_line' id='line_1_43' title="bbox 454 3237 1540 3318; baseline 0.003 -23"><span class='ocrx_word' id='word_1_240' title='bbox 454 3237 596 3296; x_wconf 88' lang='lat' dir='ltr'><strong>nuri</strong></span> <span class='ocrx_word' id='word_1_241' title='bbox 639 3237 1007 3318; x_wconf 76' lang='lat' dir='ltr'><strong>insepultum</strong></span> <span class='ocrx_word' id='word_1_242' title='bbox 1047 3258 1264 3318; x_wconf 81' lang='lat' dir='ltr'><strong>corpus</strong></span> <span class='ocrx_word' id='word_1_243' title='bbox 1307 3240 1540 3300; x_wconf 81' lang='lat' dir='ltr'><strong>incidat</strong></span> 
     </span>
     <span class='ocr_line' id='line_1_44' title="bbox 454 3320 1538 3402; baseline 0.004 -22"><span class='ocrx_word' id='word_1_244' title='bbox 454 3320 688 3381; x_wconf 81' lang='lat' dir='ltr'><strong>Aeneae</strong></span> <span class='ocrx_word' id='word_1_245' title='bbox 749 3324 1073 3402; x_wconf 86' lang='lat' dir='ltr'><strong>cogitatio;</strong></span> <span class='ocrx_word' id='word_1_246' title='bbox 1153 3345 1273 3400; x_wconf 87' lang='lat' dir='ltr'><strong>qua</strong></span> <span class='ocrx_word' id='word_1_247' title='bbox 1335 3335 1538 3384; x_wconf 86' lang='lat' dir='ltr'><strong>tamen</strong></span> 
     </span>
     <span class='ocr_line' id='line_1_45' title="bbox 454 3408 1540 3492; baseline 0.004 -25"><span class='ocrx_word' id='word_1_248' title='bbox 454 3408 622 3467; x_wconf 86' lang='lat' dir='ltr'><strong>nulla</strong></span> <span class='ocrx_word' id='word_1_249' title='bbox 653 3408 822 3488; x_wconf 88' lang='lat' dir='ltr'><strong>prior</strong></span> <span class='ocrx_word' id='word_1_250' title='bbox 851 3428 974 3468; x_wconf 80' lang='lat' dir='ltr'><strong>ease</strong></span> <span class='ocrx_word' id='word_1_251' title='bbox 1000 3409 1272 3470; x_wconf 79' lang='lat' dir='ltr'><strong>debebat.</strong></span> <span class='ocrx_word' id='word_1_252' title='bbox 1338 3409 1540 3492; x_wconf 84' lang='lat' dir='ltr'><strong>(Nulla</strong></span> 
     </span>
     <span class='ocr_line' id='line_1_46' title="bbox 455 3494 1539 3576; baseline 0.002 -24"><span class='ocrx_word' id='word_1_253' title='bbox 455 3494 577 3552; x_wconf 87' lang='lat' dir='ltr'><strong>iam</strong></span> <span class='ocrx_word' id='word_1_254' title='bbox 622 3501 711 3551; x_wconf 80' lang='lat' dir='ltr'><strong>est</strong></span> <span class='ocrx_word' id='word_1_255' title='bbox 753 3494 1015 3555; x_wconf 86' lang='lat' dir='ltr'><strong>mirandi</strong></span> <span class='ocrx_word' id='word_1_256' title='bbox 1056 3516 1234 3555; x_wconf 81' lang='lat' dir='ltr'><strong>causa</strong></span> <span class='ocrx_word' id='word_1_257' title='bbox 1270 3507 1409 3576; x_wconf 84' lang='lat' dir='ltr'><strong>post</strong></span> <span class='ocrx_word' id='word_1_258' title='bbox 1451 3516 1539 3573; x_wconf 86' lang='lat' dir='ltr'><strong>ea,</strong></span> 
     </span>
     <span class='ocr_line' id='line_1_47' title="bbox 457 3578 1541 3664; baseline 0.005 -27"><span class='ocrx_word' id='word_1_259' title='bbox 457 3598 611 3658; x_wconf 85' lang='lat' dir='ltr'><strong>quae</strong></span> <span class='ocrx_word' id='word_1_260' title='bbox 647 3578 829 3638; x_wconf 88' lang='lat' dir='ltr'><strong>modo</strong></span> <span class='ocrx_word' id='word_1_261' title='bbox 876 3581 1100 3660; x_wconf 84' lang='lat' dir='ltr'><strong>scripsi.</strong></span> <span class='ocrx_word' id='word_1_262' title='bbox 1157 3581 1328 3664; x_wconf 85' lang='lat' dir='ltr'><strong>Wr.)</strong></span> <span class='ocrx_word' id='word_1_263' title='bbox 1414 3581 1541 3642; x_wconf 75' lang='lat' dir='ltr'><strong>Nisi</strong></span> 
     </span>
     <span class='ocr_line' id='line_1_48' title="bbox 461 3663 1539 3748; baseline 0.005 -26"><span class='ocrx_word' id='word_1_264' title='bbox 461 3663 627 3743; x_wconf 88' lang='lat' dir='ltr'><strong>quod</strong></span> <span class='ocrx_word' id='word_1_265' title='bbox 650 3663 856 3723; x_wconf 85' lang='lat' dir='ltr'><strong>Miseni</strong></span> <span class='ocrx_word' id='word_1_266' title='bbox 881 3666 1140 3728; x_wconf 86' lang='lat' dir='ltr'><strong>cadaver</strong></span> <span class='ocrx_word' id='word_1_267' title='bbox 1172 3668 1237 3727; x_wconf 87' lang='lat' dir='ltr'><strong>in</strong></span> <span class='ocrx_word' id='word_1_268' title='bbox 1261 3669 1539 3748; x_wconf 81' lang='lat' dir='ltr'><strong>proximo</strong></span> 
     </span>
     <span class='ocr_line' id='line_1_49' title="bbox 457 3750 1543 3831; baseline 0.004 -22"><span class='ocrx_word' id='word_1_269' title='bbox 457 3750 665 3810; x_wconf 85' lang='lat' dir='ltr'><strong>littore</strong></span> <span class='ocrx_word' id='word_1_270' title='bbox 705 3750 858 3809; x_wconf 86' lang='lat' dir='ltr'><strong>iacet</strong></span> <span class='ocrx_word' id='word_1_271' title='bbox 873 3796 894 3829; x_wconf 88' lang='lat'>,</span> <span class='ocrx_word' id='word_1_272' title='bbox 952 3753 1194 3831; x_wconf 88' lang='lat' dir='ltr'><strong>eiusque</strong></span> <span class='ocrx_word' id='word_1_273' title='bbox 1236 3754 1543 3818; x_wconf 78' lang='lat' dir='ltr'><strong>celebritas</strong></span> 
     </span>
     <span class='ocr_line' id='line_1_50' title="bbox 460 3836 1543 3920; baseline 0.004 -24"><span class='ocrx_word' id='word_1_274' title='bbox 460 3836 578 3897; x_wconf 83' lang='lat' dir='ltr'><strong>fuit</strong></span> <span class='ocrx_word' id='word_1_275' title='bbox 626 3856 834 3915; x_wconf 81' lang='lat' dir='ltr'><strong>magna</strong></span> <span class='ocrx_word' id='word_1_276' title='bbox 884 3848 1136 3918; x_wconf 85' lang='lat' dir='ltr'><strong>propter</strong></span> <span class='ocrx_word' id='word_1_277' title='bbox 1179 3850 1543 3920; x_wconf 86' lang='lat' dir='ltr'><strong>promonto-</strong></span> 
     </span>
     <span class='ocr_line' id='line_1_51' title="bbox 460 3921 1545 4004; baseline 0.002 -21"><span class='ocrx_word' id='word_1_278' title='bbox 460 3922 621 3983; x_wconf 87' lang='lat' dir='ltr'><strong>rium</strong></span> <span class='ocrx_word' id='word_1_279' title='bbox 651 3921 726 3982; x_wconf 83' lang='lat' dir='ltr'><strong>ab</strong></span> <span class='ocrx_word' id='word_1_280' title='bbox 754 3941 824 3981; x_wconf 89' lang='lat' dir='ltr'><strong>eo</strong></span> <span class='ocrx_word' id='word_1_281' title='bbox 853 3925 1230 4004; x_wconf 84' lang='lat' dir='ltr'><strong>appellatum.</strong></span> <span class='ocrx_word' id='word_1_282' title='bbox 1314 3926 1400 3985; x_wconf 90' lang='lat' dir='ltr'><strong>De</strong></span> <span class='ocrx_word' id='word_1_283' title='bbox 1423 3925 1545 3985; x_wconf 82' lang='lat' dir='ltr'><strong>Mi-</strong></span> 
     </span>
     <span class='ocr_line' id='line_1_52' title="bbox 463 4008 1543 4079; baseline 0.005 -11"><span class='ocrx_word' id='word_1_284' title='bbox 463 4028 605 4068; x_wconf 79' lang='lat' dir='ltr'><strong>seno</strong></span> <span class='ocrx_word' id='word_1_285' title='bbox 653 4008 927 4069; x_wconf 81' lang='lat' dir='ltr'><strong>tubicine</strong></span> <span class='ocrx_word' id='word_1_286' title='bbox 968 4010 1092 4079; x_wconf 81' lang='lat' dir='ltr'><strong>vid.</strong></span> <span class='ocrx_word' id='word_1_287' title='bbox 1138 4012 1395 4072; x_wconf 74' lang='lat' dir='ltr'><strong>Excurs.</strong></span> <span class='ocrx_word' id='word_1_288' title='bbox 1434 4012 1543 4073; x_wconf 87' lang='lat' dir='ltr'><strong>VH</strong></span> 
     </span>
     <span class='ocr_line' id='line_1_53' title="bbox 464 4094 831 4162; baseline 0.005 -9"><span class='ocrx_word' id='word_1_289' title='bbox 464 4094 544 4154; x_wconf 87' lang='lat' dir='ltr'><strong>ad</strong></span> <span class='ocrx_word' id='word_1_290' title='bbox 578 4113 639 4154; x_wconf 80' lang='lat' dir='ltr'><strong>v.</strong></span> <span class='ocrx_word' id='word_1_291' title='bbox 691 4099 831 4162; x_wconf 77' lang='lat'><strong>162.</strong></span> 
     </span>
    </p>

    <p class='ocr_par' dir='ltr' id='par_1_32' title="bbox 464 4181 1546 4348">
     <span class='ocr_line' id='line_1_54' title="bbox 554 4181 1544 4258; baseline 0.001 -16"><span class='ocrx_word' id='word_1_292' title='bbox 554 4183 695 4245; x_wconf 89' lang='lat'><strong>170.</strong></span> <span class='ocrx_word' id='word_1_293' title='bbox 759 4181 1201 4258; x_wconf 76' lang='lat' dir='ltr'><strong>non,1&#39;nferiora</strong></span> <span class='ocrx_word' id='word_1_294' title='bbox 1255 4205 1310 4242; x_wconf 73' lang='lat' dir='ltr'><strong>e.</strong></span> <span class='ocrx_word' id='word_1_295' title='bbox 1363 4183 1544 4243; x_wconf 85' lang='lat' dir='ltr'><strong>docte</strong></span> 
     </span>
     <span class='ocr_line' id='line_1_55' title="bbox 464 4264 1546 4348; baseline 0.006 -27"><span class='ocrx_word' id='word_1_296' title='bbox 464 4272 528 4321; x_wconf 84' lang='lat' dir='ltr'><strong>et</strong></span> <span class='ocrx_word' id='word_1_297' title='bbox 557 4264 924 4326; x_wconf 85' lang='lat' dir='ltr'><strong>Graecorum</strong></span> <span class='ocrx_word' id='word_1_298' title='bbox 952 4286 1155 4344; x_wconf 89' lang='lat' dir='ltr'><strong>more,</strong></span> <span class='ocrx_word' id='word_1_299' title='bbox 1193 4288 1341 4348; x_wconf 85' lang='lat' dir='ltr'><strong>pro,</strong></span> <span class='ocrx_word' id='word_1_300' title='bbox 1382 4269 1546 4328; x_wconf 80' lang='lat' dir='ltr'><strong>inse-</strong></span> 
     </span>
    </p>
   </div>
   <div class='ocr_carea' id='block_1_29' title="bbox 464 4346 1540 4435">
    <p class='ocr_par' dir='ltr' id='par_1_33' title="bbox 464 4346 1540 4435">
     <span class='ocr_line' id='line_1_56' title="bbox 464 4346 1540 4435; baseline 0.012 -28"><span class='ocrx_word' id='word_1_301' title='bbox 464 4349 684 4409; x_wconf 84' lang='lat' dir='ltr'><strong>riorem</strong></span> <span class='ocrx_word' id='word_1_302' title='bbox 696 4394 715 4427; x_wconf 88' lang='lat'><em>,</em></span> <span class='ocrx_word' id='word_1_303' title='bbox 746 4347 821 4415; x_wconf 76' lang='grc' dir='ltr'><strong>τοὶ</strong></span> <span class='ocrx_word' id='word_1_304' title='bbox 837 4346 1009 4433; x_wconf 77' lang='grc' dir='ltr'><strong><em>’ἥττω</em></strong></span> <span class='ocrx_word' id='word_1_305' title='bbox 1031 4373 1144 4434; x_wconf 87' lang='lat' dir='ltr'><strong>pro</strong></span> <span class='ocrx_word' id='word_1_306' title='bbox 1171 4351 1275 4419; x_wconf 77' lang='grc' dir='ltr'><strong>τὸν</strong></span> <span class='ocrx_word' id='word_1_307' title='bbox 1296 4351 1540 4435; x_wconf 78' lang='grc' dir='ltr'><strong>ἥττονα.</strong></span> 
     </span>
    </p>
   </div>
   <div class='ocr_carea' id='block_1_30' title="bbox 1619 3154 2718 4436">
    <p class='ocr_par' dir='ltr' id='par_1_34' title="bbox 1619 3154 2718 4436">
     <span class='ocr_line' id='line_1_57' title="bbox 1619 3154 2710 3233; baseline -0.005 -17"><span class='ocrx_word' id='word_1_308' title='bbox 1619 3155 1877 3216; x_wconf 79' lang='lat' dir='ltr'><strong>Aeneam</strong></span> <span class='ocrx_word' id='word_1_309' title='bbox 1905 3154 2150 3214; x_wconf 84' lang='lat' dir='ltr'><strong>Hectori</strong></span> <span class='ocrx_word' id='word_1_310' title='bbox 2191 3154 2548 3233; x_wconf 81' lang='lat' dir='ltr'><strong>aequiparat</strong></span> <span class='ocrx_word' id='word_1_311' title='bbox 2565 3197 2583 3228; x_wconf 90' lang='lat'>,</span> <span class='ocrx_word' id='word_1_312' title='bbox 2640 3163 2710 3211; x_wconf 76' lang='lat' dir='ltr'><strong>ut</strong></span> 
     </span>
     <span class='ocr_line' id='line_1_58' title="bbox 1621 3240 2710 3317; baseline -0.002 -17"><span class='ocrx_word' id='word_1_313' title='bbox 1621 3242 1730 3300; x_wconf 86' lang='lat' dir='ltr'><strong>inf.</strong></span> <span class='ocrx_word' id='word_1_314' title='bbox 1780 3240 1887 3317; x_wconf 83' lang='lat' dir='ltr'><strong>XI,</strong></span> <span class='ocrx_word' id='word_1_315' title='bbox 1952 3244 2078 3305; x_wconf 81' lang='lat'><strong>289</strong></span> <span class='ocrx_word' id='word_1_316' title='bbox 2141 3249 2203 3299; x_wconf 83' lang='lat' dir='ltr'><strong>et</strong></span> <span class='ocrx_word' id='word_1_317' title='bbox 2266 3240 2343 3299; x_wconf 84' lang='lat' dir='ltr'><strong>al.</strong></span> <span class='ocrx_word' id='word_1_318' title='bbox 2394 3242 2473 3300; x_wconf 77' lang='lat' dir='ltr'><strong>cs.</strong></span> <span class='ocrx_word' id='word_1_319' title='bbox 2539 3241 2710 3299; x_wconf 74' lang='lat' dir='ltr'><strong>Serv.</strong></span> 
     </span>
     <span class='ocr_line' id='line_1_59' title="bbox 1621 3325 2714 3407; baseline 0 -22"><span class='ocrx_word' id='word_1_320' title='bbox 1621 3327 1768 3386; x_wconf 76' lang='lat' dir='ltr'><strong>Mox.</strong></span> <span class='ocrx_word' id='word_1_321' title='bbox 1816 3326 2281 3391; x_wconf 78' lang='lat' dir='ltr'><strong>171.-concham</strong></span> <span class='ocrx_word' id='word_1_322' title='bbox 2318 3326 2531 3407; x_wconf 83' lang='lat' dir='ltr'><strong>paullo</strong></span> <span class='ocrx_word' id='word_1_323' title='bbox 2587 3325 2714 3385; x_wconf 82' lang='lat' dir='ltr'><strong>du-</strong></span> 
     </span>
     <span class='ocr_line' id='line_1_60' title="bbox 1621 3411 2712 3491; baseline -0.002 -20"><span class='ocrx_word' id='word_1_324' title='bbox 1621 3412 1747 3472; x_wconf 80' lang='lat' dir='ltr'><strong>rius</strong></span> <span class='ocrx_word' id='word_1_325' title='bbox 1796 3431 1908 3491; x_wconf 86' lang='lat' dir='ltr'><strong>pro</strong></span> <span class='ocrx_word' id='word_1_326' title='bbox 1964 3411 2113 3471; x_wconf 85' lang='lat' dir='ltr'><strong>tuba</strong></span> <span class='ocrx_word' id='word_1_327' title='bbox 2154 3412 2247 3471; x_wconf 84' lang='lat' dir='ltr'><strong>vel</strong></span> <span class='ocrx_word' id='word_1_328' title='bbox 2287 3412 2441 3472; x_wconf 81' lang='lat' dir='ltr'><strong>lituo</strong></span> <span class='ocrx_word' id='word_1_329' title='bbox 2486 3413 2712 3491; x_wconf 72' lang='lat' dir='ltr'><strong>posuit.</strong></span> 
     </span>
     <span class='ocr_line' id='line_1_61' title="bbox 1619 3496 2714 3579; baseline 0 -23"><span class='ocrx_word' id='word_1_330' title='bbox 1619 3497 1770 3557; x_wconf 86' lang='lat' dir='ltr'><strong>Nam</strong></span> <span class='ocrx_word' id='word_1_331' title='bbox 1799 3516 1911 3555; x_wconf 86' lang='lat' dir='ltr'><strong>nec</strong></span> <span class='ocrx_word' id='word_1_332' title='bbox 1945 3496 2007 3555; x_wconf 85' lang='lat' dir='ltr'><strong>in</strong></span> <span class='ocrx_word' id='word_1_333' title='bbox 2054 3499 2192 3556; x_wconf 76' lang='lat' dir='ltr'><strong>litui</strong></span> <span class='ocrx_word' id='word_1_334' title='bbox 2229 3496 2314 3573; x_wconf 84' lang='lat' dir='ltr'><strong>(v.</strong></span> <span class='ocrx_word' id='word_1_335' title='bbox 2363 3500 2515 3577; x_wconf 86' lang='lat'>167)</span> <span class='ocrx_word' id='word_1_336' title='bbox 2557 3518 2714 3579; x_wconf 82' lang='lat' dir='ltr'><strong>pro-</strong></span> 
     </span>
     <span class='ocr_line' id='line_1_62' title="bbox 1623 3582 2715 3664; baseline -0.001 -21"><span class='ocrx_word' id='word_1_337' title='bbox 1623 3584 1881 3664; x_wconf 78' lang='lat' dir='ltr'><strong>prietate</strong></span> <span class='ocrx_word' id='word_1_338' title='bbox 1948 3591 2038 3642; x_wconf 75' lang='lat' dir='ltr'><strong>est</strong></span> <span class='ocrx_word' id='word_1_339' title='bbox 2103 3582 2497 3642; x_wconf 87' lang='lat' dir='ltr'><strong>haerendum.</strong></span> <span class='ocrx_word' id='word_1_340' title='bbox 2615 3584 2715 3642; x_wconf 77' lang='lat' dir='ltr'><strong>Sic</strong></span> 
     </span>
     <span class='ocr_line' id='line_1_63' title="bbox 1624 3668 2712 3748; baseline -0.001 -19"><span class='ocrx_word' id='word_1_341' title='bbox 1624 3672 1844 3729; x_wconf 76' lang='lat' dir='ltr'><strong>lituum</strong></span> <span class='ocrx_word' id='word_1_342' title='bbox 1898 3677 1958 3727; x_wconf 88' lang='lat' dir='ltr'><strong>et</strong></span> <span class='ocrx_word' id='word_1_343' title='bbox 2005 3668 2212 3727; x_wconf 64' lang='lat' dir='ltr'><strong>naham</strong></span> <span class='ocrx_word' id='word_1_344' title='bbox 2270 3689 2504 3748; x_wconf 81' lang='lat' dir='ltr'><strong>paucos</strong></span> <span class='ocrx_word' id='word_1_345' title='bbox 2551 3672 2712 3730; x_wconf 73' lang='lat' dir='ltr'><strong>intra</strong></span> 
     </span>
     <span class='ocr_line' id='line_1_64' title="bbox 1624 3756 2712 3816; baseline 0 -1"><span class='ocrx_word' id='word_1_346' title='bbox 1624 3775 1834 3816; x_wconf 81' lang='lat' dir='ltr'><strong>versus</strong></span> <span class='ocrx_word' id='word_1_347' title='bbox 1864 3762 2153 3814; x_wconf 86' lang='lat' dir='ltr'><strong>memorat</strong></span> <span class='ocrx_word' id='word_1_348' title='bbox 2181 3756 2407 3814; x_wconf 76' lang='lat' dir='ltr'><strong>Statius</strong></span> <span class='ocrx_word' id='word_1_349' title='bbox 2422 3757 2508 3815; x_wconf 74' lang='lat' dir='ltr'><strong>vl</strong></span> <span class='ocrx_word' id='word_1_350' title='bbox 2522 3756 2712 3815; x_wconf 81' lang='lat' dir='ltr'><strong>Theb.</strong></span> 
     </span>
     <span class='ocr_line' id='line_1_65' title="bbox 1628 3839 2715 3908; baseline -0.006 0"><span class='ocrx_word' id='word_1_351' title='bbox 1628 3845 1772 3908; x_wconf 83' lang='lat'><strong>120.</strong></span> <span class='ocrx_word' id='word_1_352' title='bbox 1804 3843 1944 3904; x_wconf 81' lang='lat'><strong>128.</strong></span> <span class='ocrx_word' id='word_1_353' title='bbox 2040 3839 2388 3899; x_wconf 80' lang='lat' dir='ltr'><strong>Tuhicinem</strong></span> <span class='ocrx_word' id='word_1_354' title='bbox 2410 3842 2715 3902; x_wconf 66' lang='lat' dir='ltr'><strong>Misenum</strong></span> 
     </span>
     <span class='ocr_line' id='line_1_66' title="bbox 1626 3926 2716 4007; baseline 0 -21"><span class='ocrx_word' id='word_1_355' title='bbox 1626 3939 1808 3987; x_wconf 81' lang='lat' dir='ltr'><strong>vocat</strong></span> <span class='ocrx_word' id='word_1_356' title='bbox 1831 3927 2100 4007; x_wconf 86' lang='lat' dir='ltr'><strong>Propert.</strong></span> <span class='ocrx_word' id='word_1_357' title='bbox 2126 3926 2226 3999; x_wconf 87' lang='grc' dir='ltr'><strong>ΙΙΙ,</strong></span> <span class='ocrx_word' id='word_1_358' title='bbox 2270 3928 2371 4001; x_wconf 87' lang='grc'><strong>18,</strong></span> <span class='ocrx_word' id='word_1_359' title='bbox 2407 3934 2468 3992; x_wconf 85' lang='grc'><strong>3.</strong></span> <span class='ocrx_word' id='word_1_360' title='bbox 2543 3931 2716 3987; x_wconf 63' lang='lat' dir='ltr'><strong>Lid-</strong></span> 
     </span>
     <span class='ocr_line' id='line_1_67' title="bbox 1624 4011 2714 4090; baseline 0.003 -19"><span class='ocrx_word' id='word_1_361' title='bbox 1624 4016 1817 4077; x_wconf 76' lang='lat' dir='ltr'><strong>cinem</strong></span> <span class='ocrx_word' id='word_1_362' title='bbox 1853 4015 2008 4081; x_wconf 69' lang='lat' dir='ltr'><strong>Stat.</strong></span> <span class='ocrx_word' id='word_1_363' title='bbox 2037 4011 2120 4074; x_wconf 87' lang='lat' dir='ltr'><strong>lv</strong></span> <span class='ocrx_word' id='word_1_364' title='bbox 2166 4012 2312 4071; x_wconf 83' lang='lat' dir='ltr'><strong>Silv.</strong></span> <span class='ocrx_word' id='word_1_365' title='bbox 2365 4019 2428 4090; x_wconf 88' lang='lat'><strong>7,</strong></span> <span class='ocrx_word' id='word_1_366' title='bbox 2483 4019 2583 4081; x_wconf 86' lang='lat'><strong>19.</strong></span> <span class='ocrx_word' id='word_1_367' title='bbox 2641 4015 2714 4073; x_wconf 78' lang='lat' dir='ltr'><strong>cf.</strong></span> 
     </span>
     <span class='ocr_line' id='line_1_68' title="bbox 1624 4084 2716 4178; baseline 0.006 -21"><span class='ocrx_word' id='word_1_368' title='bbox 1624 4098 1835 4159; x_wconf 70' lang='lat' dir='ltr'><strong>Cerdo.</strong></span> <span class='ocrx_word' id='word_1_369' title='bbox 1892 4100 2130 4157; x_wconf 74' lang='lat' dir='ltr'><strong>demens</strong></span> <span class='ocrx_word' id='word_1_370' title='bbox 2151 4084 2540 4161; x_wconf 68' lang='lat' dir='ltr'><strong>Homericum</strong></span> <span class='ocrx_word' id='word_1_371' title='bbox 2575 4098 2716 4178; x_wconf 68' lang='lat' dir='ltr'><strong>Nvi-</strong></span> 
     </span>
     <span class='ocr_line' id='line_1_69' title="bbox 1624 4185 2716 4267; baseline -0.003 -20"><span class='ocrx_word' id='word_1_372' title='bbox 1624 4186 1805 4259; x_wconf 69' lang='lat' dir='ltr'><strong>mog!</strong></span> <span class='ocrx_word' id='word_1_373' title='bbox 1858 4185 2023 4245; x_wconf 86' lang='lat' dir='ltr'><strong>Iliad.</strong></span> <span class='ocrx_word' id='word_1_374' title='bbox 2067 4187 2131 4266; x_wconf 83' lang='grc' dir='ltr'><strong>β,</strong></span> <span class='ocrx_word' id='word_1_375' title='bbox 2186 4187 2268 4249; x_wconf 83' lang='grc'><strong>88</strong></span> <span class='ocrx_word' id='word_1_376' title='bbox 2310 4196 2374 4245; x_wconf 88' lang='lat' dir='ltr'><strong>et</strong></span> <span class='ocrx_word' id='word_1_377' title='bbox 2416 4206 2591 4267; x_wconf 72' lang='lat' dir='ltr'><strong>saepe</strong></span> <span class='ocrx_word' id='word_1_378' title='bbox 2635 4186 2716 4244; x_wconf 76' lang='lat' dir='ltr'><strong>al.</strong></span> 
     </span>
     <span class='ocr_line' id='line_1_70' title="bbox 1627 4272 2718 4356; baseline 0.008 -27"><span class='ocrx_word' id='word_1_379' title='bbox 1627 4283 1939 4349; x_wconf 61' lang='lat' dir='ltr'><strong>exceptam»</strong></span> <span class='ocrx_word' id='word_1_380' title='bbox 1986 4272 2062 4331; x_wconf 83' lang='lat' dir='ltr'><strong>cf.</strong></span> <span class='ocrx_word' id='word_1_381' title='bbox 2114 4290 2246 4356; x_wconf 67' lang='lat' dir='ltr'><strong>app.</strong></span> <span class='ocrx_word' id='word_1_382' title='bbox 2304 4272 2404 4350; x_wconf 81' lang='grc' dir='ltr'><strong>ΠΙ,</strong></span> <span class='ocrx_word' id='word_1_383' title='bbox 2455 4277 2582 4337; x_wconf 78' lang='grc'><strong>332</strong></span> <span class='ocrx_word' id='word_1_384' title='bbox 2641 4281 2718 4330; x_wconf 73' lang='lat'><strong>¹²1</strong></span> 
     </span>
     <span class='ocr_line' id='line_1_71' title="bbox 1626 4355 2714 4436; baseline -0.004 -17"><span class='ocrx_word' id='word_1_385' title='bbox 1626 4355 2053 4436; x_wconf 67' lang='grc' dir='ltr'><strong><em>ὑποδέχεσθαι,</em></strong></span> <span class='ocrx_word' id='word_1_386' title='bbox 2079 4357 2326 4420; x_wconf 64' lang='lat' dir='ltr'><strong>insidiis.</strong></span> <span class='ocrx_word' id='word_1_387' title='bbox 2411 4359 2568 4419; x_wconf 73' lang='lat' dir='ltr'><strong>Puta</strong></span> <span class='ocrx_word' id='word_1_388' title='bbox 2589 4376 2714 4416; x_wconf 77' lang='lat' dir='ltr'><strong>an·</strong></span> 
     </span>
    </p>
   </div>
  </div>
 </body>
</html>
