2882 5028
491 327 646 398 390
868 315 2004 420 ‘ExcURsUs
2114 316 2150 389 1

494 530 620 572 sam
648 508 724 568 ab
757 506 941 567 Iliade
968 526 1156 586 parva
1177 551 1192 580 ,
1242 515 1306 565 et
1337 506 1587 567 eandem
1620 526 1760 566 cum
1785 506 2024 585 Cypriis
2066 506 2423 565 carminibus
2459 524 2571 564 esse
2603 525 2692 565 vo-

492 598 670 657 lebat.
755 594 894 652 Sine
942 593 1207 652 auctoris
1243 595 1486 654 nomine
1532 612 1664 652 eam
1700 593 1953 652 laudant
1996 592 2266 651 Clemens
2305 592 2467 651 Alex.
2504 602 2558 650 et
2588 593 2694 652 Vet.

494 681 697 742 Schol.
722 679 1025 759 Euripidis
1052 699 1145 758 ap.
1176 677 1411 739 Fabrie.
1441 680 1510 738 Β.
1543 680 1647 739 Gr.
1692 679 1760 738 Τ.
1807 677 1867 753 Ι,
1912 698 1970 757 p.
2013 682 2160 744 279.
2207 681 2352 755 280,
2397 688 2457 738 et
2490 679 2695 738 Panna.

494 768 578 828 111
604 774 758 826 extr.
789 774 848 825 et
875 766 954 839 X,
986 769 1093 830 26.
1179 768 1261 824 At
1285 766 1662 826 communior
1700 763 1998 824 sententia
2038 763 2118 823 ad
2161 763 2422 824 Leschen
2463 783 2580 823 eam
2616 782 2696 823 re-

492 854 656 914 tulit.
682 850 805 915 vid.
843 850 1077 910 Fabric.
1104 850 1251 914 ibid.
1277 872 1338 932 p.
1370 855 1513 928 180,
1546 852 1658 911 etsi
1687 850 1879 930 Ryck.
1903 870 1964 929 p.
1993 848 2140 927 444,
2186 851 2292 929 qui
2330 872 2389 931 p.
2425 849 2541 915 446
2579 871 2697 910 oon-

494 949 594 1001 tra
621 957 753 998 eam
785 937 1142 996 sententiam
1182 937 1490 1019 disputat,
1534 937 1639 997 sed
1681 934 1898 1016 cupide
1931 937 2115 1016 magis
2156 957 2339 1015 quam
2373 936 2611 1017 graviter
2645 956 2698 993 ac

493 1044 655 1085 vere.
742 1022 1003 1082 Lea-hes
1040 1024 1143 1082 hie
1171 1045 1224 1082 a.
1259 1023 1592 1099 Lesa-heus,
1639 1022 1952 1102 Λέσχεως,
1995 1020 2350 1102 Aeschyleni
2392 1044 2437 1082 s.
2467 1020 2698 1101 Aeschyli

494 1112 533 1171 s.
566 1109 827 1185 Lesbius,
870 1107 1105 1189 Pyrrha
1129 1109 1372 1170 civitate
1411 1109 1727 1183 oriundus,
1771 1107 1847 1167 ab
1877 1108 2090 1166 Euseb.
2121 1108 2367 1169 Hieron.
2397 1107 2474 1168 ad
2502 1109 2697 1188 Olymp.

493 1196 757 1257 XXXIII
779 1205 1177 1255 memoratur:
1222 1194 1484 1255 Lesa-hes
1511 1194 1760 1254 Lesbius
1780 1238 1798 1270 ,
1849 1194 2128 1274 quifieil
2154 1216 2423 1272 parvam
2455 1195 2696 1268 iliadem,

494 1291 568 1342 ut
592 1284 752 1342 inter
778 1281 1217 1358 antiquissimos
1242 1281 1392 1340 adeo
1433 1279 1749 1344 habendus
1773 1280 1869 1339 sit.
1957 1279 2233 1339 Eundem
2273 1281 2339 1339 in
2381 1282 2575 1340 multis
2613 1300 2701 1339 ex-

493 1368 711 1448 pressit
735 1377 951 1426 auctor
978 1366 1242 1427 Tabulae
1270 1368 1512 1442 lliacae‚
1559 1366 1700 1427 olim
1731 1365 1795 1424 in
1835 1365 2059 1445 palatio
2106 1367 2298 1445 gentis
2344 1367 2418 1425 de
2459 1368 2696 1445 Spagna,

493 1454 746 1514 nuncin
774 1452 1066 1534 Capitolio
1098 1463 1400 1529 servatae,
1445 1472 1627 1531 quam
1659 1472 1694 1510 a
1735 1448 2025 1511 Fabi-etto
2069 1453 2378 1531 vulgatam
2416 1453 2489 1511 ad
2525 1453 2702 1511 calcem
2801 1489 2802 1512 ι

495 1543 815 1619 Synlagm.
868 1540 942 1596 de
988 1539 1285 1598 Columna
1334 1541 1598 1599 Traiani
1632 1537 1840 1597 videre
1879 1537 2019 1596 licet
2062 1557 2121 1616 p.
2164 1541 2308 1604 815.
2370 1556 2622 1616 nuncque
2653 1536 2702 1595 in
2801 1533 2802 1546 ¹

493 1624 699 1685 Museo
737 1624 988 1704 Capitol.
1032 1625 1202 1686 Tom.
1251 1624 1349 1685 1v.
1388 1633 1436 1684 t.
1481 1628 1584 1689 68.
1671 1622 2062 1703 Adscriptum
2109 1642 2352 1702 quoque
2396 1625 2454 1684 in
2494 1625 2583 1683 illa
2615 1632 2704 1680 est:

488 1705 665 1785 Ἰλιοές
718 1705 904 1792 μικροὶ
965 1710 1256 1792 λεγομένη
1304 1705 1458 1773 κατὰ
1508 1708 1752 1790 Λέσχην
1796 1710 2136 1790 Πυρῤαἴον.
2224 1710 2417 1770 Etiam
2456 1710 2703 1784 Quintum

494 1800 889 1876 Smyrnaeum
914 1795 1151 1855 Lescliis
1172 1797 1431 1876 vestigiis
1462 1796 1746 1855 institisse
1772 1814 1968 1875 nuper
1997 1794 2208 1855 docuit
2231 1796 2314 1871 is,
2361 1816 2530 1876 quem
2562 1814 2705 1875 supra

492 1881 737 1943 laudavi
755 1927 772 1959 ,
826 1882 1097 1962 Tycham>
1115 1891 1319 1942 noster
1345 1882 1409 1942 in
1455 1883 1844 1942 commentat.
1875 1902 1933 1961 p.
1976 1884 2061 1945 28
2098 1902 2185 1959 sq.

663 2051 789 2111 lam
823 2051 1045 2130 prn'a
1067 2055 1379 2127 camina,
1433 2052 1619 2112 modo
1645 2061 2009 2124 memorata,
2049 2048 2125 2112 ταὶ
2168 2045 2424 2134 Κύπρια
2452 2053 2587 2132 ἔπη.
2633 2050 2704 2111 vel

495 2132 571 2198 toi
608 2130 888 2218 Κύπρια,
934 2137 1099 2217 apud
1135 2139 1387 2198 Aristot.
1430 2138 1508 2198 de
1546 2138 1712 2197 Poet.
1756 2158 1807 2198 c.
1847 2142 1929 2202 28
1969 2136 2177 2197 videas
2218 2158 2346 2197 una
2389 2160 2518 2198 cum
2560 2154 2704 2218 parva

494 2222 679 2282 lliade
708 2222 976 2299 laudata,
1021 2243 1143 2302 quo
1165 2225 1300 2303 ipso
1328 2224 1712 2284 manifestum
1741 2223 1845 2296 fit,
1891 2223 2127 2282 diversa
2160 2243 2229 2280 en
2256 2227 2520 2285 carmina
2545 2225 2707 2294 suism

494 2307 585 2369 uti
617 2328 693 2367 ex
729 2309 899 2369 Paus.
932 2311 1011 2384 X,
1042 2315 1128 2376 26
1154 2311 1359 2368 saltem
1388 2308 1508 2369 hoc
1529 2319 1733 2389 patet,
1791 2309 1867 2367 ab
1906 2308 2148 2369 Leschei
2183 2303 2366 2372 Ἰλίου
2414 2310 2601 2390 πέρσα
2634 2308 2706 2366 di-

497 2414 741 2453 versum
765 2415 915 2474 opus
947 2395 1141 2454 fuisse.
1221 2395 1527 2455 Videntur
1550 2415 1618 2454 ea
1653 2394 2172 2474 comprehendisse
2198 2399 2501 2458 anteriora
2537 2394 2706 2458 Iliadis.

496 2481 673 2540 Certe
699 2480 772 2539 ab
798 2480 1024 2542 Herod.
1056 2481 1127 2559 11,
1166 2485 1291 2547 117
1320 2501 1503 2563 super
1529 2481 1791 2542 Helenae
1818 2489 1998 2561 raptu
2027 2481 2396 2563 laudantur3
2440 2480 2706 2543 duodecim

496 2587 706 2627 versus
735 2566 809 2627 de
835 2566 1060 2627 Helena
1092 2586 1124 2626 e
1151 2568 1382 2628 Nemesi
1411 2578 1556 2628 nata
1580 2588 1673 2648 ap.
1704 2567 1922 2627 Athen.
1950 2568 2102 2643 Vlll,
2140 2589 2199 2648 p.
2232 2571 2365 2634 334
2399 2572 2462 2630 C.
2508 2578 2564 2628 et
2597 2585 2708 2628 ver-

497 2674 598 2714 sus
628 2672 705 2712 ex
733 2653 887 2712 libro
925 2654 1013 2713 xl
1040 2654 1116 2713 ab
1160 2653 1381 2715 Athen.
1425 2655 1561 2728 XV,
1599 2676 1658 2734 p.
1711 2657 1841 2722 682
1880 2654 1945 2712 Ε.
1995 2653 2066 2719 F.
2107 2657 2446 2735 exscriptos
2481 2656 2550 2714 ad
2583 2651 2709 2714 iudi·

498 2740 658 2799 cium
689 2738 920 2799 Paridis
945 2740 1336 2820 pertinuisse,
1379 2742 1552 2801 facile
1593 2739 1805 2818 aliquis
1848 2739 2210 2820 suspicetur:
2267 2751 2405 2801 tum
2450 2762 2584 2802 vero
2627 2757 2710 2820 pro

496 2824 564 2888 ἐν
613 2830 696 2908 τῷ
743 2818 808 2887 wi
848 2823 1018 2885 haud
1052 2826 1234 2887 dubie
1262 2827 1560 2907 scriptum
1601 2827 1717 2887 suit
1750 2825 1818 2888 ἐν
1853 2829 1936 2910 τῷ
1980 2820 2037 2887 ἆ.
2124 2825 2378 2904 Aliquot
2414 2848 2608 2889 versus
2641 2844 2712 2901 sp·

496 2910 702 2973 Schol.
729 2910 897 2995 Iliad.
929 2936 988 2986 α,
1023 2913 1062 2977 5
1093 2914 1469 2990 recitantur,
1510 2913 1616 2992 qui
1647 2932 1775 2972 non
1804 2911 1974 2989 longe
2004 2932 2035 2969 a
2065 2912 2364 2991 principio
2394 2916 2524 2974 libri
2551 2914 2710 2971 locum

494 2995 775 3065 habuisse
806 2996 1130 3075 videntum
1181 2999 1484 3058 emendati
1529 3019 1565 3056 a
1607 2997 1848 3057 doctiss.
1890 2992 2303 3078 Wass'enberg.
2355 3022 2411 3079 p.
2455 3000 2582 3072 134,
2618 2997 2713 3054 duo

497 3102 708 3144 versus
740 3081 816 3141 de
839 3080 1110 3141 Menelao
1153 3083 1230 3142 ad
1267 3084 1579 3144 Nestorem
1628 3083 1974 3144 devertente
2012 3093 2156 3143 sunt
2204 3086 2365 3163 apud
2409 3086 2631 3145 Suidsm
2664 3082 2709 3138 in

500 3164 700 3241 οἶνος,
743 3187 894 3246 quos
918 3168 1044 3226 sine
1070 3170 1352 3228 carminis
1382 3170 1625 3230 nomine
1652 3170 1899 3249 legimus
1926 3169 2089 3249 apud
2122 3169 2500 3232 Athenaeum
2537 3171 2623 3232 lib.
2655 3165 2709 3226 ll.

498 3273 593 3334 pr.
626 3263 716 3327 et,
769 3251 936 3330 quod
963 3252 1169 3313 triduo
1202 3255 1365 3314 Paris
1384 3257 1612 3335 Sparta
1640 3254 1882 3316 Troiam
1910 3255 2187 3332 redierit,
2233 3278 2311 3317 ex
2350 3259 2573 3338 Cypriis
2604 3274 2710 3313 car·

500 3338 760 3397 minibus
793 3337 972 3397 docet
998 3339 1274 3404 Eustath.
1321 3362 1380 3421 p.
1416 3346 1543 3407 663
1583 3340 1651 3400 Α.
1736 3342 2105 3421 Interspersa
2147 3363 2391 3422 quoque
2433 3353 2558 3404 erat
2596 3358 2710 3399 nar-

498 3424 658 3485 ratio
687 3423 763 3482 de
794 3424 1095 3484 Dioscuris
1119 3426 1513 3507 Leucippidas
1541 3427 1977 3487 abducentibus
2020 3439 2081 3488 et
2120 3449 2322 3508 pugna
2371 3453 2504 3490 cum
2543 3424 2710 3507 Apha-

498 3510 742 3584 refluis,
786 3518 858 3569 ut
888 3509 1112 3570 discere
1143 3512 1282 3573 licet
1309 3533 1341 3572 e
1369 3512 1569 3572 Schol.
1601 3513 1773 3573 Pind.
1817 3514 1982 3573 Nem.
2034 3519 2130 3590 10,
2179 3518 2302 3579 114
2345 3516 2490 3596 (quo
2524 3517 2713 3594 spectat

498 3595 668 3657 locus
695 3596 866 3655 Paus.
891 3596 993 3672 111,
1023 3602 1102 3663 16
1125 3596 1280 3683 pr.),
1324 3610 1387 3659 et
1409 3599 1486 3658 de
1513 3599 1783 3659 Thetidis
1824 3599 2086 3680 nuptiis,
2130 3609 2204 3659 ut
2245 3601 2307 3661 in
2349 3602 2544 3663 Schol.
2584 3594 2712 3659 nia&

501 3705 567 3756 π,
612 3681 734 3748 140
769 3679 1044 3742 habetur.
1129 3684 1215 3744 De
1244 3685 1558 3745 Palamede
1580 3686 1815 3745 fabulas
1845 3705 1921 3744 ex
1955 3685 2074 3745 hoc
2095 3688 2262 3746 fonte
2287 3688 2533 3748 fluxisse
2569 3681 2713 3744 intel·

499 3767 623 3847 ligo
647 3786 679 3825 e
708 3766 881 3828 Paus.
908 3769 986 3844 X,
1019 3772 1124 3847 31,
1154 3791 1215 3852 p.
1251 3771 1398 3847 874,
1431 3771 1534 3850 qui
1565 3772 1824 3850 scriptor
1856 3771 2229 3851 Neoptolemi
2267 3793 2509 3854 quoque
2539 3787 2714 3832 nomeu

503 3863 566 3912 et
591 3852 822 3912 Aeneae
849 3854 1158 3932 coniugem
1180 3857 1527 3937 Eurydicen
1553 3858 1695 3917 inde
1728 3858 1994 3917 illustrat
2032 3880 2083 3918 c.
2110 3863 2212 3924 26.
2300 3861 2325 3919 1
2330 3881 2368 3919 n
2419 3860 2614 3921 iisdem
2643 3856 2713 3913 sa-

501 3937 645 3999 bula
694 3937 770 3997 de
807 3938 945 3999 Anii
988 3940 1223 4002 filiabus
1267 3954 1400 4003 erat
1440 3954 1719 4016 narrata,
1777 3952 1929 4003 teste
1982 3946 2198 4004 Tzetza
2244 3946 2322 4005 ad
2360 3943 2643 4027 Lycophr.
2669 3957 2714 3997 v·

503 4026 664 4090 570:
710 4025 877 4103 atqui
909 4033 968 4083 et
1002 4027 1153 4086 eain
1182 4028 1321 4088 belli
1352 4029 1598 4089 Troiani
1637 4029 1812 4089 initia
1853 4030 2186 4107 incidebat3
2242 4042 2315 4091 ut
2367 4033 2518 4091 adeo
2554 4025 2714 4088 mani·

501 4104 725 4171 festum
759 4111 867 4186 sit,
912 4112 1275 4192 Cypriorum
1310 4116 1656 4176 Carminum
1688 4126 2100 4194 argumentum
2132 4117 2236 4177 vix
2263 4118 2494 4198 aliquid
2515 4115 2716 4181 babere,

502 4197 671 4277 quod
720 4197 783 4257 in
827 4196 1217 4278 Virgilianum
1272 4221 1514 4262 carmen
1555 4202 1868 4263 transferri
1915 4203 2200 4283 potuerit.
2283 4204 2572 4264 Posthaec
2608 4214 2715 4258 eun

503 4281 943 4344 communicata
964 4303 1199 4346 mecum
1228 4296 1439 4364 essent,
1483 4310 1630 4349 mox
1655 4288 1918 4367 vulgata,
1960 4310 1997 4348 a
2025 4289 2372 4351 doctissimo
2417 4291 2562 4351 Tho.
2599 4283 2711 4343 Clat-

513 4369 782 4451 Tychsen
820 4370 1123 4453 Excerpta
1164 4371 1361 4434 Procli
1398 4394 1432 4434 e
1473 4374 1607 4436 cod.
1639 4374 2024 4436 Escorialensi
2057 4376 2258 4439 Iliadis
2286 4376 2610 4457 descripta,
2646 4366 2718 4449 (in
