2882 5028
481 423 1102 500 AENEmos
1156 424 1380 501 Lm.
1434 426 1531 521 v,
1584 429 2023 508 414—433

2253 437 2402 508 781

157 610 406 704 Exuit,
462 622 700 710 atque
735 610 1012 706 ingens
1038 608 1306 685 media
1339 610 1693 686 consistit
1727 636 1987 692 arena.

161 718 360 789 Tum
393 726 602 788 satus
632 712 972 789 Anchisa
1001 726 1258 789 cestus
1291 727 1521 813 pater
1556 714 1828 790 extulit
1859 740 2184 816 aequos,

158 821 248 892 Et
273 814 590 918 paribus
617 816 918 917 palmas
951 817 1376 892 amborum
1407 819 1762 893 innexuit
1796 821 2053 895 armis,

2252 824 2405 902 425

159 920 520 998 Constitit
550 921 629 995 in
669 920 956 1018 digitos
987 919 1384 1021 extemplo
1425 920 1791 996 adrectus
1817 936 2186 1025 uterque,

157 1022 638 1124 Brachiaque
674 1023 768 1099 ad
807 1047 1131 1123 superas
1159 1024 1563 1099 interritus
1594 1023 1861 1100 extulit
1903 1051 2147 1106 auras,

162 1126 569 1203 Abduxere
599 1141 815 1203 retro
849 1126 1089 1224 longe
1126 1127 1373 1228 capita
1409 1128 1652 1206 ardua
1685 1126 1781 1201 ab
1813 1128 1996 1223 ictu,

162 1233 738 1333 Inmiscentque
794 1254 1079 1306 manus
1120 1230 1523 1328 manibus,
1590 1253 2106 1334 pugnamque
2160 1231 2408 1309 laces-

1306 1357 1342 1408 S
1461 1347 1493 1408 t

159 1435 285 1511 llle
309 1435 618 1537 pedum
653 1434 948 1511 melior
974 1451 1245 1534 motu,
1303 1359 1719 1537 silgiiisque
1753 1437 2093 1532 iuventa,

2251 1444 2406 1519 430

162 1540 289 1614 Hic
317 1538 710 1617 membris
740 1551 818 1614 et
849 1540 1071 1617 mole
1098 1540 1411 1634 valens3
1468 1540 1610 1616 sed
1642 1540 1864 1616 tarda
1890 1543 2267 1617 trementi

164 1646 422 1719 Genua
480 1641 785 1737 labant,
839 1658 1097 1719 vastos
1141 1646 1391 1745 quatit
1434 1666 1669 1742 aeger
1720 1641 2114 1720 anhelitus
2170 1658 2402 1725 artus,

162 1746 391 1821 Multa
420 1746 569 1821 viri
602 1746 1154 1849 nequidquam
1189 1749 1398 1824 inter
1427 1772 1513 1825 se
1546 1746 1877 1824 volnera
1908 1748 2214 1847 iactant,

283 1955 384 2009 423
430 1954 658 2009 Extulit
693 1950 836 2024 apud
865 1957 1099 2009 Macrob.
1127 1958 1219 2023 vl,
1257 1959 1303 2022 1,
1339 1956 1437 2010 sed
1473 1954 1677 2009 Nonius
1703 1954 1758 2008 in
1801 1958 1951 2009 Exui
1981 1967 2035 2008 et
2061 1955 2248 2025 scripti
2283 1973 2405 2008 ser-

164 2033 275 2074 vant
298 2025 593 2093 vulgatam,
631 2034 686 2075 et
714 2026 935 2078 recurrit
963 2027 1103 2079 istud
1130 2045 1280 2079 versu
1312 2026 1490 2078 statim
1525 2037 1794 2096 sequente.
1864 2026 2077 2078 Scilicet
2118 2028 2272 2078 exuit
2304 2045 2406 2077 ar-

167 2104 245 2144 tus
278 2107 488 2146 venuste
535 2093 732 2145 dictum
761 2112 859 2164 pro
887 2097 1104 2165 vulgari,
1141 2098 1291 2148 exuit
1317 2109 1517 2148 vestem
1548 2099 1638 2162 (sc.
1668 2096 1736 2146 de
1762 2093 2036 2164 attubus).

165 2164 476 2280 munior-et„
520 2175 575 2214 ut
616 2181 777 2233 saepe
828 2163 896 2216 al.

2139 2096 2246 2149 424
2278 2099 2406 2146 Cum

1038 2167 1141 2221 425
1176 2167 1414 2218 intexuit
1455 2165 1646 2216 Medic.
1691 2183 1721 2216 a
1757 2183 1826 2216 m.
1854 2183 1967 2234 pr.;
2021 2167 2124 2233 (est
2157 2182 2217 2216 ea
2260 2164 2407 2234 prior

216 2232 369 2284 edicei
401 2232 599 2287 lectio;
636 2235 875 2284 intexuit
901 2233 1057 2286 etiam
1096 2238 1179 2289 10.
1222 2238 1369 2301 Wr.)
1423 2233 1615 2286 vitiose
1647 2233 1750 2286 hoc
1779 2234 1918 2285 idem
1958 2233 2014 2285 in

2097 2234 2241 2285 riore
2277 2234 2407 2287 edit.

167 2317 195 2351 ι
215 2302 558 2372 typographis
585 2301 759 2352 fuerat
788 2316 1067 2357 exaratum.
1137 2305 1242 2358 Sed
1276 2315 1385 2369 est,
1418 2305 1694 2355 innexuit:
1733 2304 1800 2355 de
1832 2321 1936 2371 quo
1965 2322 2054 2354 ver
2095 2321 2127 2355 o
2161 2322 2210 2354 v.
2236 2303 2407 2356 Bentl.

167 2369 225 2421 sd
248 2373 421 2424 Horat.
451 2371 625 2439 Epod.
659 2373 741 2435 17,
767 2374 854 2428 72.
906 2376 1149 2425 nexuitS
1189 2384 1294 2425 rot.
1390 2373 1496 2428 426
1527 2385 1789 2443 arreptus
1817 2374 1986 2436 Rom„
2020 2373 2181 2424 solito
2209 2390 2407 2426 errore.

166 2439 256 2494 428
287 2443 589 2495 Adduxere
622 2449 730 2491 tres
765 2440 945 2494 Heius.
1014 2443 1139 2494 Red
1180 2462 1347 2495 uxere
1368 2442 1674 2494 Victorinus
1705 2447 1817 2495 Art.
1845 2443 2073 2494 Gratum.
2100 2442 2192 2494 lib.
2217 2444 2240 2492 1
2267 2443 2407 2511 apud

168 2509 347 2576 Heius„
406 2529 521 2564 nou
573 2508 724 2562 male.
795 2512 901 2564 Sed
941 2510 1236 2565 Abduxere
1292 2525 1443 2564 retro
1485 2512 1672 2564 eodem
1731 2512 1884 2564 redit.
1956 2513 2123 2584 longo
2185 2512 2406 2566 Dorvill.

168 2579 257 2634 429
284 2599 559 2701 pugnasq.
592 2579 794 2649 aliquot
818 2583 971 2645 Pier„
1021 2593 1076 2633 et
1113 2582 1217 2634 hoc
1255 2582 1478 2633 decebat
1505 2591 1734 2652 poetam.
1770 2581 1923 2649 (mihi
1964 2582 2160 2635 castior
2200 2583 2408 2633 videtur

169 2663 357 2721 recepta
407 2650 570 2703 ectio.
612 2651 756 2717 lVr.)

171 2720 292 2771 tend.
319 2731 443 2773 tert.
589 2718 688 2774 431
727 2722 789 2771 Is·
815 2719 1062 2772 membris
1090 2723 1221 2773 Ven.

172 2787 333 2841 tietum
362 2807 508 2852 esse,
551 2800 676 2840 nota
709 2807 793 2841 res
822 2801 916 2841 est.
988 2789 1424 2842 acer-‘anhelitus
1454 2790 1679 2841 Probum
1720 2789 1846 2841 olim
1874 2806 1988 2840 cum
2015 2789 2133 2840 aliis

897 2650 1002 2706 430
1022 2653 1226 2723 pedum
1254 2669 1420 2703 cursu
1448 2652 1639 2703 melior
1664 2655 1839 2720 Sprot.
1903 2670 1963 2722 p.
1991 2665 2141 2703 motu
2167 2669 2236 2702 m.
2270 2653 2408 2703 Rot-

1360 2721 1467 2774 432
1504 2723 1701 2772 Genua
1731 2720 1868 2771 binis
1913 2720 2131 2787 syllabis
2205 2736 2409 2772 rouun-

2209 2789 2254 2841 'c
2286 2808 2408 2841 tna-

171 2854 339 2925 lnisse,
374 2879 436 2911 ex
464 2858 685 2911 scholio
720 2858 885 2910 Servii
912 2860 967 2910 P.
1000 2858 1231 2911 Danielis
1259 2868 1439 2909 monet
1471 2858 1733 2910 Heinsius.
1799 2861 2060 2922 Quantum
2088 2867 2261 2910 tamen
2291 2857 2408 2926 ipse

174 2926 331 2992 video,
380 2947 485 2980 non
527 2927 580 2978 h.
617 2927 672 2992 l.,
707 2928 801 2979 sed
830 2930 924 2979 sub
951 2930 991 2981 f.
1035 2929 1158 2981 libri
1200 2928 1358 2993 noni,
1407 2927 1484 2980 ita
1524 2927 1605 2979 illi
1644 2928 1825 2996 legere
1850 2928 2156 2981 maluerunt.
2227 2933 2411 2998 Aeger

176 2998 427 3050 mahelieus
442 3039 456 3064 ‚
476 2996 588 3066 ‘qui
613 3016 769 3066 aegre
796 2998 1039 3052 trahitur.

178 3170 251 3231 tio
282 3173 394 3233 loci
430 3173 782 3233 nobilissimi
826 3174 1041 3253 Odyss.
1071 3191 1125 3249 σ,
1160 3175 1242 3240 66

181 3258 357 3323 -74.
412 3262 486 3320 cf.
532 3259 809 3339 Apollon.
858 3260 938 3335 11,
997 3263 1078 3323 30
1118 3278 1245 3337 sqq.

180 3340 376 3403 Versus
426 3345 556 3408 422
613 3365 688 3404 ex
725 3344 1006 3404 Ennianis
1065 3344 1247 3403 fluxit

181 3429 323 3506 apud
349 3430 613 3490 macrob.
648 3430 743 3505 vl,
777 3437 806 3494 1
850 3451 1083 3506 magna
1111 3451 1246 3488 ossa

184 3513 482 3596 lacer-lique
561 3517 883 3593 Apparent
953 3517 1238 3574 hominei.

183 3597 495 3676 duplicem,
539 3599 785 3661 Homer.
817 3602 1074 3681 διπλῆν,
1126 3600 1245 3659 du-

184 3682 383 3759 plicato
417 3707 654 3766 penno,
714 3695 787 3745 ut
818 3686 956 3745 alibi
988 3686 1245 3746 docuere

183 3769 286 3829 viri
338 3771 523 3832 docti.
623 3771 691 3830 In
737 3791 796 3830 v.
841 3771 966 3837 424
1025 3773 1246 3831 iterum

186 3859 443 3918 convenit
473 3878 615 3917 cum
628 3857 992 3937 Apollon.11,
1019 3858 1094 3922 51
1116 3872 1245 3937 sqq.

260 3944 375 4007 426
404 3965 533 4023 sqq.
575 3943 990 4023 comparanda
1021 3942 1122 4002 hic
1144 3944 1245 4002 in-

184 4025 372 4100 primis
418 4029 550 4088 loce
592 4027 873 4104 Homeri,
947 4028 1248 4109 Apollonii

186 4116 239 4167 et
271 4111 602 4191 Theocriti,
661 4134 844 4193 supra
902 4115 978 4174 nd
1016 4136 1072 4174 v.
1116 4120 1244 4181 362

186 4209 510 4259 memorata.
608 4199 779 4260 Adde
827 4200 955 4259 val.
1011 4199 1099 4262 Fl.
1144 4198 1244 4274 vl,

186 4281 295 4346 261
317 4304 437 4364 sqq.
464 4297 526 4346 et
540 4285 747 4345 Silium
764 4286 923 4362 XVI,
949 4287 1075 4351 295
1099 4306 1245 4364 sqq„

187 4365 300 4442 ⁸²6,
355 4390 697 4450 comparere
727 4371 899 4448 talia,
955 4372 1098 4430 satis
1132 4391 1244 4430 ex-

189 4450 376 4528 pediu
420 4475 516 4517 res
566 4466 673 4519 est.
742 4457 865 4518 Nos
924 4456 1245 4538 virgiliana

1330 3175 1542 3234 saltem
1596 3172 2043 3233 illustrabimus.
2150 3185 2411 3232 arrectus

1328 3263 1393 3317 in
1420 3261 1669 3338 digitos,
1695 3254 1796 3323 ἐπ’
1831 3251 2253 3339 ἀκροτάτοισιν
2271 3252 2413 3339 αἐρ-

1328 3344 1469 3418 ests
1493 3340 1853 3421 -πόδεσσι,
1899 3343 2173 3423 Apollon.
2199 3343 2272 3418 11,
2304 3349 2409 3409 90.

1329 3433 1370 3495 9
1380 3435 1430 3495 1.
1439 3451 1724 3508 pugnam
1739 3433 2039 3489 lacessunt
2048 3449 2159 3508 pro
2177 3429 2409 3506 ineunt,

1329 3516 1644 3593 exquisite,
1689 3515 1930 3596 proprie
1968 3517 2251 3573 lacessere
2282 3517 2411 3573 ali-

1329 3622 1507 3681 quem
1539 3623 1784 3680 pugna,
1827 3602 1919 3659 ad
1944 3620 2249 3678 pugnam,
2281 3597 2345 3660 h.
2368 3600 2411 3661 l.

1326 3686 1754 3767 praeludendo.
1817 3684 1918 3768 (cf.
1960 3686 2099 3745 Not.
2128 3686 2206 3746 ed
2233 3685 2312 3760 X,
2352 3690 2412 3751 9.

1331 3771 1688 3855 Rulzkopfi)
1766 3775 2097 3830 immiscent
2133 3770 2414 3830 manibus

1328 3879 1566 3934 manus,
1602 3867 1927 3917 conserunt
1954 3877 2184 3918 manus.
2233 3855 2414 3938 (Male

1329 3942 1536 4027 Serv.)
1657 3945 1891 4023 pedum
1951 3945 2162 4002 melior
2209 3956 2414 4003 motu-⁹

1331 4031 1490 4088 Sunt
1552 4028 1709 4090 enim
1769 4028 1932 4089 haud
1994 4027 2173 4088 dubie
2236 4028 2413 4086 etiam

1329 4114 1555 4195 pedum
1596 4124 1794 4196 partes
1829 4117 1894 4175 in
1938 4115 2239 4193 pugilatu,
2284 4112 2416 4172 evi-

1329 4200 1532 4260 tandis
1584 4201 1820 4261 ictibus.
1877 4199 2001 4260 vid.
2045 4201 2197 4258 Stat.
2226 4196 2414 4259 Theb.

1329 4285 1427 4362 VI,
1447 4285 1575 4352 794
1592 4308 1678 4366 sq.
1724 4286 2127 4351 433mulnera
2143 4303 2254 4362 pro
2270 4283 2416 4344 vul-

1328 4373 1476 4452 gari,
1504 4376 1693 4446 ἰθέως
1738 4370 1852 4430 hos
1868 4368 2280 4434 v.434—-436
2306 4387 2417 4449 per
2507 4395 2510 4400 ·

1308 4467 1532 4556 ¹partes
1551 4465 1881 4518 enumeret.
1924 4455 2001 4516 cf.
2019 4453 2297 4536 Apellen.
2341 4454 2416 4535 11,
