2882 5028
485 425 1107 515 AENE'IDos
1158 438 1383 518 LIB.
1434 439 1573 537 VI,
1623 442 2066 522 εδδ-382

2273 449 2424 524 905

163 626 466 703 Desine
516 622 675 700 fata
723 623 967 702 deum
1015 622 1226 701 flecti
1274 650 1593 724 sperare
1647 625 2076 726 precando,

169 728 338 805 Sed
380 753 570 830 cape
607 728 810 804 dicta
836 753 1196 826 memor,
1246 729 1423 805 duri
1456 728 1730 805 solatia
1772 754 2011 810 casus,

164 839 378 911 Nam
404 845 539 907 tua
572 830 932 926 finitimi,
988 831 1228 931 longe
1269 832 1589 932 lateque
1623 857 1773 933 per
1802 833 2045 911 urbes

163 935 564 1033 Prodigiis
595 937 740 1011 acti
776 935 1290 1032 coelestibu3‚

1345 960 1515 1011 ossa
1550 935 1906 1036 piabunt,

162 1044 276 1118 Et
327 1052 673 1115 statuent
722 1037 1161 1138 tumulum,
1228 1053 1309 1117 et
1375 1038 1689 1115 tumulo
1734 1038 2174 1116 xsollemnia
2239 1039 2427 1114 mit-

1330 1155 1551 1234 tent3

2271 1151 2425 1223 380

163 1251 778 1347 Aeternumque
805 1245 1027 1322 locus
1056 1244 1402 1322 Palinuri
1438 1269 1743 1322 nomen
1782 1244 2131 1323 habebit.

164 1351 314 1427 His
347 1350 573 1426 dictis
599 1374 831 1426 curae
866 1362 1219 1447 emotae,
1270 1347 1705 1451 pulsusque
1733 1372 2169 1452 parumper

276 1496 451 1568 379.
500 1508 880 1582 PIABUNT3

312 1660 417 1719 878
451 1662 616 1714 Recte
645 1660 892 1713 adversus
916 1659 1296 1723 Marklandnm,
1331 1660 1419 1732 qui
1447 1660 1515 1713 ad
1546 1665 1681 1715 Stat.
1704 1661 1758 1715 V
1781 1660 1909 1715 silv.
1934 1660 1987 1725 3,
2023 1660 2128 1715 127
2146 1657 2427 1710 absurdum

166 1748 295 1785 esse
320 1731 496 1783 aiebat
512 1732 785 1813 finitimos
813 1730 920 1782 dici
951 1731 1117 1814 longe
1140 1732 1357 1813 tuteque
1382 1731 1694 1814 habitantes,
1728 1731 1901 1782 locum
1924 1740 2110 1811 tuetur·
2131 1728 2212 1779 vir
2237 1729 2425 1809 doctus

164 1820 279 1921 351.
293 1801 699 1939 2231ssssssssss
711 1801 1022 1935 ,5:23332
1035 1802 1903 1939 ¹iiassssssnf‘ffss‘r'pss'c'ssissss‘ssm‘ssw
1898 1798 2424 1940 {233223055113‘12

167 1938 568 2008 (Marklandus,
622 1939 869 1991 cavillans
908 1937 1039 1989 haec
1082 1939 1270 2004 verba,
1320 1940 1459 1990 idem
1501 1956 1617 1990 esse
1661 1941 1761 2002 ait,
1810 1956 1872 1990 ac
1908 1938 1955 1988 si
1999 1937 2199 1988 diceret
2235 1945 2423 2004 poeta:

153 2009 400 2080 finitimi
420 2009 720 2077 longinqui.
791 2008 982 2059 Nonne
1007 2016 1179 2058 autem
1198 2046 1214 2069 ‚
1249 2010 1291 2058 si
1327 2008 1618 2059 orationem
1648 2008 1752 2071 ita,
1802 2018 1861 2058 ut
1888 2006 2015 2058 fecit
2039 2005 2269 2074 Heynius
2286 2045 2302 2070 ,
2336 2004 2429 2056 in-

167 2077 452 2142 stituimus,
484 2077 645 2128 verba
677 2077 844 2148 longe
882 2076 1103 2144 lateque
1144 2079 1256 2128 acti
1299 2078 1365 2129 ad
1402 2077 1543 2129 idem
1574 2077 1703 2129 illud
1713 2078 1954 2159 finitimi
1975 2075 2273 2145 pertinent?
2320 2076 2428 2126 Ec-

213 2147 305 2198 uid
332 2146 494 2229 igitur
522 2155 720 2198 mutata
748 2145 1172 2214 interpunctione
1195 2146 1530 2215 proficimus?
1580 2151 1752 2200 Sensit
1782 2146 1921 2197 idem
1949 2144 2175 2197 Iahnius.
2221 2146 2427 2211 Nempe

165 2167 444 2270 {linium
461 2232 642 2266 orum
674 2231 862 2266 nomen
880 2253 896 2276 ,
931 2214 1018 2283 qui
1054 2232 1167 2266 eam
1198 2233 1342 2266 oram
1367 2216 1660 2268 incolentes
1697 2216 1834 2267 istoc
1867 2215 2068 2267 scelere
2094 2231 2152 2265 se
2178 2213 2427 2282 inquina-

163 2294 389 2349 verant,
436 2302 594 2353 quum
632 2284 798 2351 pestis
828 2301 875 2340 ,a
915 2283 1017 2335 diis
1054 2284 1282 2336 immissa
1327 2297 1565 2353 serperet
1600 2303 1700 2356 per
1737 2285 1991 2353 reliquam
2031 2293 2240 2349 gentem
2269 2283 2428 2351 longe

163 2357 387 2423 lateque
419 2354 737 2405 habitantem
757 2392 771 2417 ,
808 2352 943 2405 hanc
974 2363 1140 2405 totam
1174 2353 1408 2406 includit.
1475 2355 1688 2407 Retinui
1712 2364 1881 2406 sutem
1906 2353 2228 2423 Heyuianum
2254 2353 2428 2404 inter-

213 2424 537 2487 unctionem,
570 2441 600 2474 a
629 2425 748 2476 cod.
776 2423 1016 2474 Mediceo
1044 2424 1323 2486 firmatam3
1369 2442 1488 2475 nam
1518 2423 1613 2476 illo
1645 2425 1763 2494 ipso
1799 2425 2034 2490 finitimi
2077 2441 2199 2474 usus
2241 2423 2430 2490 Virgi-

164 2445 276 2549 ἔτι·
307 2509 412 2545 non
441 2492 498 2544 id
523 2491 733 2544 videtur
761 2492 936 2544 dicere
960 2492 1220 2556 voluisse,
1253 2493 1448 2546 multi
1466 2512 1489 2545 s
1523 2494 1669 2546 loci
1689 2511 1714 2545 s
1749 2493 1872 2545 illos
1903 2510 2021 2545 ossa
2052 2492 2279 2545 Palinuri
2302 2493 2427 2562 pia—

172 2577 332 2617 tnros
366 2580 499 2626 esse,
534 2564 629 2614 sed
656 2563 885 2613 futurum
918 2562 1022 2614 hoc
1048 2581 1164 2615 esse
1191 2563 1245 2615 in
1275 2563 1461 2615 vicinia
1494 2565 1603 2615 eius
1641 2561 1777 2626 loci,
1829 2563 1917 2614 nbi
1956 2562 2157 2614 occisus
2184 2563 2276 2613 ille
2304 2564 2426 2614 fne-

165 2644 287 2695 ηις
320 2650 469 2694 nam,
502 2642 562 2683 nt
588 2632 665 2683 ait
690 2632 918 2693 Servius,
953 2632 1124 2684 lucum
1155 2643 1212 2684 et
1243 2633 1602 2702 cenotaphion
1639 2632 1715 2683 ibi
1742 2631 1986 2683 Palinuro
2013 2631 2286 2683 dederunt.
2321 2632 2428 2682 Ce-

164 2716 346 2757 terum
379 2701 684 2765 semicolon,
719 2702 861 2769 quod
902 2711 1016 2752 erat
1056 2711 1183 2769 post
1221 2700 1475 2773 piabunt,
1528 2702 1581 2752 in
1627 2718 1824 2753 comma
1860 2700 2081 2762 mutavi5
2132 2717 2250 2751 nam
2294 2717 2428 2768 quse

164 2782 490 2842 aequantur,
548 2770 861 2839 epexegesin
900 2770 1178 2822 verborum
1238 2789 1365 2823 ossa
1404 2769 1639 2841 piabunt
1681 2768 1975 2822 continent:
2029 2778 2426 2821 statuentes

162 2841 428 2895 tumulum
458 2850 512 2892 et
547 2839 915 2891 mittentes
950 2839 1241 2892 sollemnia.
1299 2840 1445 2907 Wr.)
1513 2859 1615 2911 per
1656 2837 1842 2890 urbem
1888 2839 2046 2891 Witt.

164 2924 428 2966 statuent
458 2928 539 2979 pr.
563 2911 755 2961 Moret.
781 2926 879 2978 pro
906 2911 1225 2961 Iustitiaene.
1295 2910 1501 2961 solatia
1529 2910 1696 2975 Bigot.
1727 2925 1788 2958 ex
1817 2926 1865 2959 v.
1892 2910 2016 2964 377.

2182 2839 2289 2892 380
2321 2841 2359 2888 I
2354 2858 2430 2890 n-

2133 2908 2234 2963 881
2265 2908 2429 2959 Pali—

164 2998 378 3035 nurum
404 2998 598 3032 nomen
627 2987 750 3030 tert.
778 2977 997 3030 Mentel.
1025 2996 1055 3030 a
1080 2996 1146 3030 m.
1175 2997 1256 3048 pr.
1295 2978 1534 3046 adeoque
1570 2976 1754 3029 calami
1783 2976 1944 3041 vitio,
1978 2974 2081 3028 etsi
2109 2976 2238 3029 satis
2263 2977 2430 3030 felici.

166 3051 244 3105 d.
274 3051 449 3102 Burni.
547 3049 655 3104 382
683 3061 897 3101 amotae
934 3047 1137 3118 aliquot
1167 3048 1369 3113 Heius„
1403 3047 1632 3099 sollenui
1660 3045 1932 3101 varietate.

166 3209 369 3253 unum
395 3197 485 3249 est
515 3197 760 3259 mortno
787 3188 1062 3249 solatium
1079 3233 1097 3265 ,
1141 3189 1263 3248 sal-

166 3287 298 3338 tem
326 3285 706 3336 transvectus
721 3273 1122 3335 Acherontem
1141 3296 1261 3335 non

170 3362 413 3425 diutius
432 3361 660 3422 ‘errare
688 3381 867 3441 cogar
914 3361 990 3420 ad
1022 3361 1265 3420 citerio-

170 3468 311 3512 rem
338 3448 465 3507 eius
493 3449 706 3529 ripam.
794 3450 859 3505 in
893 3459 1095 3522 morte,
1135 3448 1176 3506 i.
1209 3466 1260 3506 e.

166 3530 429 3610 θανών,
473 3534 598 3595 vid.
637 3533 708 3594 V.
743 3534 808 3592 L.
840 3531 918 3591 ad
962 3532 1073 3608 IV,
1120 3535 1263 3598 502.

177 3619 361 3701 Wr.)
449 3620 673 3681 Versus
715 3623 842 3687 870
890 3638 966 3677 ex
992 3617 1160 3677 Iliad.
1189 3633 1263 3695 ψ,

166 3706 261 3774 75
303 3706 622 3766 subustus:
692 3707 800 3768 καί
850 3727 950 3780 μοι
998 3700 1105 3777 δός
1148 3700 1265 3784 τήν

167 3785 347 3874 χεῖρ’,
391 3785 794 3875 ὀλοφύρομαι,
836 3789 1095 3850 Patrocli
1122 3809 1267 3850 um-

165 3880 306 3940 bra.

262 4051 394 4115 872
415 4080 497 4092 -
510 4050 656 4112 883.
706 4064 954 4124 ‚amnem
1000 4067 1268 4104 severum

166 4132 269 4218 (h.
296 4153 347 4193 e.
382 4134 652 4208 tristem,
692 4130 1093 4213 horrendum)
1132 4134 1267 4190 Ειι-

165 4221 487 4281 menidam
549 4219 727 4278 docte
794 4217 983 4293 dixit,
1057 4217 1268 4276 eodem

164 4306 360 4369 modo
415 4325 485 4363 ac
538 4306 585 4363 si
629 4304 880 4363 deorum
919 4305 1268 4379 inferorum,

162 4392 567 4473 Proserpinae
596 4391 690 4448 vel
725 4390 1011 4467 Hecatae,
1057 4388 1269 4470 appel-

161 4482 348 4543 lares.
465 4476 711 4538 Servius
783 4476 972 4536 male:
1056 4476 1268 4553 „circa

1348 3207 1528 3268 quem
1618 3185 1899 3247 habitant
1986 3180 2430 3264 Eumenides;“

1347 3274 1516 3352 quod
1575 3283 1727 3333 esset
1779 3271 2186 3333 revocandum
2244 3272 2322 3331 ad
2369 3293 2430 3332 v.

1347 3363 1496 3435 280,
1555 3359 1662 3420 nbi
1714 3356 2071 3419 Eumenides
2124 3359 2186 3417 in
2260 3357 2432 3418 aditu

1347 3445 1511 3506 Orci.
1598 3443 1715 3503 Sed
1743 3444 1807 3504 id
1849 3444 2025 3504 nimis
2063 3443 2236 3523 longe
2270 3444 2433 3525 peti-

1348 3540 1501 3591 tum.
1589 3534 1734 3596 377.
1776 3551 1926 3609 cape
1977 3550 2232 3604 memor,
2296 3538 2433 3588 tene

1347 3617 1654 3676 memoria.
1740 3619 1885 3682 378.
1913 3617 2089 3675 Nam
2113 3623 2188 3676 nt
2210 3610 2326 3699 γᾶρ
2355 3615 2432 3674 ab

1347 3702 1523 3761 initio
1576 3701 1901 3777 orationis,
1957 3721 2068 3781 pro
2113 3698 2213 3781 δή,
2272 3720 2432 3777 sane,

1352 3788 1594 3847 scilicet.
1654 3790 1948 3846 sollennia
1987 3790 2235 3862 mittent,
2275 3784 2434 3868 πέμ-

1351 3888 1546 3948 ψουσι
1574 3868 1739 3952 χοὰς,
1772 3868 1923 3956 ἱερὰ,
1967 3882 2028 3932 et
2060 3872 2289 3947 similia,
2332 3874 2434 3932 in·-

1351 3959 1532 4020 serias
1569 3960 1778 4020 serent.
1865 3959 2012 4019 Cum
2072 3981 2106 4018 a
2142 3958 2435 4034 barbaris,

1350 4046 1626 4105 Lucanos
1669 4044 1893 4120 edunt,
1965 4043 2068 4124 qui
2131 4044 2319 4103 serius
2364 4063 2435 4101 es

1350 4132 1481 4191 locs
1528 4131 1944 4204 incoluerunt,
2001 4130 2228 4190 occisus
2285 4138 2438 4188 esset

1352 4218 1707 4294 Palinurus,
1762 4225 1969 4299 postea
2021 4215 2061 4274 ii
2102 4215 2437 4295 pestilentia

1352 4303 1730 4379 laborantes,
1792 4323 1822 4360 a
1870 4301 1983 4360 deo
2024 4301 2296 4362 consulto
2329 4322 2437 4362 re-

1353 4410 1638 4470 sponsum
1678 4396 2069 4468 acceperunt,
2114 4387 2435 4468 placandos

1353 4495 1479 4536 esse
1534 4475 1795 4535 Palinuri
1845 4472 2066 4535 Manes.
2154 4471 2303 4556 (vid.
2362 4474 2439 4536 de
