<?xml version="1.0" encoding="UTF-8"?>
<!DOCTYPE html PUBLIC "-//W3C//DTD XHTML 1.0 Transitional//EN"
    "http://www.w3.org/TR/xhtml1/DTD/xhtml1-transitional.dtd">
<html xmlns="http://www.w3.org/1999/xhtml" xml:lang="en" lang="en">
 <head>
  <title>
</title>
<meta http-equiv="Content-Type" content="text/html;charset=utf-8" />
  <meta name='ocr-system' content='tesseract 3.04.00' />
  <meta name='ocr-capabilities' content='ocr_page ocr_carea ocr_par ocr_line ocrx_word'/>
</head>
<body>
  <div class='ocr_page' id='page_1' title='image "./pvblivsvirgiliv00sillgoog/pvblivsvirgiliv00sillgoog_1062.png"; bbox 0 0 2882 5028; ppageno 0'>
   <div class='ocr_carea' id='block_1_1' title="bbox 636 389 2361 515">
    <p class='ocr_par' dir='ltr' id='par_1_1' title="bbox 636 389 2361 515">
     <span class='ocr_line' id='line_1_1' title="bbox 636 389 2361 515; baseline 0.008 -16"><span class='ocrx_word' id='word_1_1' title='bbox 636 389 827 500; x_wconf 76' lang='grc' dir='ltr'>Αι)</span> <span class='ocrx_word' id='word_1_2' title='bbox 933 397 1583 508; x_wconf 79' lang='lat' dir='ltr'>LIBRUM</span> <span class='ocrx_word' id='word_1_3' title='bbox 1685 430 1813 508; x_wconf 82' lang='lat' dir='ltr'><strong>vl</strong></span> <span class='ocrx_word' id='word_1_4' title='bbox 2167 440 2361 515; x_wconf 82' lang='lat'>1039</span> 
     </span>
    </p>
   </div>
   <div class='ocr_carea' id='block_1_2' title="bbox 283 613 2361 680">
    <p class='ocr_par' dir='ltr' id='par_1_2' title="bbox 283 613 2361 680">
     <span class='ocr_line' id='line_1_2' title="bbox 283 613 2361 680; baseline 0.003 -7"><span class='ocrx_word' id='word_1_5' title='bbox 283 613 408 673; x_wconf 83' lang='lat' dir='ltr'><strong>Nec</strong></span> <span class='ocrx_word' id='word_1_6' title='bbox 444 614 639 675; x_wconf 89' lang='lat' dir='ltr'><strong>minus</strong></span> <span class='ocrx_word' id='word_1_7' title='bbox 694 616 913 675; x_wconf 88' lang='lat' dir='ltr'><strong>mirum</strong></span> <span class='ocrx_word' id='word_1_8' title='bbox 968 625 1032 675; x_wconf 91' lang='lat' dir='ltr'><strong>et</strong></span> <span class='ocrx_word' id='word_1_9' title='bbox 1086 637 1121 674; x_wconf 89' lang='lat' dir='ltr'><strong>a</strong></span> <span class='ocrx_word' id='word_1_10' title='bbox 1180 617 1353 677; x_wconf 85' lang='lat' dir='ltr'><strong>solita</strong></span> <span class='ocrx_word' id='word_1_11' title='bbox 1405 636 1613 677; x_wconf 88' lang='lat' dir='ltr'><strong>rerum</strong></span> <span class='ocrx_word' id='word_1_12' title='bbox 1665 626 1880 678; x_wconf 87' lang='lat' dir='ltr'><strong>natura</strong></span> <span class='ocrx_word' id='word_1_13' title='bbox 1932 619 2216 680; x_wconf 76' lang='lat' dir='ltr'><strong>recedens</strong></span> <span class='ocrx_word' id='word_1_14' title='bbox 2269 631 2361 680; x_wconf 89' lang='lat' dir='ltr'><strong>est</strong></span> 
     </span>
    </p>
   </div>
   <div class='ocr_carea' id='block_1_3' title="bbox 79 700 2452 785">
    <p class='ocr_par' dir='ltr' id='par_1_3' title="bbox 79 700 2452 785">
     <span class='ocr_line' id='line_1_3' title="bbox 79 700 2452 785; baseline 0.003 -26"><span class='ocrx_word' id='word_1_15' title='bbox 79 701 418 759; x_wconf 63' lang='lat' dir='ltr'><strong>&amp;maesii</strong></span> <span class='ocrx_word' id='word_1_16' title='bbox 454 702 790 761; x_wconf 84' lang='lat' dir='ltr'><strong>inventum.</strong></span> <span class='ocrx_word' id='word_1_17' title='bbox 876 702 1027 759; x_wconf 92' lang='lat' dir='ltr'><strong>Nam</strong></span> <span class='ocrx_word' id='word_1_18' title='bbox 1071 700 1260 762; x_wconf 88' lang='lat' dir='ltr'><strong>Vasco</strong></span> <span class='ocrx_word' id='word_1_19' title='bbox 1304 703 1381 761; x_wconf 87' lang='lat' dir='ltr'><strong>da</strong></span> <span class='ocrx_word' id='word_1_20' title='bbox 1412 704 1600 763; x_wconf 88' lang='lat' dir='ltr'><strong>Gama</strong></span> <span class='ocrx_word' id='word_1_21' title='bbox 1648 700 1850 784; x_wconf 81' lang='lat' dir='ltr'><strong>(Cant.</strong></span> <span class='ocrx_word' id='word_1_22' title='bbox 1894 707 1990 785; x_wconf 82' lang='lat' dir='ltr'><strong>X)</strong></span> <span class='ocrx_word' id='word_1_23' title='bbox 2032 727 2069 763; x_wconf 86' lang='lat' dir='ltr'><strong>a</strong></span> <span class='ocrx_word' id='word_1_24' title='bbox 2111 705 2361 765; x_wconf 79' lang='lat' dir='ltr'><strong>Thetide</strong></span> <span class='ocrx_word' id='word_1_25' title='bbox 2445 762 2452 768; x_wconf 89' lang='lat'><strong>.</strong></span> 
     </span>
    </p>
   </div>
   <div class='ocr_carea' id='block_1_4' title="bbox 71 786 2438 4541">
    <p class='ocr_par' dir='ltr' id='par_1_4' title="bbox 71 786 2438 1297">
     <span class='ocr_line' id='line_1_4' title="bbox 72 786 2359 869; baseline 0.003 -26"><span class='ocrx_word' id='word_1_26' title='bbox 72 787 159 844; x_wconf 88' lang='lat' dir='ltr'><strong>in</strong></span> <span class='ocrx_word' id='word_1_27' title='bbox 213 786 411 845; x_wconf 87' lang='lat' dir='ltr'><strong>altum</strong></span> <span class='ocrx_word' id='word_1_28' title='bbox 448 797 713 846; x_wconf 87' lang='lat' dir='ltr'><strong>montem</strong></span> <span class='ocrx_word' id='word_1_29' title='bbox 756 798 998 846; x_wconf 79' lang='lat' dir='ltr'><strong>evectus</strong></span> <span class='ocrx_word' id='word_1_30' title='bbox 1056 789 1253 846; x_wconf 89' lang='lat' dir='ltr'><strong>omnia</strong></span> <span class='ocrx_word' id='word_1_31' title='bbox 1310 798 1613 849; x_wconf 84' lang='lat' dir='ltr'><strong>terrarum</strong></span> <span class='ocrx_word' id='word_1_32' title='bbox 1668 807 1884 868; x_wconf 85' lang='lat' dir='ltr'><strong>regna,</strong></span> <span class='ocrx_word' id='word_1_33' title='bbox 1939 791 2208 869; x_wconf 87' lang='lat' dir='ltr'><strong>inprimis</strong></span> <span class='ocrx_word' id='word_1_34' title='bbox 2254 792 2359 851; x_wconf 87' lang='lat' dir='ltr'><strong>Iu-</strong></span> 
     </span>
     <span class='ocr_line' id='line_1_5' title="bbox 75 872 2358 952; baseline 0.002 -21"><span class='ocrx_word' id='word_1_35' title='bbox 75 872 279 942; x_wconf 77' lang='lat' dir='ltr'><strong>diae,</strong></span> <span class='ocrx_word' id='word_1_36' title='bbox 323 872 391 929; x_wconf 91' lang='lat' dir='ltr'><strong>in</strong></span> <span class='ocrx_word' id='word_1_37' title='bbox 432 873 606 950; x_wconf 84' lang='lat' dir='ltr'><strong>globo</strong></span> <span class='ocrx_word' id='word_1_38' title='bbox 650 874 945 950; x_wconf 80' lang='lat' dir='ltr'><strong>descn&#39;pta</strong></span> <span class='ocrx_word' id='word_1_39' title='bbox 986 873 1307 952; x_wconf 86' lang='lat' dir='ltr'><strong>prospicit,</strong></span> <span class='ocrx_word' id='word_1_40' title='bbox 1366 883 1427 932; x_wconf 87' lang='lat' dir='ltr'><strong>et</strong></span> <span class='ocrx_word' id='word_1_41' title='bbox 1486 875 1910 935; x_wconf 74' lang='lat' dir='ltr'><strong>Lusitanorum</strong></span> <span class='ocrx_word' id='word_1_42' title='bbox 1963 877 2090 933; x_wconf 85' lang='lat' dir='ltr'><strong>sata</strong></span> <span class='ocrx_word' id='word_1_43' title='bbox 2147 897 2181 934; x_wconf 97' lang='lat' dir='ltr'><strong>a</strong></span> <span class='ocrx_word' id='word_1_44' title='bbox 2247 877 2358 935; x_wconf 87' lang='lat' dir='ltr'><strong>dea</strong></span> 
     </span>
     <span class='ocr_line' id='line_1_6' title="bbox 72 957 2357 1040; baseline 0.002 -24"><span class='ocrx_word' id='word_1_45' title='bbox 72 957 374 1016; x_wconf 81' lang='lat' dir='ltr'><strong>monitus</strong></span> <span class='ocrx_word' id='word_1_46' title='bbox 416 958 687 1018; x_wconf 80' lang='lat' dir='ltr'><strong>addiscit.</strong></span> <span class='ocrx_word' id='word_1_47' title='bbox 771 957 932 1017; x_wconf 83' lang='lat' dir='ltr'><strong>Idem</strong></span> <span class='ocrx_word' id='word_1_48' title='bbox 974 959 1178 1038; x_wconf 81' lang='lat' dir='ltr'><strong>paullo</strong></span> <span class='ocrx_word' id='word_1_49' title='bbox 1222 969 1361 1018; x_wconf 86' lang='lat' dir='ltr'><strong>ante</strong></span> <span class='ocrx_word' id='word_1_50' title='bbox 1416 958 1627 1036; x_wconf 71' lang='lat' dir='ltr'><strong>(Cant.</strong></span> <span class='ocrx_word' id='word_1_51' title='bbox 1684 959 1774 1040; x_wconf 82' lang='lat' dir='ltr'><strong>V)</strong></span> <span class='ocrx_word' id='word_1_52' title='bbox 1821 980 1898 1018; x_wconf 76' lang='lat' dir='ltr'><strong>ex</strong></span> <span class='ocrx_word' id='word_1_53' title='bbox 1949 961 2357 1038; x_wconf 83' lang='lat' dir='ltr'><strong>Adamastore,</strong></span> 
     </span>
     <span class='ocr_line' id='line_1_7' title="bbox 71 1043 2358 1126; baseline 0.003 -25"><span class='ocrx_word' id='word_1_54' title='bbox 71 1043 279 1123; x_wconf 84' lang='lat' dir='ltr'><strong>genio</strong></span> <span class='ocrx_word' id='word_1_55' title='bbox 311 1043 793 1103; x_wconf 76' lang='lat' dir='ltr'><strong>promontorium</strong></span> <span class='ocrx_word' id='word_1_56' title='bbox 817 1044 1016 1102; x_wconf 89' lang='lat' dir='ltr'><strong>Bonae</strong></span> <span class='ocrx_word' id='word_1_57' title='bbox 1058 1043 1195 1123; x_wconf 87' lang='lat' dir='ltr'><strong>Spei</strong></span> <span class='ocrx_word' id='word_1_58' title='bbox 1238 1044 1565 1120; x_wconf 73' lang='lat' dir='ltr'><strong>obsidente,</strong></span> <span class='ocrx_word' id='word_1_59' title='bbox 1610 1043 1973 1105; x_wconf 71' lang='lat' dir='ltr'><strong>calamitates</strong></span> <span class='ocrx_word' id='word_1_60' title='bbox 2022 1048 2358 1126; x_wconf 82' lang='lat' dir='ltr'><strong>navigatio-</strong></span> 
     </span>
     <span class='ocr_line' id='line_1_8' title="bbox 76 1125 2438 1211; baseline 0.003 -25"><span class='ocrx_word' id='word_1_61' title='bbox 76 1129 198 1187; x_wconf 84' lang='lat' dir='ltr'><strong>nis</strong></span> <span class='ocrx_word' id='word_1_62' title='bbox 248 1127 555 1204; x_wconf 86' lang='lat' dir='ltr'><strong>audierat,</strong></span> <span class='ocrx_word' id='word_1_63' title='bbox 600 1137 662 1187; x_wconf 87' lang='lat' dir='ltr'><strong>et</strong></span> <span class='ocrx_word' id='word_1_64' title='bbox 703 1129 898 1188; x_wconf 86' lang='lat' dir='ltr'><strong>Cantu</strong></span> <span class='ocrx_word' id='word_1_65' title='bbox 940 1130 990 1188; x_wconf 88' lang='lat'><strong>11</strong></span> <span class='ocrx_word' id='word_1_66' title='bbox 1035 1134 1113 1187; x_wconf 88' lang='lat' dir='ltr'><strong>ad</strong></span> <span class='ocrx_word' id='word_1_67' title='bbox 1157 1129 1381 1209; x_wconf 81' lang='lat' dir='ltr'><strong>Virgilii</strong></span> <span class='ocrx_word' id='word_1_68' title='bbox 1423 1130 1762 1209; x_wconf 81' lang='lat' dir='ltr'><strong>exemplum</strong></span> <span class='ocrx_word' id='word_1_69' title='bbox 1792 1130 1938 1190; x_wconf 81' lang='lat' dir='ltr'><strong>Aen.</strong></span> <span class='ocrx_word' id='word_1_70' title='bbox 1969 1131 2014 1207; x_wconf 90' lang='lat'><strong>1,</strong></span> <span class='ocrx_word' id='word_1_71' title='bbox 2044 1137 2171 1199; x_wconf 79' lang='lat'><strong>223</strong></span> <span class='ocrx_word' id='word_1_72' title='bbox 2195 1151 2356 1211; x_wconf 82' lang='lat' dir='ltr'><strong>seqq.</strong></span> <span class='ocrx_word' id='word_1_73' title='bbox 2414 1125 2438 1149; x_wconf 67' lang='lat'><em>⁶</em></span> 
     </span>
     <span class='ocr_line' id='line_1_9' title="bbox 76 1213 1972 1297; baseline 0 -23"><span class='ocrx_word' id='word_1_74' title='bbox 76 1213 337 1293; x_wconf 74' lang='lat' dir='ltr'><strong>iupiter</strong></span> <span class='ocrx_word' id='word_1_75' title='bbox 380 1213 597 1273; x_wconf 87' lang='lat' dir='ltr'><strong>Veneri</strong></span> <span class='ocrx_word' id='word_1_76' title='bbox 636 1214 1058 1274; x_wconf 71' lang='lat' dir='ltr'><strong>Lusitanorum</strong></span> <span class='ocrx_word' id='word_1_77' title='bbox 1099 1232 1197 1273; x_wconf 90' lang='lat' dir='ltr'><strong>res</strong></span> <span class='ocrx_word' id='word_1_78' title='bbox 1237 1216 1529 1275; x_wconf 87' lang='lat' dir='ltr'><strong>secundas</strong></span> <span class='ocrx_word' id='word_1_79' title='bbox 1569 1215 1972 1297; x_wconf 78' lang='lat' dir='ltr'><strong>praedixerat.</strong></span> 
     </span>
    </p>

    <p class='ocr_par' dir='ltr' id='par_1_5' title="bbox 74 1299 2356 1806">
     <span class='ocr_line' id='line_1_10' title="bbox 278 1299 2356 1381; baseline 0.002 -23"><span class='ocrx_word' id='word_1_80' title='bbox 278 1299 459 1372; x_wconf 86' lang='lat' dir='ltr'><strong>Quod</strong></span> <span class='ocrx_word' id='word_1_81' title='bbox 503 1300 697 1379; x_wconf 87' lang='lat' dir='ltr'><strong>primo</strong></span> <span class='ocrx_word' id='word_1_82' title='bbox 739 1299 871 1357; x_wconf 90' lang='lat' dir='ltr'><strong>loco</strong></span> <span class='ocrx_word' id='word_1_83' title='bbox 916 1319 947 1356; x_wconf 90' lang='lat' dir='ltr'><strong>e</strong></span> <span class='ocrx_word' id='word_1_84' title='bbox 990 1301 1291 1359; x_wconf 83' lang='lat' dir='ltr'><strong>Camoesio</strong></span> <span class='ocrx_word' id='word_1_85' title='bbox 1332 1301 1608 1378; x_wconf 83' lang='lat' dir='ltr'><strong>narravi,</strong></span> <span class='ocrx_word' id='word_1_86' title='bbox 1664 1311 2067 1360; x_wconf 88' lang='lat' dir='ltr'><strong>commentum</strong></span> <span class='ocrx_word' id='word_1_87' title='bbox 2109 1320 2356 1381; x_wconf 84' lang='lat' dir='ltr'><strong>compa·</strong></span> 
     </span>
     <span class='ocr_line' id='line_1_11' title="bbox 74 1384 2354 1469; baseline 0.001 -25"><span class='ocrx_word' id='word_1_88' title='bbox 74 1386 226 1444; x_wconf 85' lang='lat' dir='ltr'><strong>rari</strong></span> <span class='ocrx_word' id='word_1_89' title='bbox 274 1385 471 1462; x_wconf 87' lang='lat' dir='ltr'><strong>aliquo</strong></span> <span class='ocrx_word' id='word_1_90' title='bbox 513 1384 695 1443; x_wconf 89' lang='lat' dir='ltr'><strong>modo</strong></span> <span class='ocrx_word' id='word_1_91' title='bbox 738 1394 933 1463; x_wconf 87' lang='lat' dir='ltr'><strong>potest</strong></span> <span class='ocrx_word' id='word_1_92' title='bbox 974 1406 1112 1444; x_wconf 91' lang='lat' dir='ltr'><strong>cum</strong></span> <span class='ocrx_word' id='word_1_93' title='bbox 1142 1387 1396 1444; x_wconf 77' lang='lat' dir='ltr'><strong>Miltom’</strong></span> <span class='ocrx_word' id='word_1_94' title='bbox 1427 1386 1736 1445; x_wconf 86' lang='lat' dir='ltr'><strong>notissimo</strong></span> <span class='ocrx_word' id='word_1_95' title='bbox 1769 1385 2033 1465; x_wconf 88' lang='lat' dir='ltr'><strong>episodio</strong></span> <span class='ocrx_word' id='word_1_96' title='bbox 2060 1384 2189 1467; x_wconf 84' lang='lat' dir='ltr'><strong>(lib.</strong></span> <span class='ocrx_word' id='word_1_97' title='bbox 2220 1387 2354 1469; x_wconf 75' lang='lat' dir='ltr'><strong>xl),</strong></span> 
     </span>
     <span class='ocr_line' id='line_1_12' title="bbox 76 1468 2356 1550; baseline 0.002 -22"><span class='ocrx_word' id='word_1_98' title='bbox 76 1470 217 1529; x_wconf 83' lang='lat' dir='ltr'><strong>etsi</strong></span> <span class='ocrx_word' id='word_1_99' title='bbox 261 1468 383 1529; x_wconf 86' lang='lat' dir='ltr'><strong>hoc</strong></span> <span class='ocrx_word' id='word_1_100' title='bbox 433 1470 512 1529; x_wconf 84' lang='lat' dir='ltr'><strong>ad</strong></span> <span class='ocrx_word' id='word_1_101' title='bbox 565 1470 1023 1550; x_wconf 78' lang='lat' dir='ltr'><strong>probabiliorem</strong></span> <span class='ocrx_word' id='word_1_102' title='bbox 1072 1471 1369 1531; x_wconf 87' lang='lat' dir='ltr'><strong>rationem</strong></span> <span class='ocrx_word' id='word_1_103' title='bbox 1427 1481 1890 1550; x_wconf 75' lang='lat' dir='ltr'><strong>attemperatum</strong></span> <span class='ocrx_word' id='word_1_104' title='bbox 1954 1481 2065 1534; x_wconf 76' lang='lat' dir='ltr'><strong>est.</strong></span> <span class='ocrx_word' id='word_1_105' title='bbox 2149 1471 2356 1532; x_wconf 85' lang='lat' dir='ltr'><strong>Dedu-</strong></span> 
     </span>
     <span class='ocr_line' id='line_1_13' title="bbox 78 1553 2355 1654; baseline 0.001 -40"><span class='ocrx_word' id='word_1_106' title='bbox 78 1565 235 1615; x_wconf 84' lang='lat' dir='ltr'><strong>ctus</strong></span> <span class='ocrx_word' id='word_1_107' title='bbox 278 1555 341 1613; x_wconf 90' lang='lat' dir='ltr'><strong>in</strong></span> <span class='ocrx_word' id='word_1_108' title='bbox 387 1555 607 1615; x_wconf 84' lang='lat' dir='ltr'><strong>clivum</strong></span> <span class='ocrx_word' id='word_1_109' title='bbox 648 1575 683 1613; x_wconf 88' lang='lat' dir='ltr'><strong>a</strong></span> <span class='ocrx_word' id='word_1_110' title='bbox 726 1553 1010 1615; x_wconf 73' lang='lat' dir='ltr'><strong>michaele</strong></span> <span class='ocrx_word' id='word_1_111' title='bbox 1057 1557 1320 1615; x_wconf 86' lang='lat' dir='ltr'><strong>Adamus</strong></span> <span class='ocrx_word' id='word_1_112' title='bbox 1363 1567 1752 1654; x_wconf 66' lang='lat' dir='ltr'><strong>prospectum</strong></span> <span class='ocrx_word' id='word_1_113' title='bbox 1796 1555 1978 1616; x_wconf 85' lang='lat' dir='ltr'><strong>habet</strong></span> <span class='ocrx_word' id='word_1_114' title='bbox 2022 1556 2183 1616; x_wconf 90' lang='lat' dir='ltr'><strong>orbis</strong></span> <span class='ocrx_word' id='word_1_115' title='bbox 2222 1567 2355 1617; x_wconf 88' lang='lat' dir='ltr'><strong>ter-</strong></span> 
     </span>
     <span class='ocr_line' id='line_1_14' title="bbox 77 1641 2353 1723; baseline 0.001 -23"><span class='ocrx_word' id='word_1_116' title='bbox 77 1660 312 1700; x_wconf 78' lang='lat' dir='ltr'><strong>rarum</strong></span> <span class='ocrx_word' id='word_1_117' title='bbox 354 1650 416 1700; x_wconf 89' lang='lat' dir='ltr'><strong>et</strong></span> <span class='ocrx_word' id='word_1_118' title='bbox 457 1661 493 1699; x_wconf 92' lang='lat' dir='ltr'><strong>a</strong></span> <span class='ocrx_word' id='word_1_119' title='bbox 535 1641 748 1700; x_wconf 86' lang='lat' dir='ltr'><strong>comite</strong></span> <span class='ocrx_word' id='word_1_120' title='bbox 801 1660 1006 1701; x_wconf 88' lang='lat' dir='ltr'><strong>rerum</strong></span> <span class='ocrx_word' id='word_1_121' title='bbox 1058 1643 1300 1700; x_wconf 85' lang='lat' dir='ltr'><strong>suturar</strong></span> <span class='ocrx_word' id='word_1_122' title='bbox 1303 1663 1403 1700; x_wconf 88' lang='lat' dir='ltr'><strong>um</strong></span> <span class='ocrx_word' id='word_1_123' title='bbox 1466 1642 1898 1723; x_wconf 77' lang='lat' dir='ltr'><strong>expositionem</strong></span> <span class='ocrx_word' id='word_1_124' title='bbox 1956 1642 2147 1705; x_wconf 86' lang='lat' dir='ltr'><strong>discit.</strong></span> <span class='ocrx_word' id='word_1_125' title='bbox 2230 1643 2353 1704; x_wconf 88' lang='lat' dir='ltr'><strong>Ve-</strong></span> 
     </span>
     <span class='ocr_line' id='line_1_15' title="bbox 78 1726 1942 1806; baseline 0.001 -20"><span class='ocrx_word' id='word_1_126' title='bbox 78 1726 287 1806; x_wconf 72' lang='lat' dir='ltr'><strong>stigiis</strong></span> <span class='ocrx_word' id='word_1_127' title='bbox 328 1727 453 1790; x_wconf 76' lang='lat' dir='ltr'><strong>eius</strong></span> <span class='ocrx_word' id='word_1_128' title='bbox 499 1728 641 1785; x_wconf 85' lang='lat' dir='ltr'><strong>satis</strong></span> <span class='ocrx_word' id='word_1_129' title='bbox 681 1726 1025 1804; x_wconf 81' lang='lat' dir='ltr'><strong>obsequiosa</strong></span> <span class='ocrx_word' id='word_1_130' title='bbox 1068 1726 1289 1786; x_wconf 88' lang='lat' dir='ltr'><strong>institit</strong></span> <span class='ocrx_word' id='word_1_131' title='bbox 1328 1729 1408 1785; x_wconf 94' lang='lat' dir='ltr'><em>N</em></span> <span class='ocrx_word' id='word_1_132' title='bbox 1403 1727 1673 1787; x_wconf 69' lang='lat' dir='ltr'><strong>oachislis</strong></span> <span class='ocrx_word' id='word_1_133' title='bbox 1715 1735 1942 1788; x_wconf 84' lang='lat' dir='ltr'><strong>auctor.</strong></span> 
     </span>
    </p>

    <p class='ocr_par' dir='ltr' id='par_1_6' title="bbox 78 1810 2353 4288">
     <span class='ocr_line' id='line_1_16' title="bbox 276 1810 2353 1891; baseline 0.001 -23"><span class='ocrx_word' id='word_1_134' title='bbox 276 1810 328 1868; x_wconf 80' lang='lat' dir='ltr'>A</span> <span class='ocrx_word' id='word_1_135' title='bbox 369 1812 606 1890; x_wconf 86' lang='lat' dir='ltr'><strong>magicis</strong></span> <span class='ocrx_word' id='word_1_136' title='bbox 647 1812 974 1891; x_wconf 76' lang='lat' dir='ltr'><strong>praestigiis</strong></span> <span class='ocrx_word' id='word_1_137' title='bbox 1019 1821 1079 1870; x_wconf 90' lang='lat' dir='ltr'><strong>et</strong></span> <span class='ocrx_word' id='word_1_138' title='bbox 1113 1811 1571 1872; x_wconf 76' lang='lat' dir='ltr'><strong>incantamentis</strong></span> <span class='ocrx_word' id='word_1_139' title='bbox 1611 1813 1868 1873; x_wconf 77' lang='lat' dir='ltr'><strong>retraxit</strong></span> <span class='ocrx_word' id='word_1_140' title='bbox 1921 1821 1984 1872; x_wconf 91' lang='lat' dir='ltr'><strong>et</strong></span> <span class='ocrx_word' id='word_1_141' title='bbox 2044 1810 2125 1871; x_wconf 85' lang='lat' dir='ltr'><strong>ad</strong></span> <span class='ocrx_word' id='word_1_142' title='bbox 2181 1822 2353 1874; x_wconf 82' lang='lat' dir='ltr'><strong>vete-</strong></span> 
     </span>
     <span class='ocr_line' id='line_1_17' title="bbox 78 1897 2351 1977; baseline -0 -19"><span class='ocrx_word' id='word_1_143' title='bbox 78 1917 240 1958; x_wconf 85' lang='lat' dir='ltr'><strong>rum</strong></span> <span class='ocrx_word' id='word_1_144' title='bbox 296 1897 536 1976; x_wconf 79' lang='lat' dir='ltr'><strong>vestigia</strong></span> <span class='ocrx_word' id='word_1_145' title='bbox 606 1898 850 1975; x_wconf 84' lang='lat' dir='ltr'><strong>legenda</strong></span> <span class='ocrx_word' id='word_1_146' title='bbox 911 1898 1221 1957; x_wconf 86' lang='lat' dir='ltr'><strong>revocavit</strong></span> <span class='ocrx_word' id='word_1_147' title='bbox 1287 1898 1430 1957; x_wconf 84' lang='lat' dir='ltr'><strong>alios</strong></span> <span class='ocrx_word' id='word_1_148' title='bbox 1501 1900 1629 1976; x_wconf 85' lang='lat' dir='ltr'><strong>ipsa</strong></span> <span class='ocrx_word' id='word_1_149' title='bbox 1680 1898 2052 1977; x_wconf 83' lang='lat' dir='ltr'><strong>argumenti,</strong></span> <span class='ocrx_word' id='word_1_150' title='bbox 2111 1897 2179 1956; x_wconf 89' lang='lat' dir='ltr'><strong>in</strong></span> <span class='ocrx_word' id='word_1_151' title='bbox 2229 1918 2351 1976; x_wconf 86' lang='lat' dir='ltr'><strong>quo</strong></span> 
     </span>
     <span class='ocr_line' id='line_1_18' title="bbox 81 1982 2353 2083; baseline -0.001 -38"><span class='ocrx_word' id='word_1_152' title='bbox 81 1983 535 2057; x_wconf 81' lang='lat' dir='ltr'><strong>versabantur,</strong></span> <span class='ocrx_word' id='word_1_153' title='bbox 600 1982 909 2050; x_wconf 78' lang='lat' dir='ltr'><strong>interdum</strong></span> <span class='ocrx_word' id='word_1_154' title='bbox 978 1991 1315 2062; x_wconf 88' lang='lat' dir='ltr'><strong>temporum</strong></span> <span class='ocrx_word' id='word_1_155' title='bbox 1381 2003 1618 2083; x_wconf 81' lang='lat' dir='ltr'><strong>quoque</strong></span> <span class='ocrx_word' id='word_1_156' title='bbox 1673 1993 1734 2041; x_wconf 88' lang='lat' dir='ltr'><strong>et</strong></span> <span class='ocrx_word' id='word_1_157' title='bbox 1790 1982 2131 2083; x_wconf 80' lang='lat' dir='ltr'><strong>hominum,</strong></span> <span class='ocrx_word' id='word_1_158' title='bbox 2192 1983 2353 2043; x_wconf 88' lang='lat' dir='ltr'><strong>inter</strong></span> 
     </span>
     <span class='ocr_line' id='line_1_19' title="bbox 82 2067 2352 2148; baseline -0 -20"><span class='ocrx_word' id='word_1_159' title='bbox 82 2088 255 2148; x_wconf 83' lang='lat' dir='ltr'><strong>quos</strong></span> <span class='ocrx_word' id='word_1_160' title='bbox 295 2067 616 2143; x_wconf 83' lang='lat' dir='ltr'><strong>vivebant,</strong></span> <span class='ocrx_word' id='word_1_161' title='bbox 660 2077 895 2127; x_wconf 86' lang='lat' dir='ltr'><strong>natura.</strong></span> <span class='ocrx_word' id='word_1_162' title='bbox 979 2067 1058 2127; x_wconf 79' lang='lat' dir='ltr'><strong>Hi</strong></span> <span class='ocrx_word' id='word_1_163' title='bbox 1094 2071 1217 2127; x_wconf 84' lang='lat' dir='ltr'><strong>sere</strong></span> <span class='ocrx_word' id='word_1_164' title='bbox 1260 2068 1337 2126; x_wconf 97' lang='lat' dir='ltr'><strong>ad</strong></span> <span class='ocrx_word' id='word_1_165' title='bbox 1380 2073 1516 2130; x_wconf 73' lang='lat' dir='ltr'><strong>visa</strong></span> <span class='ocrx_word' id='word_1_166' title='bbox 1558 2089 1630 2127; x_wconf 88' lang='lat' dir='ltr'><strong>ac</strong></span> <span class='ocrx_word' id='word_1_167' title='bbox 1670 2073 1905 2128; x_wconf 74' lang='lat' dir='ltr'><strong>somnia</strong></span> <span class='ocrx_word' id='word_1_168' title='bbox 1943 2068 2166 2147; x_wconf 76' lang='lat' dir='ltr'><strong>delapsi</strong></span> <span class='ocrx_word' id='word_1_169' title='bbox 2188 2079 2352 2146; x_wconf 84' lang='lat' dir='ltr'><strong>sunt,</strong></span> 
     </span>
     <span class='ocr_line' id='line_1_20' title="bbox 81 2152 2352 2233; baseline 0 -20"><span class='ocrx_word' id='word_1_170' title='bbox 81 2154 320 2233; x_wconf 85' lang='lat' dir='ltr'><strong>quibus</strong></span> <span class='ocrx_word' id='word_1_171' title='bbox 360 2155 598 2213; x_wconf 82' lang='lat' dir='ltr'><strong>futuros</strong></span> <span class='ocrx_word' id='word_1_172' title='bbox 641 2173 811 2213; x_wconf 89' lang='lat' dir='ltr'><strong>casus</strong></span> <span class='ocrx_word' id='word_1_173' title='bbox 851 2155 1192 2232; x_wconf 87' lang='lat' dir='ltr'><strong>praedictos</strong></span> <span class='ocrx_word' id='word_1_174' title='bbox 1230 2152 1619 2230; x_wconf 72' lang='lat' dir='ltr'><strong>exhiberent,</strong></span> <span class='ocrx_word' id='word_1_175' title='bbox 1686 2163 1796 2214; x_wconf 90' lang='lat' dir='ltr'><strong>aut</strong></span> <span class='ocrx_word' id='word_1_176' title='bbox 1851 2156 2168 2213; x_wconf 72' lang='lat' dir='ltr'><strong>Palauum</strong></span> <span class='ocrx_word' id='word_1_177' title='bbox 2217 2157 2352 2213; x_wconf 82' lang='lat' dir='ltr'><strong>Fa-</strong></span> 
     </span>
     <span class='ocr_line' id='line_1_21' title="bbox 84 2238 2352 2314; baseline -0 -14"><span class='ocrx_word' id='word_1_178' title='bbox 84 2254 296 2300; x_wconf 77' lang='lat' dir='ltr'><strong>torum</strong></span> <span class='ocrx_word' id='word_1_179' title='bbox 338 2239 659 2298; x_wconf 86' lang='lat' dir='ltr'><strong>commenti</strong></span> <span class='ocrx_word' id='word_1_180' title='bbox 699 2246 876 2314; x_wconf 84' lang='lat' dir='ltr'><strong>sunt,</strong></span> <span class='ocrx_word' id='word_1_181' title='bbox 939 2258 1070 2297; x_wconf 90' lang='lat' dir='ltr'><strong>rem</strong></span> <span class='ocrx_word' id='word_1_182' title='bbox 1112 2239 1191 2297; x_wconf 87' lang='lat' dir='ltr'><strong>ad</strong></span> <span class='ocrx_word' id='word_1_183' title='bbox 1233 2239 1658 2299; x_wconf 83' lang='lat' dir='ltr'><strong>exornandum</strong></span> <span class='ocrx_word' id='word_1_184' title='bbox 1700 2240 1844 2298; x_wconf 88' lang='lat' dir='ltr'><strong>satis</strong></span> <span class='ocrx_word' id='word_1_185' title='bbox 1904 2238 2160 2301; x_wconf 77' lang='lat' dir='ltr'><strong>obviam.</strong></span> <span class='ocrx_word' id='word_1_186' title='bbox 2245 2238 2352 2299; x_wconf 83' lang='lat' dir='ltr'><strong>In-</strong></span> 
     </span>
     <span class='ocr_line' id='line_1_22' title="bbox 85 2323 2351 2385; baseline -0.001 0"><span class='ocrx_word' id='word_1_187' title='bbox 85 2336 198 2385; x_wconf 85' lang='lat' dir='ltr'><strong>tra</strong></span> <span class='ocrx_word' id='word_1_188' title='bbox 240 2324 400 2384; x_wconf 89' lang='lat' dir='ltr'><strong>idem</strong></span> <span class='ocrx_word' id='word_1_189' title='bbox 443 2343 756 2384; x_wconf 89' lang='lat' dir='ltr'><strong>commune</strong></span> <span class='ocrx_word' id='word_1_190' title='bbox 812 2324 1143 2384; x_wconf 89' lang='lat' dir='ltr'><strong>multorum</strong></span> <span class='ocrx_word' id='word_1_191' title='bbox 1194 2323 1514 2385; x_wconf 84' lang='lat' dir='ltr'><strong>inventum</strong></span> <span class='ocrx_word' id='word_1_192' title='bbox 1570 2325 1843 2385; x_wconf 76' lang='lat' dir='ltr'><strong>substitit</strong></span> <span class='ocrx_word' id='word_1_193' title='bbox 1895 2334 2108 2385; x_wconf 82' lang='lat' dir='ltr'><strong>auctor</strong></span> <span class='ocrx_word' id='word_1_194' title='bbox 2170 2326 2351 2383; x_wconf 72' lang='lat' dir='ltr'><strong>Hen—</strong></span> 
     </span>
     <span class='ocr_line' id='line_1_23' title="bbox 85 2408 2352 2489; baseline 0 -21"><span class='ocrx_word' id='word_1_195' title='bbox 85 2410 314 2469; x_wconf 71' lang='lat' dir='ltr'><strong>n‘adis.</strong></span> <span class='ocrx_word' id='word_1_196' title='bbox 402 2410 554 2468; x_wconf 84' lang='lat' dir='ltr'><strong>Nam</strong></span> <span class='ocrx_word' id='word_1_197' title='bbox 608 2420 808 2469; x_wconf 89' lang='lat' dir='ltr'><strong>emota</strong></span> <span class='ocrx_word' id='word_1_198' title='bbox 876 2429 912 2466; x_wconf 89' lang='lat' dir='ltr'><strong>a</strong></span> <span class='ocrx_word' id='word_1_199' title='bbox 984 2413 1042 2468; x_wconf 87' lang='lat' dir='ltr'><strong>S.</strong></span> <span class='ocrx_word' id='word_1_200' title='bbox 1094 2408 1400 2468; x_wconf 86' lang='lat' dir='ltr'><strong>Ludovico</strong></span> <span class='ocrx_word' id='word_1_201' title='bbox 1462 2420 1662 2469; x_wconf 84' lang='lat' dir='ltr'><strong>mente</strong></span> <span class='ocrx_word' id='word_1_202' title='bbox 1717 2408 2013 2469; x_wconf 86' lang='lat' dir='ltr'><strong>Henricus</strong></span> <span class='ocrx_word' id='word_1_203' title='bbox 2068 2409 2352 2489; x_wconf 89' lang='lat' dir='ltr'><strong>abreptus</strong></span> 
     </span>
     <span class='ocr_line' id='line_1_24' title="bbox 89 2493 2350 2577; baseline 0 -23"><span class='ocrx_word' id='word_1_204' title='bbox 89 2506 383 2577; x_wconf 84' lang='lat' dir='ltr'><strong>peragrat</strong></span> <span class='ocrx_word' id='word_1_205' title='bbox 424 2495 652 2554; x_wconf 88' lang='lat' dir='ltr'><strong>caelum</strong></span> <span class='ocrx_word' id='word_1_206' title='bbox 696 2516 768 2554; x_wconf 89' lang='lat' dir='ltr'><strong>ac</strong></span> <span class='ocrx_word' id='word_1_207' title='bbox 809 2493 1035 2570; x_wconf 85' lang='lat' dir='ltr'><strong>sidera,</strong></span> <span class='ocrx_word' id='word_1_208' title='bbox 1093 2494 1316 2572; x_wconf 87' lang='lat' dir='ltr'><strong>regiam</strong></span> <span class='ocrx_word' id='word_1_209' title='bbox 1372 2493 1502 2571; x_wconf 85' lang='lat' dir='ltr'><strong>dei,</strong></span> <span class='ocrx_word' id='word_1_210' title='bbox 1563 2495 1885 2555; x_wconf 83' lang='lat' dir='ltr'><strong>Tartarum</strong></span> <span class='ocrx_word' id='word_1_211' title='bbox 1946 2505 2008 2555; x_wconf 88' lang='lat' dir='ltr'><strong>et</strong></span> <span class='ocrx_word' id='word_1_212' title='bbox 2063 2495 2350 2574; x_wconf 87' lang='lat' dir='ltr'><strong>Elysium,</strong></span> 
     </span>
     <span class='ocr_line' id='line_1_25' title="bbox 89 2580 2348 2659; baseline -0.001 -17"><span class='ocrx_word' id='word_1_213' title='bbox 89 2581 378 2656; x_wconf 84' lang='lat' dir='ltr'><strong>tandem,</strong></span> <span class='ocrx_word' id='word_1_214' title='bbox 435 2582 542 2640; x_wconf 90' lang='lat' dir='ltr'><strong>ubi</strong></span> <span class='ocrx_word' id='word_1_215' title='bbox 583 2581 662 2640; x_wconf 89' lang='lat' dir='ltr'><strong>ad</strong></span> <span class='ocrx_word' id='word_1_216' title='bbox 723 2581 1014 2640; x_wconf 82' lang='lat' dir='ltr'><strong>Fatorum</strong></span> <span class='ocrx_word' id='word_1_217' title='bbox 1071 2580 1357 2659; x_wconf 86' lang='lat' dir='ltr'><strong>palatium</strong></span> <span class='ocrx_word' id='word_1_218' title='bbox 1411 2582 1722 2659; x_wconf 86' lang='lat' dir='ltr'><strong>pervenit,</strong></span> <span class='ocrx_word' id='word_1_219' title='bbox 1779 2599 2018 2657; x_wconf 86' lang='lat' dir='ltr'><strong>eorum,</strong></span> <span class='ocrx_word' id='word_1_220' title='bbox 2074 2582 2179 2658; x_wconf 89' lang='lat' dir='ltr'><strong>qui</strong></span> <span class='ocrx_word' id='word_1_221' title='bbox 2234 2602 2348 2639; x_wconf 89' lang='lat' dir='ltr'><strong>na-</strong></span> 
     </span>
     <span class='ocr_line' id='line_1_26' title="bbox 91 2665 2348 2744; baseline -0.002 -17"><span class='ocrx_word' id='word_1_222' title='bbox 91 2676 379 2742; x_wconf 86' lang='lat' dir='ltr'><strong>scentur,</strong></span> <span class='ocrx_word' id='word_1_223' title='bbox 420 2666 738 2726; x_wconf 83' lang='lat' dir='ltr'><strong>simulacra</strong></span> <span class='ocrx_word' id='word_1_224' title='bbox 767 2677 830 2725; x_wconf 91' lang='lat' dir='ltr'><strong>et</strong></span> <span class='ocrx_word' id='word_1_225' title='bbox 874 2666 1091 2728; x_wconf 77' lang='grc' dir='ltr'><em>εἴδωλα</em></span> <span class='ocrx_word' id='word_1_226' title='bbox 1132 2665 1403 2744; x_wconf 73' lang='lat' dir='ltr'><strong>dispicit,</strong></span> <span class='ocrx_word' id='word_1_227' title='bbox 1459 2666 1658 2725; x_wconf 88' lang='lat' dir='ltr'><strong>omnia</strong></span> <span class='ocrx_word' id='word_1_228' title='bbox 1712 2675 1973 2725; x_wconf 85' lang='lat' dir='ltr'><strong>tractata</strong></span> <span class='ocrx_word' id='word_1_229' title='bbox 2021 2675 2165 2724; x_wconf 87' lang='lat' dir='ltr'><strong>sunt</strong></span> <span class='ocrx_word' id='word_1_230' title='bbox 2217 2675 2348 2724; x_wconf 89' lang='lat' dir='ltr'><strong>arte</strong></span> 
     </span>
     <span class='ocr_line' id='line_1_27' title="bbox 92 2750 2348 2831; baseline -0.003 -18"><span class='ocrx_word' id='word_1_231' title='bbox 92 2753 247 2813; x_wconf 84' lang='lat' dir='ltr'><strong>satis</strong></span> <span class='ocrx_word' id='word_1_232' title='bbox 281 2752 546 2830; x_wconf 86' lang='lat' dir='ltr'><strong>vulgari,</strong></span> <span class='ocrx_word' id='word_1_233' title='bbox 605 2761 668 2811; x_wconf 90' lang='lat' dir='ltr'><strong>et</strong></span> <span class='ocrx_word' id='word_1_234' title='bbox 709 2750 978 2831; x_wconf 85' lang='lat' dir='ltr'><strong>argutius</strong></span> <span class='ocrx_word' id='word_1_235' title='bbox 1016 2751 1211 2811; x_wconf 89' lang='lat' dir='ltr'><strong>multo</strong></span> <span class='ocrx_word' id='word_1_236' title='bbox 1250 2750 1510 2829; x_wconf 88' lang='lat' dir='ltr'><strong>repetita</strong></span> <span class='ocrx_word' id='word_1_237' title='bbox 1552 2752 1618 2810; x_wconf 90' lang='lat' dir='ltr'><strong>in</strong></span> <span class='ocrx_word' id='word_1_238' title='bbox 1659 2750 2067 2811; x_wconf 79' lang='lat' dir='ltr'><strong>Aurelianensi</strong></span> <span class='ocrx_word' id='word_1_239' title='bbox 2119 2750 2348 2830; x_wconf 77' lang='lat' dir='ltr'><strong>puella3</strong></span> 
     </span>
     <span class='ocr_line' id='line_1_28' title="bbox 91 2835 2345 2918; baseline -0.002 -20"><span class='ocrx_word' id='word_1_240' title='bbox 91 2838 218 2899; x_wconf 82' lang='lat' dir='ltr'><strong>nisi</strong></span> <span class='ocrx_word' id='word_1_241' title='bbox 274 2838 439 2915; x_wconf 86' lang='lat' dir='ltr'><strong>quod</strong></span> <span class='ocrx_word' id='word_1_242' title='bbox 490 2839 831 2918; x_wconf 87' lang='lat' dir='ltr'><strong>praeclarus</strong></span> <span class='ocrx_word' id='word_1_243' title='bbox 886 2836 1054 2896; x_wconf 90' lang='lat' dir='ltr'><strong>locus</strong></span> <span class='ocrx_word' id='word_1_244' title='bbox 1075 2862 1093 2869; x_wconf 21' lang='grc' dir='ltr'><strong>Δ·</strong></span> <span class='ocrx_word' id='word_1_245' title='bbox 1108 2836 1380 2914; x_wconf 88' lang='lat' dir='ltr'><strong>sequitur</strong></span> <span class='ocrx_word' id='word_1_246' title='bbox 1391 2880 1410 2912; x_wconf 97' lang='lat'><strong>,</strong></span> <span class='ocrx_word' id='word_1_247' title='bbox 1476 2837 1581 2896; x_wconf 89' lang='lat' dir='ltr'><strong>ubi</strong></span> <span class='ocrx_word' id='word_1_248' title='bbox 1641 2835 1886 2896; x_wconf 82' lang='lat' dir='ltr'><strong>Henrici</strong></span> <span class='ocrx_word' id='word_1_249' title='bbox 1938 2836 2345 2915; x_wconf 84' lang='lat' dir='ltr'><strong>posteritatem</strong></span> 
     </span>
     <span class='ocr_line' id='line_1_29' title="bbox 93 2922 2344 3001; baseline -0.002 -17"><span class='ocrx_word' id='word_1_250' title='bbox 93 2942 385 2984; x_wconf 81' lang='lat' dir='ltr'><strong>enarrare</strong></span> <span class='ocrx_word' id='word_1_251' title='bbox 444 2923 700 2982; x_wconf 85' lang='lat' dir='ltr'><strong>orditur.</strong></span> <span class='ocrx_word' id='word_1_252' title='bbox 769 2922 1010 2981; x_wconf 84' lang='lat' dir='ltr'><strong>Inventi</strong></span> <span class='ocrx_word' id='word_1_253' title='bbox 1065 2923 1398 2981; x_wconf 87' lang='lat' dir='ltr'><strong>novitatem</strong></span> <span class='ocrx_word' id='word_1_254' title='bbox 1474 2931 1546 2981; x_wconf 91' lang='lat' dir='ltr'><strong>ut</strong></span> <span class='ocrx_word' id='word_1_255' title='bbox 1609 2922 1674 2983; x_wconf 88' lang='lat' dir='ltr'><strong>in</strong></span> <span class='ocrx_word' id='word_1_256' title='bbox 1746 2922 1994 3001; x_wconf 87' lang='lat' dir='ltr'><strong>reliquis</strong></span> <span class='ocrx_word' id='word_1_257' title='bbox 2066 2922 2344 2981; x_wconf 81' lang='lat' dir='ltr'><strong>carminis</strong></span> 
     </span>
     <span class='ocr_line' id='line_1_30' title="bbox 93 3004 2346 3091; baseline -0.001 -24"><span class='ocrx_word' id='word_1_258' title='bbox 93 3008 374 3091; x_wconf 81' lang='lat' dir='ltr'><strong>partibus</strong></span> <span class='ocrx_word' id='word_1_259' title='bbox 428 3007 517 3067; x_wconf 86' lang='lat' dir='ltr'><strong>ita</strong></span> <span class='ocrx_word' id='word_1_260' title='bbox 576 3017 638 3068; x_wconf 90' lang='lat' dir='ltr'><strong>et</strong></span> <span class='ocrx_word' id='word_1_261' title='bbox 692 3008 761 3067; x_wconf 90' lang='lat' dir='ltr'><strong>in</strong></span> <span class='ocrx_word' id='word_1_262' title='bbox 815 3007 932 3067; x_wconf 86' lang='lat' dir='ltr'><strong>hac</strong></span> <span class='ocrx_word' id='word_1_263' title='bbox 1005 3007 1302 3067; x_wconf 82' lang='lat' dir='ltr'><strong>desideres</strong></span> <span class='ocrx_word' id='word_1_264' title='bbox 1358 3007 1422 3066; x_wconf 88' lang='lat' dir='ltr'><strong>in</strong></span> <span class='ocrx_word' id='word_1_265' title='bbox 1478 3007 1864 3067; x_wconf 86' lang='lat' dir='ltr'><strong>Columbiade</strong></span> <span class='ocrx_word' id='word_1_266' title='bbox 1928 3004 2346 3089; x_wconf 78' lang='lat' dir='ltr'><strong>(Columbiade</strong></span> 
     </span>
     <span class='ocr_line' id='line_1_31' title="bbox 96 3090 2343 3173; baseline -0.001 -20"><span class='ocrx_word' id='word_1_267' title='bbox 96 3096 179 3153; x_wconf 78' lang='lat' dir='ltr'><strong>de</strong></span> <span class='ocrx_word' id='word_1_268' title='bbox 222 3095 368 3151; x_wconf 56' lang='lat' dir='ltr'><strong>MN</strong></span> <span class='ocrx_word' id='word_1_269' title='bbox 410 3094 484 3152; x_wconf 78' lang='lat' dir='ltr'><strong>da</strong></span> <span class='ocrx_word' id='word_1_270' title='bbox 526 3095 815 3170; x_wconf 79' lang='lat' dir='ltr'><strong>Boccage</strong></span> <span class='ocrx_word' id='word_1_271' title='bbox 859 3091 1057 3152; x_wconf 88' lang='lat' dir='ltr'><strong>Chant</strong></span> <span class='ocrx_word' id='word_1_272' title='bbox 1098 3090 1234 3173; x_wconf 85' lang='lat' dir='ltr'><strong>IX).</strong></span> <span class='ocrx_word' id='word_1_273' title='bbox 1319 3093 1537 3151; x_wconf 87' lang='lat' dir='ltr'><strong>Zamae</strong></span> <span class='ocrx_word' id='word_1_274' title='bbox 1592 3094 1787 3152; x_wconf 85' lang='lat' dir='ltr'><strong>anima</strong></span> <span class='ocrx_word' id='word_1_275' title='bbox 1842 3091 1921 3152; x_wconf 86' lang='lat' dir='ltr'><strong>ad</strong></span> <span class='ocrx_word' id='word_1_276' title='bbox 1987 3091 2343 3151; x_wconf 87' lang='lat' dir='ltr'><strong>Columbum</strong></span> 
     </span>
     <span class='ocr_line' id='line_1_32' title="bbox 97 3175 2345 3257; baseline -0.002 -17"><span class='ocrx_word' id='word_1_277' title='bbox 97 3181 179 3240; x_wconf 91' lang='lat' dir='ltr'><strong>de</strong></span> <span class='ocrx_word' id='word_1_278' title='bbox 236 3177 397 3237; x_wconf 88' lang='lat' dir='ltr'><strong>caelo</strong></span> <span class='ocrx_word' id='word_1_279' title='bbox 444 3178 682 3257; x_wconf 84' lang='lat' dir='ltr'><strong>delapsa</strong></span> <span class='ocrx_word' id='word_1_280' title='bbox 736 3199 859 3237; x_wconf 90' lang='lat' dir='ltr'><strong>non</strong></span> <span class='ocrx_word' id='word_1_281' title='bbox 911 3178 1093 3237; x_wconf 86' lang='lat' dir='ltr'><strong>modo</strong></span> <span class='ocrx_word' id='word_1_282' title='bbox 1148 3179 1386 3237; x_wconf 78' lang='lat' dir='ltr'><strong>futuros</strong></span> <span class='ocrx_word' id='word_1_283' title='bbox 1448 3178 1720 3238; x_wconf 86' lang='lat' dir='ltr'><strong>Columbi</strong></span> <span class='ocrx_word' id='word_1_284' title='bbox 1776 3197 1947 3238; x_wconf 86' lang='lat' dir='ltr'><strong>casus</strong></span> <span class='ocrx_word' id='word_1_285' title='bbox 2002 3175 2110 3235; x_wconf 84' lang='lat' dir='ltr'><strong>sed</strong></span> <span class='ocrx_word' id='word_1_286' title='bbox 2156 3177 2345 3237; x_wconf 85' lang='lat' dir='ltr'><strong>totius</strong></span> 
     </span>
     <span class='ocr_line' id='line_1_33' title="bbox 94 3262 2345 3345; baseline -0.002 -19"><span class='ocrx_word' id='word_1_287' title='bbox 94 3267 374 3343; x_wconf 87' lang='lat' dir='ltr'><strong>Europae</strong></span> <span class='ocrx_word' id='word_1_288' title='bbox 412 3264 533 3322; x_wconf 83' lang='lat' dir='ltr'><strong>fata</strong></span> <span class='ocrx_word' id='word_1_289' title='bbox 572 3265 717 3322; x_wconf 88' lang='lat' dir='ltr'><strong>satis</strong></span> <span class='ocrx_word' id='word_1_290' title='bbox 758 3263 834 3322; x_wconf 90' lang='lat' dir='ltr'><strong>ab</strong></span> <span class='ocrx_word' id='word_1_291' title='bbox 878 3273 1227 3343; x_wconf 83' lang='lat' dir='ltr'><strong>argumento</strong></span> <span class='ocrx_word' id='word_1_292' title='bbox 1285 3262 1475 3322; x_wconf 85' lang='lat' dir='ltr'><strong>aliena</strong></span> <span class='ocrx_word' id='word_1_293' title='bbox 1531 3264 1796 3345; x_wconf 83' lang='lat' dir='ltr'><strong>exponit.</strong></span> <span class='ocrx_word' id='word_1_294' title='bbox 1880 3264 2102 3323; x_wconf 76' lang='lat' dir='ltr'><strong>Puella</strong></span> <span class='ocrx_word' id='word_1_295' title='bbox 2146 3266 2345 3322; x_wconf 81' lang='lat' dir='ltr'><strong>Aure-</strong></span> 
     </span>
     <span class='ocr_line' id='line_1_34' title="bbox 93 3346 2341 3431; baseline -0.003 -19"><span class='ocrx_word' id='word_1_296' title='bbox 93 3351 383 3412; x_wconf 75' lang='lat' dir='ltr'><strong>lianensis</strong></span> <span class='ocrx_word' id='word_1_297' title='bbox 431 3350 751 3427; x_wconf 70' lang='lat' dir='ltr'><strong>capellani</strong></span> <span class='ocrx_word' id='word_1_298' title='bbox 767 3366 771 3370; x_wconf 51' lang='lat'>*</span> <span class='ocrx_word' id='word_1_299' title='bbox 793 3368 917 3407; x_wconf 90' lang='lat' dir='ltr'><strong>non</strong></span> <span class='ocrx_word' id='word_1_300' title='bbox 958 3350 1155 3408; x_wconf 90' lang='lat' dir='ltr'><strong>minus</strong></span> <span class='ocrx_word' id='word_1_301' title='bbox 1195 3348 1433 3408; x_wconf 86' lang='lat' dir='ltr'><strong>laborat</strong></span> <span class='ocrx_word' id='word_1_302' title='bbox 1473 3349 1538 3409; x_wconf 88' lang='lat' dir='ltr'><strong>in</strong></span> <span class='ocrx_word' id='word_1_303' title='bbox 1580 3369 1650 3408; x_wconf 89' lang='lat' dir='ltr'><strong>eo</strong></span> <span class='ocrx_word' id='word_1_304' title='bbox 1694 3348 1957 3429; x_wconf 87' lang='lat' dir='ltr'><strong>episodio</strong></span> <span class='ocrx_word' id='word_1_305' title='bbox 1985 3346 2136 3431; x_wconf 87' lang='lat' dir='ltr'><strong>(Lib.</strong></span> <span class='ocrx_word' id='word_1_306' title='bbox 2165 3347 2341 3429; x_wconf 82' lang='lat' dir='ltr'><strong>vm),</strong></span> 
     </span>
     <span class='ocr_line' id='line_1_35' title="bbox 95 3433 2342 3515; baseline -0.001 -21"><span class='ocrx_word' id='word_1_307' title='bbox 95 3454 221 3515; x_wconf 84' lang='lat' dir='ltr'><strong>quo</strong></span> <span class='ocrx_word' id='word_1_308' title='bbox 262 3435 326 3493; x_wconf 90' lang='lat' dir='ltr'><strong>in</strong></span> <span class='ocrx_word' id='word_1_309' title='bbox 367 3444 542 3494; x_wconf 87' lang='lat' dir='ltr'><strong>antro</strong></span> <span class='ocrx_word' id='word_1_310' title='bbox 596 3433 935 3514; x_wconf 81' lang='lat' dir='ltr'><strong>Marculphi</strong></span> <span class='ocrx_word' id='word_1_311' title='bbox 995 3434 1303 3508; x_wconf 87' lang='lat' dir='ltr'><strong>eremitae,</strong></span> <span class='ocrx_word' id='word_1_312' title='bbox 1359 3453 1467 3514; x_wconf 89' lang='lat' dir='ltr'><strong>per</strong></span> <span class='ocrx_word' id='word_1_313' title='bbox 1522 3435 1719 3494; x_wconf 81' lang='lat' dir='ltr'><strong>visum</strong></span> <span class='ocrx_word' id='word_1_314' title='bbox 1767 3434 2043 3513; x_wconf 88' lang='lat' dir='ltr'><strong>precibus</strong></span> <span class='ocrx_word' id='word_1_315' title='bbox 2102 3441 2165 3493; x_wconf 90' lang='lat' dir='ltr'><strong>et</strong></span> <span class='ocrx_word' id='word_1_316' title='bbox 2226 3454 2342 3493; x_wconf 90' lang='lat' dir='ltr'><strong>no-</strong></span> 
     </span>
     <span class='ocr_line' id='line_1_36' title="bbox 93 3519 2342 3599; baseline -0.002 -16"><span class='ocrx_word' id='word_1_317' title='bbox 93 3519 361 3583; x_wconf 79' lang='lat' dir='ltr'><strong>vendiali</strong></span> <span class='ocrx_word' id='word_1_318' title='bbox 403 3540 571 3579; x_wconf 84' lang='lat' dir='ltr'><strong>sacro</strong></span> <span class='ocrx_word' id='word_1_319' title='bbox 615 3520 1031 3599; x_wconf 84' lang='lat' dir='ltr'><strong>efflagitatum,</strong></span> <span class='ocrx_word' id='word_1_320' title='bbox 1087 3521 1231 3599; x_wconf 87' lang='lat' dir='ltr'><strong>Regi</strong></span> <span class='ocrx_word' id='word_1_321' title='bbox 1275 3520 1486 3579; x_wconf 88' lang='lat' dir='ltr'><strong>Carolo</strong></span> <span class='ocrx_word' id='word_1_322' title='bbox 1529 3540 1667 3579; x_wconf 90' lang='lat' dir='ltr'><strong>cum</strong></span> <span class='ocrx_word' id='word_1_323' title='bbox 1724 3520 1895 3579; x_wconf 89' lang='lat' dir='ltr'><strong>sociis</strong></span> <span class='ocrx_word' id='word_1_324' title='bbox 1954 3520 2164 3578; x_wconf 84' lang='lat' dir='ltr'><strong>futura</strong></span> <span class='ocrx_word' id='word_1_325' title='bbox 2217 3520 2342 3578; x_wconf 84' lang='lat' dir='ltr'><strong>fata</strong></span> 
     </span>
     <span class='ocr_line' id='line_1_37' title="bbox 93 3604 2339 3686; baseline -0.002 -18"><span class='ocrx_word' id='word_1_326' title='bbox 93 3606 290 3686; x_wconf 85' lang='lat' dir='ltr'><strong>angeli</strong></span> <span class='ocrx_word' id='word_1_327' title='bbox 329 3625 476 3664; x_wconf 79' lang='lat' dir='ltr'><strong>voce</strong></span> <span class='ocrx_word' id='word_1_328' title='bbox 521 3610 897 3666; x_wconf 69' lang='lat' dir='ltr'><strong>enarrantur.</strong></span> <span class='ocrx_word' id='word_1_329' title='bbox 981 3604 1146 3664; x_wconf 86' lang='lat' dir='ltr'><strong>Miris</strong></span> <span class='ocrx_word' id='word_1_330' title='bbox 1187 3604 1382 3664; x_wconf 84' lang='lat' dir='ltr'><strong>modis</strong></span> <span class='ocrx_word' id='word_1_331' title='bbox 1421 3604 1702 3665; x_wconf 84' lang='lat' dir='ltr'><strong>Veritatis</strong></span> <span class='ocrx_word' id='word_1_332' title='bbox 1743 3625 1848 3664; x_wconf 85' lang='lat' dir='ltr'><strong>seu</strong></span> <span class='ocrx_word' id='word_1_333' title='bbox 1897 3605 2188 3664; x_wconf 86' lang='lat' dir='ltr'><strong>Fatorum</strong></span> <span class='ocrx_word' id='word_1_334' title='bbox 2229 3624 2339 3663; x_wconf 85' lang='lat' dir='ltr'><strong>ve-</strong></span> 
     </span>
     <span class='ocr_line' id='line_1_38' title="bbox 91 3690 2340 3771; baseline -0.002 -19"><span class='ocrx_word' id='word_1_335' title='bbox 91 3695 225 3755; x_wconf 86' lang='lat' dir='ltr'><strong>rius</strong></span> <span class='ocrx_word' id='word_1_336' title='bbox 293 3691 603 3771; x_wconf 85' lang='lat' dir='ltr'><strong>Templum</strong></span> <span class='ocrx_word' id='word_1_337' title='bbox 676 3690 985 3770; x_wconf 82' lang='lat' dir='ltr'><strong>descripsit</strong></span> <span class='ocrx_word' id='word_1_338' title='bbox 1051 3692 1331 3771; x_wconf 85' lang='lat' dir='ltr'><strong>explosus</strong></span> <span class='ocrx_word' id='word_1_339' title='bbox 1395 3709 1430 3747; x_wconf 89' lang='lat' dir='ltr'><strong>a</strong></span> <span class='ocrx_word' id='word_1_340' title='bbox 1498 3691 1794 3770; x_wconf 84' lang='lat' dir='ltr'><strong>plerisque</strong></span> <span class='ocrx_word' id='word_1_341' title='bbox 1872 3701 2055 3770; x_wconf 87' lang='lat' dir='ltr'><strong>poeta</strong></span> <span class='ocrx_word' id='word_1_342' title='bbox 2136 3690 2340 3749; x_wconf 85' lang='lat' dir='ltr'><strong>Gallus</strong></span> 
     </span>
     <span class='ocr_line' id='line_1_39' title="bbox 95 3775 2335 3859; baseline -0.002 -21"><span class='ocrx_word' id='word_1_343' title='bbox 95 3779 472 3859; x_wconf 79' lang='lat' dir='ltr'><strong>(Desmatets</strong></span> <span class='ocrx_word' id='word_1_344' title='bbox 519 3777 716 3836; x_wconf 77' lang='lat' dir='ltr'><strong>Clovis</strong></span> <span class='ocrx_word' id='word_1_345' title='bbox 766 3776 965 3836; x_wconf 87' lang='lat' dir='ltr'><strong>Chant</strong></span> <span class='ocrx_word' id='word_1_346' title='bbox 1001 3775 1128 3857; x_wconf 91' lang='lat' dir='ltr'><strong>IV).</strong></span> <span class='ocrx_word' id='word_1_347' title='bbox 1213 3775 1484 3834; x_wconf 84' lang='lat' dir='ltr'><strong>Clotildis</strong></span> <span class='ocrx_word' id='word_1_348' title='bbox 1528 3796 1562 3835; x_wconf 88' lang='lat' dir='ltr'><strong>a</strong></span> <span class='ocrx_word' id='word_1_349' title='bbox 1615 3780 1675 3836; x_wconf 91' lang='lat' dir='ltr'><strong>S.</strong></span> <span class='ocrx_word' id='word_1_350' title='bbox 1717 3775 1960 3854; x_wconf 85' lang='lat' dir='ltr'><strong>Virgine</strong></span> <span class='ocrx_word' id='word_1_351' title='bbox 2017 3795 2090 3835; x_wconf 89' lang='lat' dir='ltr'><strong>eo</strong></span> <span class='ocrx_word' id='word_1_352' title='bbox 2144 3775 2335 3834; x_wconf 89' lang='lat' dir='ltr'><strong>dedu-</strong></span> 
     </span>
     <span class='ocr_line' id='line_1_40' title="bbox 94 3860 2337 3942; baseline -0.004 -17"><span class='ocrx_word' id='word_1_353' title='bbox 94 3874 201 3925; x_wconf 89' lang='lat' dir='ltr'><strong>cta</strong></span> <span class='ocrx_word' id='word_1_354' title='bbox 241 3863 303 3920; x_wconf 89' lang='lat' dir='ltr'><strong>in</strong></span> <span class='ocrx_word' id='word_1_355' title='bbox 346 3862 703 3942; x_wconf 82' lang='lat' dir='ltr'><strong>crystallinis</strong></span> <span class='ocrx_word' id='word_1_356' title='bbox 742 3862 1074 3942; x_wconf 86' lang='lat' dir='ltr'><strong>parietibus</strong></span> <span class='ocrx_word' id='word_1_357' title='bbox 1118 3863 1327 3921; x_wconf 81' lang='lat' dir='ltr'><strong>sutura</strong></span> <span class='ocrx_word' id='word_1_358' title='bbox 1370 3860 1586 3920; x_wconf 88' lang='lat' dir='ltr'><strong>diserte</strong></span> <span class='ocrx_word' id='word_1_359' title='bbox 1628 3863 1771 3921; x_wconf 89' lang='lat' dir='ltr'><strong>satis</strong></span> <span class='ocrx_word' id='word_1_360' title='bbox 1812 3862 2130 3942; x_wconf 86' lang='lat' dir='ltr'><strong>cognoscit.</strong></span> <span class='ocrx_word' id='word_1_361' title='bbox 2212 3860 2337 3918; x_wconf 76' lang='lat' dir='ltr'><strong>Ne-</strong></span> 
     </span>
     <span class='ocr_line' id='line_1_41' title="bbox 94 3945 2337 4028; baseline -0.003 -18"><span class='ocrx_word' id='word_1_362' title='bbox 94 3949 427 4010; x_wconf 73' lang='lat' dir='ltr'><strong>cremantia</strong></span> <span class='ocrx_word' id='word_1_363' title='bbox 469 3948 564 4007; x_wconf 89' lang='lat' dir='ltr'><strong>uti</strong></span> <span class='ocrx_word' id='word_1_364' title='bbox 604 3948 799 4007; x_wconf 89' lang='lat' dir='ltr'><strong>bonus</strong></span> <span class='ocrx_word' id='word_1_365' title='bbox 840 3949 1196 4007; x_wconf 69' lang='lat' dir='ltr'><strong>Ronsanlaew</strong></span> <span class='ocrx_word' id='word_1_366' title='bbox 1240 3945 1327 4028; x_wconf 91' lang='lat' dir='ltr'><strong>(in</strong></span> <span class='ocrx_word' id='word_1_367' title='bbox 1371 3948 1712 4007; x_wconf 58' lang='lat' dir='ltr'><strong>hamunde</strong></span> <span class='ocrx_word' id='word_1_368' title='bbox 1755 3948 1881 4008; x_wconf 80' lang='lat' dir='ltr'><strong>Liv.</strong></span> <span class='ocrx_word' id='word_1_369' title='bbox 1921 3947 2027 4026; x_wconf 88' lang='lat' dir='ltr'><strong>lv)</strong></span> <span class='ocrx_word' id='word_1_370' title='bbox 2070 3965 2194 4003; x_wconf 90' lang='lat' dir='ltr'><strong>non</strong></span> <span class='ocrx_word' id='word_1_371' title='bbox 2234 3964 2337 4004; x_wconf 84' lang='lat' dir='ltr'><strong>re-</strong></span> 
     </span>
     <span class='ocr_line' id='line_1_42' title="bbox 94 4031 2335 4114; baseline -0.003 -18"><span class='ocrx_word' id='word_1_372' title='bbox 94 4035 280 4112; x_wconf 74' lang='lat' dir='ltr'><strong>sugit,</strong></span> <span class='ocrx_word' id='word_1_373' title='bbox 324 4042 384 4091; x_wconf 90' lang='lat' dir='ltr'><strong>et</strong></span> <span class='ocrx_word' id='word_1_374' title='bbox 425 4032 504 4093; x_wconf 84' lang='lat' dir='ltr'><strong>ad</strong></span> <span class='ocrx_word' id='word_1_375' title='bbox 546 4032 675 4093; x_wconf 84' lang='lat' dir='ltr'><strong>Silii</strong></span> <span class='ocrx_word' id='word_1_376' title='bbox 711 4034 835 4092; x_wconf 84' lang='lat' dir='ltr'><strong>fere</strong></span> <span class='ocrx_word' id='word_1_377' title='bbox 875 4032 1213 4112; x_wconf 80' lang='lat' dir='ltr'><strong>exemplum</strong></span> <span class='ocrx_word' id='word_1_378' title='bbox 1254 4031 1523 4108; x_wconf 83' lang='lat' dir='ltr'><strong>Alarico,</strong></span> <span class='ocrx_word' id='word_1_379' title='bbox 1583 4033 1730 4092; x_wconf 82' lang='lat' dir='ltr'><strong>dum</strong></span> <span class='ocrx_word' id='word_1_380' title='bbox 1778 4052 1886 4114; x_wconf 86' lang='lat' dir='ltr'><strong>per</strong></span> <span class='ocrx_word' id='word_1_381' title='bbox 1928 4050 1998 4090; x_wconf 87' lang='lat' dir='ltr'><strong>ea</strong></span> <span class='ocrx_word' id='word_1_382' title='bbox 2037 4031 2169 4089; x_wconf 89' lang='lat' dir='ltr'><strong>loca</strong></span> <span class='ocrx_word' id='word_1_383' title='bbox 2228 4051 2335 4090; x_wconf 91' lang='lat' dir='ltr'><strong>co·-</strong></span> 
     </span>
     <span class='ocr_line' id='line_1_43' title="bbox 95 4117 2337 4203; baseline -0.002 -24"><span class='ocrx_word' id='word_1_384' title='bbox 95 4120 226 4203; x_wconf 85' lang='lat' dir='ltr'><strong>pias</strong></span> <span class='ocrx_word' id='word_1_385' title='bbox 278 4117 474 4192; x_wconf 75' lang='lat' dir='ltr'><strong>ducit,</strong></span> <span class='ocrx_word' id='word_1_386' title='bbox 542 4128 785 4179; x_wconf 83' lang='lat' dir='ltr'><strong>antrum</strong></span> <span class='ocrx_word' id='word_1_387' title='bbox 841 4119 1172 4177; x_wconf 90' lang='lat' dir='ltr'><strong>Cumanum</strong></span> <span class='ocrx_word' id='word_1_388' title='bbox 1242 4117 1504 4196; x_wconf 85' lang='lat' dir='ltr'><strong>ingresso</strong></span> <span class='ocrx_word' id='word_1_389' title='bbox 1550 4118 1778 4199; x_wconf 81' lang='lat' dir='ltr'><strong>Sibylla</strong></span> <span class='ocrx_word' id='word_1_390' title='bbox 1832 4118 1897 4176; x_wconf 86' lang='lat' dir='ltr'><strong>in</strong></span> <span class='ocrx_word' id='word_1_391' title='bbox 1951 4125 2337 4195; x_wconf 88' lang='lat' dir='ltr'><strong>conspectum</strong></span> 
     </span>
     <span class='ocr_line' id='line_1_44' title="bbox 95 4200 2333 4288; baseline -0.003 -23"><span class='ocrx_word' id='word_1_392' title='bbox 95 4203 378 4288; x_wconf 83' lang='lat' dir='ltr'><strong>prodiens</strong></span> <span class='ocrx_word' id='word_1_393' title='bbox 419 4205 629 4263; x_wconf 82' lang='lat' dir='ltr'><strong>sutura</strong></span> <span class='ocrx_word' id='word_1_394' title='bbox 673 4205 801 4263; x_wconf 79' lang='lat' dir='ltr'><strong>fata</strong></span> <span class='ocrx_word' id='word_1_395' title='bbox 844 4205 1038 4284; x_wconf 88' lang='lat' dir='ltr'><strong>aperit</strong></span> <span class='ocrx_word' id='word_1_396' title='bbox 1082 4204 1321 4283; x_wconf 77' lang='grc' dir='ltr'><em>(ΑΙω-ἰο</em></span> <span class='ocrx_word' id='word_1_397' title='bbox 1363 4223 1444 4261; x_wconf 81' lang='lat' dir='ltr'><strong>ou</strong></span> <span class='ocrx_word' id='word_1_398' title='bbox 1484 4204 1678 4262; x_wconf 81' lang='lat' dir='ltr'><strong>Rome</strong></span> <span class='ocrx_word' id='word_1_399' title='bbox 1731 4205 1984 4260; x_wconf 77' lang='lat' dir='ltr'><strong>vaincue</strong></span> <span class='ocrx_word' id='word_1_400' title='bbox 2039 4201 2168 4261; x_wconf 82' lang='lat' dir='ltr'><strong>Liv.</strong></span> <span class='ocrx_word' id='word_1_401' title='bbox 2227 4200 2333 4282; x_wconf 83' lang='lat' dir='ltr'><strong>X).</strong></span> 
     </span>
    </p>

    <p class='ocr_par' dir='ltr' id='par_1_7' title="bbox 91 4285 2335 4541">
     <span class='ocr_line' id='line_1_45' title="bbox 267 4285 2333 4367; baseline -0.002 -19"><span class='ocrx_word' id='word_1_402' title='bbox 267 4289 371 4348; x_wconf 88' lang='lat' dir='ltr'><strong>Est</strong></span> <span class='ocrx_word' id='word_1_403' title='bbox 412 4291 677 4365; x_wconf 74' lang='lat' dir='ltr'><strong>Melita,</strong></span> <span class='ocrx_word' id='word_1_404' title='bbox 726 4309 966 4348; x_wconf 88' lang='lat' dir='ltr'><strong>carmen</strong></span> <span class='ocrx_word' id='word_1_405' title='bbox 1011 4290 1275 4367; x_wconf 86' lang='lat' dir='ltr'><strong>epicum,</strong></span> <span class='ocrx_word' id='word_1_406' title='bbox 1319 4297 1566 4346; x_wconf 82' lang='lat' dir='ltr'><strong>auctore</strong></span> <span class='ocrx_word' id='word_1_407' title='bbox 1598 4288 1768 4348; x_wconf 87' lang='lat' dir='ltr'><strong>Gallo</strong></span> <span class='ocrx_word' id='word_1_408' title='bbox 1802 4285 2042 4366; x_wconf 71' lang='lat' dir='ltr'><strong>(Pn&#39;vat</strong></span> <span class='ocrx_word' id='word_1_409' title='bbox 2071 4287 2145 4345; x_wconf 81' lang='lat' dir='ltr'><strong>de</strong></span> <span class='ocrx_word' id='word_1_410' title='bbox 2167 4288 2333 4345; x_wconf 84' lang='lat' dir='ltr'><strong>Fon-</strong></span> 
     </span>
     <span class='ocr_line' id='line_1_46' title="bbox 91 4370 2335 4452; baseline -0.002 -16"><span class='ocrx_word' id='word_1_411' title='bbox 91 4376 363 4450; x_wconf 65' lang='lat' dir='ltr'><strong>touillon,</strong></span> <span class='ocrx_word' id='word_1_412' title='bbox 422 4375 705 4449; x_wconf 77' lang='lat' dir='ltr'><strong>Malthe,</strong></span> <span class='ocrx_word' id='word_1_413' title='bbox 781 4395 864 4434; x_wconf 90' lang='lat' dir='ltr'><strong>ou</strong></span> <span class='ocrx_word' id='word_1_414' title='bbox 919 4374 1365 4433; x_wconf 80' lang='lat' dir='ltr'><strong>L’Isle-Adam</strong></span> <span class='ocrx_word' id='word_1_415' title='bbox 1421 4383 1535 4433; x_wconf 86' lang='lat' dir='ltr'><strong>ete.</strong></span> <span class='ocrx_word' id='word_1_416' title='bbox 1594 4375 1726 4433; x_wconf 85' lang='lat' dir='ltr'><strong>Par.</strong></span> <span class='ocrx_word' id='word_1_417' title='bbox 1784 4370 2010 4452; x_wconf 80' lang='lat'><strong>1749),</strong></span> <span class='ocrx_word' id='word_1_418' title='bbox 2066 4371 2170 4448; x_wconf 86' lang='lat' dir='ltr'><strong>qui</strong></span> <span class='ocrx_word' id='word_1_419' title='bbox 2223 4373 2335 4434; x_wconf 88' lang='lat' dir='ltr'><strong>sibi</strong></span> 
     </span>
     <span class='ocr_line' id='line_1_47' title="bbox 93 4455 2335 4541; baseline -0 -24"><span class='ocrx_word' id='word_1_420' title='bbox 93 4461 319 4541; x_wconf 80' lang='lat' dir='ltr'><strong>egregie</strong></span> <span class='ocrx_word' id='word_1_421' title='bbox 370 4459 436 4519; x_wconf 88' lang='lat' dir='ltr'><strong>in</strong></span> <span class='ocrx_word' id='word_1_422' title='bbox 492 4479 562 4519; x_wconf 93' lang='lat' dir='ltr'><strong>eo</strong></span> <span class='ocrx_word' id='word_1_423' title='bbox 621 4460 844 4540; x_wconf 87' lang='lat' dir='ltr'><strong>placet,</strong></span> <span class='ocrx_word' id='word_1_424' title='bbox 902 4459 1066 4539; x_wconf 86' lang='lat' dir='ltr'><strong>quod</strong></span> <span class='ocrx_word' id='word_1_425' title='bbox 1140 4458 1202 4518; x_wconf 89' lang='lat' dir='ltr'><strong>in</strong></span> <span class='ocrx_word' id='word_1_426' title='bbox 1274 4458 1716 4520; x_wconf 86' lang='lat' dir='ltr'><strong>Pandaemonio</strong></span> <span class='ocrx_word' id='word_1_427' title='bbox 1784 4456 1985 4535; x_wconf 85' lang='lat' dir='ltr'><strong>aliquo</strong></span> <span class='ocrx_word' id='word_1_428' title='bbox 2050 4455 2335 4535; x_wconf 85' lang='lat' dir='ltr'><strong>Equitum</strong></span> 
     </span>
    </p>
   </div>
   <div class='ocr_carea' id='block_1_5' title="bbox 198 4558 1918 4669">
    <p class='ocr_par' dir='ltr' id='par_1_8' title="bbox 198 4558 1918 4669">
     <span class='ocr_line' id='line_1_48' title="bbox 198 4558 1918 4669; baseline -0.006 -32"><span class='ocrx_word' id='word_1_429' title='bbox 198 4561 1552 4669; x_wconf 20' lang='lat' dir='ltr'><strong>v1no11..&#39;1·om.11.·</strong></span> <span class='ocrx_word' id='word_1_430' title='bbox 1656 4628 1673 4647; x_wconf 75' lang='lat'><strong>.</strong></span> <span class='ocrx_word' id='word_1_431' title='bbox 1814 4558 1918 4627; x_wconf 80' lang='grc'><strong>66</strong></span> 
     </span>
    </p>
   </div>
  </div>
 </body>
</html>
