2882 5028
472 411 624 485 528
958 404 1040 478 P.
1093 395 1630 483 VIRGILII
1680 401 2237 478 MARONIS

470 595 691 693 Ipse3
746 587 890 667 sed
923 587 1320 664 horrificis
1356 590 1558 665 iuxta
1586 603 1812 666 tonat
1840 594 2093 665 Aetna
2119 588 2389 687 minias,

471 694 1053 794 Interdumque
1088 705 1336 767 atram
1367 695 1823 794 prorumpit
1853 693 1952 767 ad
1986 692 2305 768 aethera·
2339 691 2651 788 nubem,
2695 779 2700 785 .

474 797 831 875 Turbine
863 795 1313 872 fumantem
1405 799 1578 872 iceo
1617 811 1697 872 et
1734 796 2122 872 candente
2160 795 2459 889 favilla;

469 900 967 1001 Adtollitque
1001 900 1288 998 globos
1312 824 1855 997 flammarum,
1913 914 1993 975 et
2023 900 2278 975 sidera
2311 899 2617 974 lambit:

612 1058 712 1112 571
752 1058 880 1126 Ipse
911 1057 1111 1108 Pierius
1143 1067 1195 1108 et
1227 1055 1317 1107 alii
1346 1074 1461 1108 cum
1494 1060 1680 1108 Aetna
1710 1056 1944 1124 iungunt.
1969 1075 2016 1108 v.
2054 1058 2228 1106 Burm-
2299 1057 2426 1125 ipsa
2460 1055 2564 1108 Erf.
2597 1052 2695 1116 sed,

472 1129 603 1198 Ipse
624 1138 843 1197 portus.
882 1126 1005 1194 (vid.
1047 1130 1111 1189 Q.
1150 1129 1216 1177 V.
1246 1127 1532 1191 xvnna,
1558 1146 1612 1195 p·
1667 1131 1752 1179 W
1744 1129 1811 1191 r.)
1884 1124 1984 1178 sub
2012 1127 2290 1193 horn-'licis
2318 1155 2384 1162 —-
2412 1127 2583 1176 ruinis
2608 1123 2696 1174 ali—

477 1208 606 1266 quot
639 1214 725 1264 ap.
750 1195 916 1260 Pier.,
947 1196 1037 1246 sed
1067 1195 1123 1246 id
1157 1206 1297 1247 esset
1323 1195 1615 1263 vulgarium
1652 1209 1809 1248 tonat
1836 1196 2081 1247 meliores
2102 1234 2116 1259 ,
2167 1204 2226 1244 ut
2255 1194 2334 1245 vis
2366 1194 2569 1262 poetica
2606 1209 2694 1262 po-

473 1265 652 1317 stulat.
720 1265 876 1316 Multi
902 1277 1093 1328 sonat,
1130 1274 1187 1315 ut
1218 1283 1425 1335 semper
1461 1267 1682 1318 variant.
1819 1268 1924 1321 572
1976 1266 2321 1336 praerumpit
2360 1263 2574 1315 Dorvill.
2633 1261 2694 1313 ad

473 1336 623 1386 abest
652 1352 685 1385 a
711 1334 846 1385 Gud.
920 1334 1124 1401 (atrum
1153 1335 1273 1386 Alb.
1318 1335 1460 1401 Wr.)
1597 1337 1703 1391 573
1737 1348 1971 1386 canente
1998 1353 2029 1385 a
2057 1353 2124 1385 m.
2157 1352 2238 1402 pr.
2273 1334 2518 1385 Leidens.
2579 1350 2695 1385 can-

469 1406 606 1460 dore
630 1405 785 1455 Voss.
926 1402 1032 1458 574
1068 1406 1356 1455 Haeserant
1381 1404 1562 1457 Critici
1585 1405 1686 1456 iam
1717 1405 1857 1472 apud
1887 1403 2111 1456 Gellium
2139 1407 2208 1471 (v.
2238 1405 2360 1455 Exc.
2389 1403 2514 1469 XV)
2532 1402 2579 1452 iu
2594 1401 2693 1461 hoc,

471 1473 614 1542 quod
643 1483 803 1541 poeta
836 1490 939 1523 uuo
965 1484 1200 1542 tempore
1230 1475 1424 1525 fumum
1462 1485 1518 1525 et
1543 1474 1771 1526 flammas
1801 1473 1968 1526 emitti
1991 1473 2173 1538 faeiat,
2207 1491 2323 1524 cum
2351 1484 2539 1535 tamen,
2577 1470 2694 1540 quod

473 1543 727 1594 Pindarus
781 1544 917 1594 bene
976 1543 1365 1607 observaverit,
1427 1545 1673 1595 interdiu
1714 1542 1899 1614 fumet
1939 1548 2151 1606 Aetna,
2199 1556 2370 1594 noctu
2396 1545 2694 1612 flammiget.

474 1613 605 1674 cni,
659 1612 702 1662 si
731 1623 893 1681 poeta
937 1609 992 1662 id
1035 1612 1221 1664 vitiose
1259 1631 1288 1664 a
1331 1630 1390 1663 se
1429 1612 1558 1680 poni
1612 1624 1879 1680 putasset,
1930 1613 2086 1665 facile
2129 1612 2396 1681 potuisset
2435 1626 2692 1672 occurrere,

344 1736 356 1744 ,
469 1682 780 1734 scribendo:
814 1682 1111 1734 Attollitve
1136 1680 1344 1752 globos.
1414 1683 1690 1734 Enimvero
1729 1683 1775 1734 si
1812 1691 1973 1750 poeta
2019 1693 2120 1732 tam
2157 1682 2430 1733 subtiliter
2465 1699 2570 1732 rem
2603 1691 2694 1730 tra-

424 1766 426 1769 ’
476 1762 622 1805 ctare
663 1751 946 1813 voluisset,
1005 1769 1119 1802 cum
1159 1762 1314 1802 noctu
1351 1753 1583 1804 Troiana
1624 1752 1803 1804 classis
1849 1751 2149 1819 appulerit,
2211 1752 2349 1803 nihil
2396 1751 2533 1803 aliud
2568 1764 2693 1816 quam

459 1824 744 1894 flaenmam
774 1836 1065 1871 memorare
1088 1820 1359 1872 debuerat.
1430 1823 1536 1874 Sed
1565 1823 1838 1873 intervalla
1865 1819 2028 1872 habet
2050 1820 2329 1874 intestinus
2357 1827 2549 1873 Aetnae
2570 1819 2694 1870 labor

470 1908 576 1944 non
606 1891 764 1942 modo
793 1889 994 1940 maiora
1022 1890 1113 1941 illa
1138 1891 1356 1941 extremi
1388 1890 1580 1956 furoris
1612 1902 1666 1943 et
1695 1890 2019 1942 remissionis
2040 1929 2055 1956 ,
2089 1889 2209 1940 vide
2247 1909 2302 1942 v.
2344 1910 2389 1943 c.
2433 1890 2592 1943 Strab.
2620 1889 2693 1948 vl,

470 1980 525 2031 p.
554 1961 660 2015 274
686 1964 747 2012 A.
777 1961 852 2019 C..
889 1976 1064 2010 verum
1097 1961 1254 2011 etiam
1285 1977 1398 2012 cnm
1424 1961 1587 2013 semel
1615 1961 1837 2025 exarsit,
1871 1961 2075 2012 minora
2099 1960 2208 2022 illa,
2242 1961 2377 2011 sumi
2407 1960 2557 2011 modo
2585 1973 2693 2008 cou-

472 2029 640 2093 tinni,
676 2029 836 2080 modo
883 2027 1021 2079 inter
1054 2029 1258 2079 'fumum
1298 2029 1564 2090 flammam
1613 2030 1871 2082 interdum
1913 2047 2026 2082 cum
2072 2029 2276 2081 flamma
2326 2029 2538 2099 expulsa
2579 2044 2692 2078 saxa.

470 2103 763 2166 Utrumque
792 2097 940 2166 sequi
970 2109 1129 2165 poeta
1159 2099 1361 2167 potuitz
1398 2101 1740 2151 coniunxerat
1765 2099 1920 2151 etiam
1950 2099 2122 2150 omnia
2161 2099 2370 2169 pariter
2400 2101 2596 2152 Lucret.
2620 2096 2689 2159 vl,

470 2170 658 2226 690—
676 2167 795 2231 693,
832 2183 986 2235 quem
1010 2179 1128 2219 ante
1158 2167 1336 2220 oculos
1366 2168 1614 2221 habuisse
1648 2170 1853 2222 videtur
1883 2168 2154 2238 Virgilius.

468 2292 720 2350 immota
753 2309 787 2346 a
817 2291 1041 2349 ventis:
1083 2290 1225 2350 inde
1258 2291 1557 2370 eleganter
1642 2296 1716 2369 83
1760 2303 1822 2352 et
1848 2293 1983 2371 quis
2011 2291 2197 2352 nescit
2233 2293 2493 2354 Cornelii
2522 2288 2692 2350 Severi

469 2385 717 2457 portum
758 2377 954 2434 ventis
982 2377 1347 2437 inaccessum
1373 2388 1553 2437 extu-

472 2462 587 2523 lit:
648 2465 871 2521 Portus
908 2461 987 2520 ab
1030 2484 1091 2525 α.
1133 2486 1192 2526 ν.
1249 2467 1549 2522 immotus.

472 2550 721 2609 Portum
754 2556 951 2607 autem
996 2548 1194 2624 hunc,
1238 2559 1312 2609 ut
1353 2558 1554 2609 totum

472 2634 549 2694 de
575 2634 932 2713 Cyclopibus
950 2678 966 2709 ,
1012 2654 1340 2713 eorumque
1368 2644 1554 2711 terra,

415 2791 418 2796 Ι
470 2721 671 2780 locum
709 2721 973 2779 Homero
1017 2721 1294 2800 sublegit:
1339 2722 1555 2801 Odyss.

473 2830 516 2885 ι,
560 2810 681 2870 136
720 2826 844 2885 sqq.
897 2799 999 2867 'Ev'
1057 2803 1120 2868 δὲ
1162 2803 1346 2887 λιμήν
1385 2805 1555 2887 εὔορ-

474 2916 586 2973 μος
619 2902 751 2966 etc„
794 2892 898 2969 qui
942 2910 1152 2951 versus
1194 2891 1373 2951 huius
1414 2901 1559 2952 sunt

468 2978 905 3057 interpretatio.
958 2977 1176 3036 Portus
1199 2980 1298 3037 ille
1329 2978 1556 3038 Aetnae

469 3063 788 3144 profluviis
818 3072 980 3121 totus
1010 3084 1173 3122 nunc
1216 3074 1306 3123 est
1347 3066 1557 3144 opple-

470 3159 605 3223 tus,
650 3158 723 3208 ut
750 3168 826 3207 ex
850 3150 911 3206 P.
962 3149 1184 3207 Bembo
1224 3159 1287 3208 et
1318 3150 1555 3212 Facello

473 3234 682 3294 docuit
707 3234 1035 3292 Cluverius
1066 3235 1140 3292 cf.
1169 3236 1388 3294 Sestini
1404 3239 1558 3295 Let-

471 3334 586 3379 tere
632 3321 799 3378 Tom.
860 3318 905 3392 I,
956 3319 1111 3377 Lett.
1167 3323 1227 3382 9.
1326 3322 1558 3380 Extant

470 3405 727 3484 scopuli,
771 3404 846 3463 de
872 3405 1087 3481 quibus
1118 3416 1395 3465 accurate
1436 3427 1558 3466 nu-

469 3511 578 3572 per
605 3491 723 3569 egit
764 3493 1109 3548 Doc'omieu.
1203 3492 1492 3553 Ceterum
1524 3513 1556 3551 e

472 3576 791 3654 virgiliana
874 3577 1220 3636 narratione
1288 3587 1555 3659 apparet,

471 3672 710 3744 poetam
740 3661 917 3721 fuisse
948 3662 1107 3722 inter
1133 3682 1262 3737 eos,
1308 3665 1409 3742 qui
1456 3666 1557 3723 in-

472 3749 663 3808 sulam
706 3749 1050 3827 Caprariam
1104 3758 1165 3808 et
1227 3751 1558 3829 Cyclopum

471 3834 639 3893 sedes
701 3846 841 3894 ante
902 3834 1155 3895 Aetnam
1217 3835 1281 3894 iu
1349 3836 1557 3896 littore

424 3920 743 3981 -orientali
806 3914 1213 3997 coll'ocareut3
1292 3943 1414 3981 non
1480 3922 1558 3981 ad

468 4007 810 4087 Drepanum
853 4015 915 4064 et
964 4007 1215 4085 Erycem
1242 4051 1260 4081 ,
1334 4018 1407 4065 ut
1458 4008 1559 4067 alii

1641 2378 1934 2439 Aetnam?
1993 2399 2174 2457 quam
2223 2380 2399 2439 nobis
2440 2380 2602 2439 docte
2630 2373 2694 2433 il-

1638 2464 1952 2525 lustratam
1980 2465 2149 2526 dedit
2163 2465 2534 2527 Wernsdors.
2557 2464 2691 2524 Poet.

1638 2552 1783 2612 min.
1808 2553 1876 2611 T.
1903 2553 1999 2615 IV.
2031 2553 2094 2612 P.
2124 2552 2169 2611 I.
2193 2552 2304 2611 ubi
2334 2573 2393 2612 v.
2422 2575 2478 2633 p.
2518 2550 2624 2616 104
2646 2554 2693 2603 et

1640 2657 1699 2718 p.
1730 2638 1815 2704 24
1844 2638 1989 2697 alios
2013 2646 2292 2698 auctores
2316 2638 2520 2698 laudd.
2596 2630 2689 2692 Sed

1641 2742 1744 2797 ea,
1801 2743 1954 2801 quae
1999 2724 2078 2783 ad
2129 2724 2441 2784 Maronem
2481 2722 2690 2790 faciunt,

1641 2829 1700 2868 v.
1740 2808 1803 2867 in
1846 2810 2095 2869 Excurs.
2137 2810 2252 2870 XV
2296 2810 2376 2874 ad
2414 2810 2474 2869 h.
2503 2809 2540 2868 l.
2614 2801 2692 2864 Ad

1637 2903 1851 2974 poetae
1877 2895 2069 2955 nostri
2111 2894 2367 2955 ductum
2397 2896 2591 2957 lustin.
2615 2888 2689 2962 lv,

1647 2988 1700 3044 1.
1792 2984 1934 3047 571.
1981 2982 2278 3055 horr-ficis
2321 2995 2488 3041 tonat
2522 2980 2689 3039 Aetna

1639 3068 1829 3124 ruinis
1846 3065 1905 3125 h.
1928 3087 1977 3126 e.
1997 3068 2225 3146 fragore
2241 3077 2483 3127 resonat
2495 3089 2513 3142 ς
2543 3079 2689 3142 quem

1641 3152 1872 3211 faciunt
1909 3155 2118 3211 ruinae
2161 3154 2458 3214 viscerum
2487 3147 2688 3211 montis.

1641 3237 1785 3296 satis
1861 3240 2143 3316 graviter.
2229 3235 2330 3319 (cf.
2375 3237 2594 3300 Wakef.
2627 3229 2688 3289 ad

1639 3324 1870 3382 Lucret.
1887 3325 1955 3396 V,
1981 3330 2118 3388 110.
2156 3324 2336 3408 Wr.)
2426 3326 2544 3390 572
2566 3340 2688 3399 ΡΝ·

1638 3414 1888 3486 rumpit,
1923 3411 2160 3485 enn‘ttit‚
2208 3404 2559 3492 ἀναπέμπει,
2598 3423 2689 3462 ⁸1¹·

1637 3496 1811 3572 tiquo
1861 3495 2147 3574 loquendi
2203 3496 2423 3571 modo,
2478 3504 2546 3554 ut
2592 3492 2687 3549 iam

1643 3581 1881 3640 Lucret.
1954 3583 2110 3641 cons.
2155 3602 2287 3661 sup.
2345 3582 2386 3655 1,
2430 3579 2566 3645 246.
2605 3572 2686 3635 ubi

1642 3688 1807 3724 mare
1846 3660 2221 3746 pier-aptum.
2315 3671 2459 3732 578.
2509 3660 2684 3723 urbi»

1645 3774 1719 3810 ne
1736 3757 1914 3830 piceo
1943 3768 1999 3812 ec
2020 3754 2262 3832 favilla
2284 3780 2299 3811 .-
2350 3751 2412 3811 h.
2455 3771 2502 3810 e.
2531 3744 2683 3829 globis

1640 3839 1814 3912 sumi,
1844 3858 1980 3898 cum
2012 3839 2207 3898 cinere
2232 3838 2538 3919 permistis,
2564 3824 2682 3911 φλό·

1642 3949 1752 4007 γας
1804 3924 1908 3986 καὶ
1964 3930 2207 4007 λιγνῦς,
2261 3933 2336 3983 ut
2377 3922 2578 4006 Strabo
2608 3912 2681 3986 Vl,

1643 4031 1705 4090 p.
1732 4010 1857 4073 274
1889 4010 1960 4071 A.
2047 4011 2237 4070 Aliter
2267 4030 2388 4069 non
2421 4005 2679 4102 accipiant.

468 4102 532 4152 et
569 4094 693 4173 ipse
736 4092 1072 4151 Hometus:
1131 4112 1281 4170 quos
1336 4095 1559 4153 Cluve-
1625 4097 1871 4176 favilla
1902 4098 2182 4172 candens,
2213 4105 2285 4154 ut
2311 4116 2495 4155 canus
2520 4096 2677 4153 canui

466 4179 595 4239 rius
624 4180 912 4257 sequitur.
1644 4203 1866 4241 ornans
1918 4182 2227 4261 epitheton
2272 4202 2304 4240 a
2361 4182 2444 4240 rei
2494 4186 2678 4237 natura

554 4264 938 4331 571—577.
984 4262 1045 4320 Si
1091 4262 1201 4322 alia
1249 4263 1325 4322 de
1358 4262 1558 4324 Aetna
1645 4268 1916 4327 ductum.
1962 4270 2041 4327 cf.
2081 4270 2314 4328 Lucret.
2355 4268 2447 4340 vt,
2490 4265 2674 4328 689-

465 4350 596 4411 loca
625 4352 716 4411 vis
750 4368 1126 4428 comparare,
1171 4368 1231 4408 v.
1269 4350 1463 4410 Cerda
1494 4350 1556 4412 h.
1643 4358 1787 4421 692.
1843 4355 1927 4413 De
1954 4354 2223 4415 scintillis
2263 4353 2493 4412 Servius
2518 4362 2676 4424 expo·

462 4437 507 4499 l.
533 4445 600 4498 et
629 4437 867 4500 Cluver.
895 4434 1055 4496 Sicil.
1097 4443 1243 4496 ant.-
1263 4434 1365 4504 lib.
1415 4437 1460 4516 1,
1504 4459 1556 4498 c.
1640 4439 1750 4501 nit.
1795 4437 1914 4523 (—
1942 4439 2087 4507 574.
2115 4440 2521 4501 Adtollit—et
2541 4434 2675 4492 lam·-
