2882 5028
529 401 1149 480 AENEIDOS
1210 404 1423 483 LIB.
1478 406 1572 501 V,
1631 411 1966 485 72—85
2236 414 2389 486 737

127 588 690 695 Nequidquam
749 592 1106 689 cineres»,
1161 591 1636 693 animaeque
1680 592 2187 697 umbraeque
2248 618 2387 697 pa-

129 804 312 876 Non
348 797 568 873 licuit
606 794 789 872 finis
821 796 1063 873 Italos
1090 709 1747 921 ἷὸῑῆὶίιειθὲυῃέἶτνε,

129 908 294 980 Nec
348 915 623 978 tecum
673 903 1172 1000 Ausonium,
1238 904 1728 1084 quifiuffwe
1778 915 1930 1001 est,
2004 925 2391 1003 quaerere

132 1108 445 1185 Dixerat
470 1105 707 1184 haec.
733 1105 1005 1206 adytis
1039 1007 1715 1211 (ῙυωηΊὶυζι-ἰῗυπὲ
1745 1110 2019 1208 anguis
2067 1109 2167 1185 ab
2212 1111 2392 1187 imis

140 1211 518 1313 Septem
497 1235 777 1310 mgens
814 1234 1086 1312 gerS,
1140 1225 1469 1315 septena
1499 1213 1940 1311 volumina,
1992 1214 2242 1313 traxit,
2292 1221 2392 1296 85

269 1386 339 1438 81
378 1383 706 1465 umbraeque
731 1398 969 1459 penates
1008 1387 1219 1456 Menag.

1379 1387 1450 1443 88
1499 1400 1583 1439 est
1622 1387 1776 1439 deest
1815 1386 1955 1439 binis
1996 1386 2202 1440 Heinsii
2226 1427 2243 1455 ‚
2303 1389 2394 1459 qui

135 1453 273 1508 coni.
312 1456 619 1525 quicunque
642 1457 726 1522 is,
761 1474 812 1526 q.
952 1456 1022 1511 84
1057 1456 1161 1509 hoc
1189 1456 1349 1511 Witt.

133 1620 495 1715 animquue
526 1612 884 1695 umbraeque
909 1628 1220 1692 paternae,
1307 1635 1390 1675 sa.
1473 1612 1743 1677 Plurium
1787 1616 1942 1675 enim
1984 1634 2189 1675 rerum
2229 1635 2397 1696 sym-

136 1723 249 1784 pro
279 1702 478 1761 anima
508 1710 570 1760 et
591 1699 837 1777 umbra;
876 1719 954 1759 ne
987 1700 1219 1762 dubita.
1306 1702 1513 1761 bolum
1552 1722 1623 1761 ae
1658 1711 1805 1761 uota
1847 1702 2089 1761 habitus
2133 1710 2224 1761 est
2266 1721 2431 1761 ser-1

137 1788 240 1848 sed
275 1807 352 1846 an
397 1786 554 1847 hanc
593 1796 907 1865 receperat
946 1787 1223 1846 Aeneas?
1308 1805 1486 1867 pens,
1535 1805 1593 1847 v.
1627 1806 1678 1847 c.
1709 1797 1779 1847 ut
1816 1785 1883 1851 τὰ
1930 1782 2251 1870 ἐγχώριον,
2295 1807 2398 1846 so-

139 1874 323 1951 Atqui
354 1874 551 1932 anima
579 1881 641 1931 et
669 1871 919 1931 Manes
902 1894 964 1932 m
995 1872 1220 1948 inferis,
1308 1873 1436 1932 lum
1488 1872 1786 1953 patrium,
1845 1873 2067 1950 vitam,
2125 1874 2399 1949 salutem,

138 1981 197 2021 v.
220 1958 328 2019 ins.
369 1963 470 2023 98.
515 1962 618 2023 99.
702 1957 940 2017 Scilicet
979 1958 1223 2039 proprie
1304 1958 1776 2019 incolumitatem
1805 2002 1823 2036 ,
1885 1959 2403 2020 immortalitatem

129 2048 328 2125 patrie
396 2046 616 2104 etheree
687 2053 1040 2124 receperat3
1103 2044 1224 2103 iam

135 2130 296 2191 idem
325 2130 426 2189 ille
463 2143 702 2208 patrem
746 2133 1034 2209 recepisse
1075 2131 1228 2189 bene

139 2218 392 2291 dicitur3
435 2214 554 2275 hoc
601 2222 798 2274 autem
844 2216 1003 2276 idem
1047 2224 1229 2296 poeta

137 2323 246 2384 per
276 2306 502 2361 cineres
522 2347 541 2378 ,
572 2305 847 2360 anirnum
875 2314 931 2360 et
955 2302 1231 2361 umbram

140 2386 495 2448 declaravit.
578 2387 702 2447 Nec
725 2396 927 2446 tamen
953 2386 1074 2448 hoc
1119 2407 1231 2447 ne-

139 2494 329 2552 eesse3
375 2471 481 2534 sed
511 2472 839 2554 distingue:
880 2476 1103 2534 salute
1132 2497 1232 2534 re-

138 2565 300 2641 cepti
349 2562 445 2623 N.
503 2564 723 2619 emeres
737 2582 762 2632 ‚⁶
821 2560 1046 2620 salvete
1088 2563 1222 2618 aml-

140 2667 399 2727 maeque
426 2669 490 2704 u.
514 2668 590 2725 p.
680 2645 813 2705 Hoc
839 2646 1096 2707 voluisse
1130 2644 1234 2706 vi-

141 2733 332 2794 detur
354 2731 644 2812 Pompon.
678 2732 814 2796 sab.
858 2754 937 2791 ae
974 2735 1031 2790 si
1066 2731 1234 2791 dice-

142 2833 228 2878 ret
247 2863 266 2893 ,
337 2818 564 2876 salvete
608 2839 643 2877 o
690 2821 919 2877 Marus
962 2819 1227 2895 paterni.

145 2903 286 2986 (‚‚1n
317 2904 442 2963 tria
472 2902 773 2964 hominem
810 2902 1056 2962 dividit:
1101 2902 1240 2961 ani-

143 3011 305 3049 mam
321 3034 339 3065 ,
385 2990 625 3068 quaein
655 2990 886 3048 coelum
919 2988 1061 3064 abit,
1099 3008 1243 3047 um-

145 3077 351 3150 bram,
396 3094 551 3152 quae
586 3074 665 3134 ad
701 3075 958 3149 inferos,
1002 3093 1240 3153 corpus,

139 3162 314 3242 quod
344 3160 604 3219 traditw·
636 3161 1037 3241 sepulturae.“
1078 3161 1243 3219 Haec

139 3247 468 3308 Scholiast.
504 3266 600 3327 ap.
644 3247 714 3307 A.
763 3246 1006 3306 Maium.
1062 3244 1240 3328 Wr.)

232 3333 324 3400 84
370 3352 498 3411 sqq.
565 3333 932 3412 Comparant
987 3341 1243 3412 porten-

140 3432 286 3481 tum
319 3418 511 3478 simile
552 3438 646 3499 ap.
684 3418 932 3481 Homer.
974 3417 1141 3477 Iliad.
1184 3419 1242 3498 β,

138 3511 278 3573 808
305 3525 394 3583 sq.
425 3504 686 3564 dracone
713 3505 775 3564 in
802 3503 1021 3564 Aulide
1051 3505 1245 3564 Grae-

138 3594 232 3652 cia
262 3590 542 3651 obiecto:
586 3590 751 3668 quod
788 3611 1087 3650 annorum
1124 3610 1246 3649 nu·-

137 3696 389 3738 merum
439 3676 800 3738 obsidendae
835 3677 1055 3737 Troiae
1096 3695 1247 3755 por-

136 3762 463 3824 tendebat.
549 3762 684 3822 Alio
731 3763 912 3822 modo
962 3771 1023 3820 et
1067 3780 1249 3842 prae-

138 3851 315 3910 clare
346 3847 424 3907 ad
453 3846 517 3908 h.
545 3850 586 3909 l.
613 3847 1132 3909 accommodatum
1161 3856 1250 3905 est

139 3941 513 4017 portentum
571 3935 862 4016 serpentis
926 3953 959 3992 e
1013 3933 1249 3993 tumulo

139 4019 456 4081 Anchisae
527 4020 688 4080 inter
754 4021 998 4080 inferias
1061 4021 1250 4079 factas

137 4105 537 4189 prodeuntis.
625 4107 844 4166 Genios
884 4107 1076 4182 enim,
1126 4105 1252 4165 sive

135 4195 434 4254 locorum
459 4193 585 4251 sive
615 4191 949 4269 hominum,
983 4201 1106 4251 tota
1139 4214 1250 4251 an-

135 4279 441 4359 tiquitas,
467 4278 741 4359 inprimis
767 4280 1007 4340 Etrusci
1037 4286 1099 4336 et
1122 4279 1251 4337 Ro-

135 4366 316 4426 mani
339 4409 357 4441 ,
425 4383 537 4445 per
592 4375 899 4447 serpentes
959 4362 1252 4424 exhibue-

132 4459 332 4530 runt3
378 4470 508 4510 non
537 4471 695 4528 una,
737 4461 921 4532 puto,
967 4448 1044 4510 de
1073 4469 1254 4509 caus-

247 4554 578 4631 Vmcn..
634 4554 849 4630 Tou.
904 4551 1000 4629 ΙΙ.

1312 2054 1426 2105 etc.
1473 2046 1773 2106 innueret.
1858 2045 2175 2125 Pet-peram
2228 2047 2401 2107 Serv.

1313 2130 1508 2190 Cerda
1551 2140 1612 2189 et
1648 2131 1747 2189 alii
1796 2128 1871 2189 de
1925 2141 2200 2211 serpente
2247 2129 2311 2191 h.
2359 2131 2401 2191 l.

1315 2226 1496 2296 agunt
1540 2236 1617 2275 ex
1661 2216 1730 2275 iis
1763 2260 1780 2291 ,
1838 2237 1989 2295 quae
2031 2238 2089 2277 v.
2130 2236 2181 2277 c.
2238 2216 2403 2298 apud

1314 2302 1494 2363 Ovid.
1523 2303 1637 2362 XV
1667 2302 1808 2361 Met.
1846 2306 1992 2368 389.
2022 2306 2149 2368 390
2190 2305 2403 2383 legun-

1313 2397 1448 2449 tur:
1489 2388 1594 2448 ubi
1640 2407 1671 2446 e
1717 2387 1992 2447 medullis
2038 2389 2404 2469 cadaverum

1317 2493 1536 2555 angues
1568 2475 1732 2534 nasci
1772 2474 1983 2534 crediti
2029 2485 2193 2537 aunt.
2279 2477 2406 2536 Ita-

1317 2580 1433 2639 que
1464 2560 1608 2621 eth.
1639 2561 1679 2620 l.
1708 2581 1851 2620 mox
1897 2561 1976 2621 ad
2014 2562 2268 2621 Genium
2300 2581 2406 2622 seu

1315 2646 1437 2706 loci
1474 2667 1578 2707 seu
1620 2645 1912 2706 Anchisae
1960 2657 2264 2707 ostentum
2300 2666 2405 2706 re-

1318 2734 1516 2792 fertur
1560 2754 1618 2791 v.
1663 2736 1764 2798 95.
1810 2733 2032 2811 adytis.
2081 2731 2408 2812 Splendida

1326 2827 1505 2878 ornat
1530 2818 1721 2898 patris
1750 2816 2073 2893 tumulum,
2098 2827 2407 2897 tamquam

1319 2904 1524 2964 locum
1555 2923 1790 2963 sacrum
1822 2924 1891 2961 ac
1914 2904 2234 2983 templum,
2265 2924 2409 2964 mox

1324 2991 1500 3049 etiam
1532 2988 1663 3071 (inf.
1695 3009 1752 3048 v.
1782 2993 1928 3053 760.
1960 2988 2113 3071 761)
2146 2990 2268 3049 fani
2306 3009 2411 3049 re-

1323 3076 1539 3156 ligione
1609 3083 2042 3134 consecratum.
2160 3073 2411 3156 (septem

1320 3182 1535 3241 gyros,
1582 3173 1828 3239 septena
1876 3161 2222 3236 volumina,
2270 3161 2309 3220 i.
2336 3180 2409 3239 e.‚

1325 3266 1400 3307 ne
1444 3247 1670 3307 tinnire
1705 3247 1903 3306 inania
1943 3255 2184 3325 poetam
2220 3256 2411 3327 putes,

1327 3343 1553 3412 septem
1584 3353 1761 3413 gyros
1793 3332 1867 3391 in
1927 3351 2003 3390 se
2050 3333 2412 3413 replica-

1327 3429 1468 3480 tos.
1534 3420 1638 3479 W
1630 3419 1706 3500 r.)
1807 3419 2122 3496 amplexus
2151 3462 2172 3494 ,
2250 3419 2415 3498 gyris

1329 3506 1611 3566 ambiens.
1697 3516 1923 3582 septem
1969 3524 2153 3581 gyms
2185 3548 2203 3580 ,
2266 3509 2414 3565 Ser-

1328 3592 1501 3652 vius:
1558 3593 1800 3650 Aeneae
1848 3610 2021 3647 omen
2069 3593 2171 3648 sui
2207 3595 2417 3650 etv-orie
2468 3627 2473 3632 -

1331 3677 1657 3736 ostenditur
1708 3686 1930 3752 septem
1968 3678 2140 3754 gyris
2168 3699 2193 3748 ,·
2267 3698 2417 3735 nam

1330 3767 1624 3841 septimus
1649 3763 1708 3819 ei
1731 3782 1928 3819 annus
1964 3773 2051 3819 eat
2075 3761 2231 3836 finis
2255 3783 2417 3821 erro-

1329 3852 1451 3919 ris,·
1494 3863 1549 3906 et
1588 3860 1675 3906 est
1711 3844 1912 3927 (addit
1946 3845 2080 3921 ille3
2123 3866 2276 3926 quae
2317 3857 2417 3906 ta-

1329 3953 1466 3995 men
1492 3942 1793 4013 praestare
1815 3932 1997 3992 nolim
2018 3942 2256 4012 poetam
2285 3934 2417 3991 ani-

1328 4040 1430 4080 mo
1473 4016 1758 4099 tenuisse)
1810 4021 2102 4096 optimum
2136 4019 2418 4097 figmen-

1332 4119 1483 4165 tum.
1584 4106 1802 4164 Annus
1870 4107 2028 4162 enim
2091 4105 2419 4162 secundum

1336 4193 1667 4271 Aegyptios
1711 4189 2096 4249 uadit-abatur
2133 4201 2272 4247 ante
2315 4190 2419 4246 in-

1336 4290 1547 4338 ventae
1616 4278 1842 4335 litterae
1904 4278 2074 4353 picto
2132 4276 2421 4349 dracone,-

1341 4364 1605 4422 caudam
1647 4383 1824 4420 auam
1866 4362 2162 4419 mordente
2180 4404 2198 4433 ,
2263 4378 2422 4439 quae

1339 4453 1406 4508 in
1431 4470 1494 4508 ee
1519 4449 1782 4507 recurrit.
1870 4445 1993 4505 Sed
2042 4454 2103 4504 et
2138 4453 2419 4527 septena-

1901 4547 2006 4619 4⁷
