2882 5028
703 351 896 422 AD
1005 347 1654 423 LIBRUM
1756 346 1879 425 IV
2264 296 2414 428 7⁸17

183 541 242 600 in
272 540 495 600 Didone
535 539 612 597 sd
650 538 881 598 Aeneae
927 549 1180 599 aetatem
1222 537 1563 598 revocanda
1598 536 2071 617 reprehensionis
2108 541 2415 601 materiam

187 627 442 701 subesse,
499 645 573 683 ex
617 625 720 699 iis,
777 644 931 702 quae
975 625 1280 704 disputata
1327 634 1498 697 sunt,
1556 625 1699 682 satis
1741 625 1988 703 intelligi
2030 636 2195 704 puto.
2280 626 2415 706 Egit

185 712 260 771 de·
307 711 423 770 hoc
479 711 744 789 episodio
802 711 999 770 Abbas
1043 713 1277 770 Andms
1319 711 1381 768 in
1437 709 1720 787 singulari
1764 710 1992 769 libello:
2072 711 2146 771 de
2190 731 2309 790 quo
2353 734 2414 774 v,

186 796 463 857 iudicium
508 806 783 855 nostrum
829 795 916 878 (in
972 798 1242 874 Gauing.
1292 796 1544 873 gelehrt.
1598 796 1909 873 Anzeigen
1947 801 2127 861 1789.
2159 818 2216 876 p.
2250 803 2415 864 1166

184 882 305 962 η).
377 884 460 940 De
501 882 731 941 Didone
775 892 975 941 eutem
1023 882 1312 940 nonnulla
1358 882 1554 939 minus
1613 889 1756 940 nota
1801 882 1938 941 vide
1990 883 2055 955 in
2099 884 2200 942 Tr.
2246 883 2416 943 Ano-

187 968 340 1047 nymi
394 969 466 1027 de
510 967 886 1042 mulieribus,
948 989 1102 1047 quae
1156 966 1308 1024 bello
1357 968 1698 1025 clamet-unt
1755 964 1854 1047 (sb
1912 968 2147 1027 Heeren
2206 980 2414 1031 nostro

187 1053 414 1132 vulgato
458 1053 520 1111 in
564 1052 907 1111 Bibliomek
949 1055 1054 1111 der
1093 1053 1254 1111 alten
1299 1054 1629 1110 Litteralw·
1670 1057 1727 1117 6.
1766 1053 1957 1111 8ῑῆοΚ
1985 1073 2045 1132 p.
2078 1052 2220 1135 15.).
2310 1057 2416 1118 Est

187 1139 270 1196 ills
325 1139 407 1197 ibi
464 1139 758 1217 appellata
817 1131 1085 1200 Θειοσσῶ
1102 1161 1127 1211 ,-
1194 1137 1422 1216 reliqua
1485 1138 1606 1196 fere
1649 1139 2014 1199 conveniunt
2078 1158 2215 1198 cum
2260 1142 2413 1222 Ety-

187 1225 399 1303 mologo
441 1225 509 1282 in
550 1222 737 1287 Διδώ.

1081 1438 1496 1449 mu*

754 1657 1604 1750 EXCURSUS
1725 1661 1821 1747 ΙΙ

523 1831 974 1921 Apollinis
1060 1855 1447 1898 accessus
1532 1831 1642 1897 ad
1728 1829 2044 1898 Delum.

135 2058 143 2069 ,
255 2005 346 2081 IV,
392 2002 738 2071 143—149
776 2003 1014 2080 Quali-⁶,
1046 2003 1150 2062 ubi
1173 2004 1481 2062 Iu‘bemam
1508 2006 1767 2081 Lyciam
1800 2003 2153 2082 Xanthique
2165 2005 2410 2082 fluenta

188 2090 400 2150 Deserit
419 2135 435 2165 ,
492 2112 572 2148 ac
612 2090 840 2147 Delum
884 2103 1216 2147 maternam
1259 2093 1467 2148 itwisit
1504 2092 1759 2167 Apollo,
1806 2092 2228 2168 Instauralque
2263 2090 2410 2147 cho-

188 2196 270 2233 ros
294 2220 310 2250 ,
353 2180 651 2255 mistique
693 2176 917 2233 altaria
960 2178 1182 2233 circum
1232 2177 1538 2253 Cretesque
1581 2177 1966 2253 Dryopesque
1991 2175 2272 2252 fremunt
2301 2178 2411 2253 pi-

191 2263 364 2339 ctique
403 2260 749 2339 Agathyrsi
757 2283 784 2333 ‚·
840 2262 982 2338 Ipse
1040 2263 1204 2339 hegis-
1254 2260 1472 2339 Qyntlzi
1505 2263 1823 2336 gracilium
1884 2262 2166 2338 mollique
2193 2262 2410 2339 fluen-

191 2355 295 2402 tem
331 2347 570 2405 Fronde
601 2349 827 2424 premit
860 2348 1079 2403 erbum
1108 2347 1361 2424 fingens
1378 2389 1396 2419 ,
1459 2358 1637 2423 atque
1680 2346 1958 2422 implicat
2000 2367 2188 2415 auro‚·
2260 2347 2410 2425 Tela

190 2444 386 2489 sonant
424 2432 713 2491 humet-122.
805 2430 1054 2507 insignis
1097 2430 1583 2509 phantasmatum
1641 2440 1701 2489 et
1756 2430 2077 2490 verborum
2126 2432 2411 2510 dignitate

190 2513 369 2593 locus,
431 2519 606 2579 cuius
656 2538 794 2594 pars
838 2536 912 2574 ex
957 2517 1306 2596 Apollonio,
1376 2517 1481 2575 sed
1530 2517 1785 2581 multum
1832 2518 2132 2591 ornatius,
2194 2519 2411 2577 adum-

189 2599 378 2679 brata,
419 2604 460 2663 l.
506 2604 554 2678 1,
600 2605 965 2668 307—309
997 2596 1143 2675 Οἶος
1177 2597 1239 2664 δ’
1270 2603 1337 2665 ἐκ
1378 2608 1553 2681 νηοῖο
1592 2598 1868 2673 θυώδεος
1908 2598 2058 2663 εἶσιν
2086 2596 2409 2680 Ἀπόλλων,

191 2690 376 2766 Δῆλον
414 2683 526 2751 εἶν’
571 2682 849 2770 η’γαθὲην
896 2681 970 2765 ἠὲ
1019 2683 1264 2766 Κλάρον
1308 2681 1354 2767 ἢ
1381 2683 1485 2767 ὅγε
1528 2684 1746 2764 Πυθώ,
1774 2683 1863 2747 Ἢ
1895 2690 2131 2765 Λυκίην
2169 2683 2411 2766 εὐρεῖαν

192 2768 279 2833 ἐπὶ
323 2768 592 2838 Ξάνθοιο
641 2774 851 2857 ᾆοῇσιε
903 2770 999 2846 (cf.
1046 2773 1225 2831 etism
1269 2792 1478 2830 versus
1526 2772 1622 2831 lib.
1668 2773 1713 2847 Ι,
1758 2773 2138 2845 536-539,
2200 2784 2261 2831 et
2304 2773 2408 2835 lib.

192 2854 254 2929 ll,
291 2863 408 2924 677
435 2880 564 2937 sqq.
633 2857 779 2916 item
825 2857 1048 2917 Gallim.
1096 2858 1157 2917 in
1221 2858 1385 2917 Dian.
1438 2858 1559 2922 241
1612 2855 1765 2937 sqq.)
1832 2856 2059 2933 reliqua
2119 2859 2276 2916 sorte
2334 2877 2411 2918 ex

193 2941 293 3000 elio
335 2946 561 3003 Graeco
606 2952 803 3021 poete.
888 2941 1045 3002 Ante
1102 2945 1306 3002 oculos
1350 2944 1547 3001 locum
1590 2941 1851 3000 Maronis
1894 2940 2104 3000 habuit
2148 2943 2411 3003 Avienus

192 3024 318 3086 orb.
362 3031 527 3090 Terr.
575 3029 700 3092 705
742 3048 826 3106 sq.
871 3028 971 3086 ubi
1016 3050 1296 3107 compara
1340 3028 1729 3088 Wernsdorfii
1771 3028 1986 3086 Notum
2029 3048 2087 3107 p.
2138 3033 2298 3094 1036
2324 3051 2408 3107 sq.

194 3109 264 3169 De
303 3114 558 3194 Neptuni
599 3115 831 3173 incessu
876 3113 1051 3172 simili
1092 3124 1311 3174 ornatu
1356 3113 1690 3172 elaboratus
1735 3122 1826 3171 est
1871 3112 2033 3192 apud
2077 3113 2270 3192 Apoll.
2312 3115 2409 3190 111,

197 3200 340 3262 1239
363 3221 446 3279 sq.
531 3200 705 3259 Sicut
746 3198 897 3258 Dido
937 3218 1074 3258 cum
1121 3201 1305 3259 Diana
1345 3199 1449 3258 lib.
1499 3199 1541 3272 1,
1589 3197 1714 3262 498
1757 3218 1881 3275 sqq.
1924 3200 2012 3257 ita
2045 3199 2271 3258 Aeneas
2311 3201 2411 3261 in·-

194 3283 386 3344 cedens
427 3294 814 3365 eomparatur
871 3304 1009 3343 curn
1066 3284 1340 3364 Apolline
1386 3285 1711 3343 incedente.
1798 3285 1953 3357 lam,
2012 3294 2085 3343 ut
2129 3296 2411 3346 ornatum

193 3363 487 3451 intelligas,
549 3372 728 3431 deum
775 3391 898 3430 non
942 3371 1287 3450 simpliciter
1339 3369 1747 3442 incedentem,
1806 3369 1910 3428 sed
1949 3371 2100 3429 sesto
2146 3371 2275 3444 die,
2341 3381 2415 3433 ut

194 3455 354 3514 sacris
395 3459 516 3518 suis
556 3455 814 3530 intersit,
858 3455 1256 3536 prodeuntem
1299 3456 1487 3530 sistit5
1538 3465 1599 3513 et
1642 3454 1823 3513 sacris
1867 3455 2105 3532 quidem
2151 3457 2412 3518 celeber-

194 3536 373 3616 rimis,
412 3544 473 3602 in
517 3542 713 3602 insula
763 3542 936 3601 Delo:
995 3541 1133 3601 inde
1177 3549 1524 3601 ornamenta
1568 3540 1742 3619 petiit
1786 3560 1922 3599 cum
1979 3560 2054 3599 ex
2097 3540 2188 3599 bis
2234 3544 2414 3603 sacris

197 3631 251 3679 et
284 3624 369 3685 dei
415 3647 687 3702 secessu,
731 3637 864 3687 tum
907 3646 983 3685 ex
1025 3627 1192 3702 1000,
1238 3626 1398 3686 unde
1445 3626 1791 3684 decesserat.
1878 3628 2141 3701 Lyciam
2184 3648 2415 3688 memo-

196 3715 308 3782 rat,
349 3730 593 3791 eamque
633 3712 941 3772 hibernam
986 3713 1263 3792 appellat,
1307 3713 1588 3791 quoniam
1633 3710 1887 3769 hiemem
1937 3712 2146 3790 Apollo
2189 3715 2415 3774 Pataris

200 3789 388 3870 Lyciae
430 3799 644 3877 exigit:
701 3798 812 3856 etsi
860 3798 955 3858 vel
1000 3800 1381 3880 δυςχείμερον
1422 3799 1519 3856 vel
1567 3791 1909 3878 εὐχείμεροι)
1955 3798 2254 3876 explicant
2299 3800 2416 3860 viri

201 3873 363 3941 docti.
444 3885 577 3945 Non
623 3883 870 3944 videtur
914 3883 1173 3942 alienum
1228 3905 1262 3941 a
1315 3904 1381 3942 re
1438 3897 1592 3959 esse,
1655 3882 1821 3960 quod
1878 3884 2119 3943 Servius
2178 3895 2416 3961 narrat3

199 3965 416 4036 gravior
471 3970 627 4028 enim
683 3969 1007 4028 auctoritas
1063 3989 1188 4028 non
1239 3969 1537 4045 occurrit;
1603 3989 1752 4027 nam
1802 3981 2033 4027 constat
2071 3970 2417 4047 Apollinem

198 4066 288 4104 sex
328 4055 616 4113 mensibus
656 4054 1016 4114 hiemalibus
1058 4054 1234 4133 apud
1258 4057 1578 4126 Pataram,
1628 4056 1858 4131 Lyciae
1899 4058 2225 4131 οιίνίιαιεηι,
2273 4056 2417 4113 dat-e

199 4149 454 4209 mponsa
501 4173 582 4184 —
623 4153 681 4198 et
721 4161 826 4198 sex
868 4142 1113 4198 aestivis
1157 4141 1335 4217 apud
1369 4141 1620 4198 Delum.
1715 4141 1890 4198 Certe
1932 4149 1993 4197 et
2035 4137 2329 4199 Herodot.
2371 4139 2416 4214 I,

203 4216 310 4317 182
351 4220 421 4280 de
463 4225 749 4284 Pataraeo
794 4224 1068 4285 oraculo:
1114 4218 1190 4288 ου’
1220 4221 1337 4306 γάρ
1368 4216 1460 4287 οἶν
1490 4225 1609 4287 αἰεί
1638 4223 1759 4286 ἐστι
1783 4219 2148 4305 χρηστήριον
2181 4219 2416 4289 minim.

199 4304 509 4386 αποδημίαι
554 4321 612 4369 et
649 4310 967 4390 ἐπιδημίου
997 4309 1262 4368 'deorum
1304 4330 1400 4369 res
1423 4310 1727 4369 notissima
1760 4310 2027 4389 inprimis
2060 4319 2197 4389 post
2223 4312 2420 4391 Span-

194 4378 334 4456 hem·
401 4392 466 4457 in
503 4395 728 4459 Gallim.
774 4397 1007 4456 Delum
1054 4408 1390 4455 maumam
1446 4395 1625 4457 metri
1680 4396 1941 4454 Latonae
1983 4414 2210 4456 sacrem
2224 4440 2243 4472 ‚
2316 4412 2424 4457 seu
