2882 5028
462 401 617 477 894
952 394 1036 469 P.
1088 337 1624 469 Vnicum
1672 387 2211 468 MARole

461 580 750 661 Ulmus
800 601 1077 679 opaca,
1132 577 1443 674 ingens:
1497 600 1741 677 quam
1787 574 2068 652 sedem
2101 575 2434 651 Somnia
2479 575 2730 675 volgo

461 691 685 766 Vana
721 696 997 759 tenere
1025 679 1319 775 ferunt,
1373 676 1743 779 foliisque
1774 679 1923 755 sub
1958 679 2335 755 omnibus
2359 677 2732 759 haerent.

461 787 891 889 Multaque
911 796 1322 887 praeterea
1351 784 1750 860 variarum
1775 796 2131 859 monstra
2153 781 2539 877 ferarum,
2570 791 2734 864 285

464 891 843 971 Centauri
875 890 953 964 in
990 886 1300 964 foribus
1333 887 1746 984 stabulant,
1804 886 2268 988 Scyllaeque
2301 885 2734 984 biformes,

460 999 565 1073 Et
593 993 1285 1091 centumgeminus
1313 992 1678 1068 Briareus
1699 994 1744 1087 ,‘
1775 1014 1863 1067 ac
1896 989 2159 1067 bellua
2185 995 2496 1067 Lernae

604 1184 713 1240 m
744 1184 850 1236 vro
884 1183 1053 1254 vulgo
1084 1181 1355 1235 Pan-has!
1361 1184 1573 1253 passim
1608 1200 1671 1234 ex
1715 1181 1996 1249 interpret.
2065 1180 2191 1234 Mox
2223 1191 2416 1250 poetae
2449 1198 2564 1233 non
2614 1183 2736 1235 di·-

528 1253 543 1268 '
611 1254 626 1269 ⁶
708 1263 1002 1305 structura:

488 1324 596 1376 vid.
632 1327 699 1388 Q.
737 1324 802 1376 V.
839 1322 1120 1385 xxxnn,
1153 1321 1207 1375 4.
1249 1321 1394 1389 Wr.)

1067 1270 1229 1323 quam
1263 1280 1329 1289 -
1354 1263 1537 1304 tenere
1546 1251 1788 1376 ἳζένωιι
1817 1250 2089 1323 foliisque
2113 1281 2182 1290 —
2210 1252 2435 1303 haerent
2483 1270 2565 1304 sc.
2617 1254 2734 1305 iun.

1700 1324 2064 1391 Monstraque
2099 1340 2160 1393 p.
2209 1340 2261 1372 ν.
2314 1322 2495 1373 multa
2549 1326 2735 1404 Sps-of.

462 1395 572 1450 ἥδ
598 1391 876 1463 pabulam
904 1393 1028 1444 Exc.
1063 1392 1334 1442 Burmann.
1371 1408 1403 1442 a
1437 1409 1507 1443 m.
1553 1409 1660 1443 sec.
1730 1389 1953 1442 stabant
1998 1391 2117 1442 cod.
2163 1392 2317 1442 Voss.
2342 1391 2562 1442 'Serv-ii.
2637 1396 2734 1444 Se—

465 1480 736 1532 renesque
769 1460 864 1531 1²1ss
913 1461 1049 1513 alter
1094 1460 1280 1511 Hamb.
1330 1477 1362 1511 a
1407 1478 1478 1513 m.
1525 1478 1632 1513 sec.
1702 1460 2014 1530 sylvaeque
2063 1459 2226 1513 Goth.
2276 1477 2382 1512 sec.
2455 1462 2730 1531 (Scyllaq.

464 1531 683 1599 Medic„
711 1530 808 1583 sed
840 1549 871 1582 e
904 1529 1275 1601 superscripta.
1313 1530 1464 1600 Wr.)

463 1688 604 1766 nit;
661 1696 723 1747 et
762 1688 1089 1748 subustum
1130 1696 1343 1766 poetae
1379 1707 1552 1748 com-

463 1784 739 1835 mentum
777 1772 896 1833 hoc
922 1773 1194 1852 suspicor
1221 1793 1297 1833 ex
1324 1773 1556 1833 Home-

462 1881 541 1922 ro
568 1860 736 1920 Iliad.
767 1861 819 1935 ξ,
839 1863 967 1925 286
996 1878 1141 1937 sqq„
1167 1857 1272 1918 ubi
1296 1862 1555 1919 Somnus

465 1967 501 2005 a
563 1947 795 2006 lunone
861 1944 1161 2004 adductus
1220 1946 1282 2028 in
1341 1946 1555 2005 arbore

466 2032 744 2092 considet
765 2074 784 2107 ,
859 2031 1054 2091 donec
1115 2031 1317 2090 Iovem
1367 2032 1556 2111 possit

467 2118 824 2197 opprimere.
880 2118 1133 2176 Somnio
1155 2115 1219 2175 in
1246 2118 1390 2177 Orci
1416 2117 1553 2176 adi-

465 2211 542 2264 tu
573 2202 895 2278 collocare,
925 2203 1120 2280 poetis
1149 2201 1415 2262 sollenne
1447 2211 1553 2262 est.

464 2287 561 2349 Ita
601 2287 819 2366 Odyss.
862 2309 929 2363 ω,
976 2292 1056 2354 12
1103 2281 1255 2369 παρ’
1298 2283 1553 2351 Ἠελίοιο

462 2366 697 2449 πύλας,
730 2373 1050 2430 accedentia
1078 2372 1239 2430 Solis
1257 2417 1276 2449 ‚
1319 2373 1555 2433 habitat

463 2460 666 2541 δῆμος
691 2449 1002 2539 Ὀνείρων.
1089 2457 1347 2519 Somnus
1374 2478 1409 2518 a
1434 2462 1552 2519 So-

463 2545 647 2605 mniis
672 2544 993 2622 separatim
1024 2542 1390 2606 memoratus
1424 2554 1557 2605 erat

464 2635 598 2698 278
633 2633 1115 2709 consanguineus
1154 2633 1296 2690 Leti
1336 2634 1546 2710 Sopor.

466 2718 632 2778 -lnsra
673 2726 877 2775 tamen
918 2714 1045 2780 894
1085 2718 1298 2776 Sonam·
1342 2730 1554 2793 portae

464 2813 612 2863 sunt
628 2847 645 2879 ‚
676 2821 783 2881 per
807 2822 955 2880 quas
986 2803 1235 2863 Somnia
1261 2803 1552 2862 emittun-

466 2898 576 2950 tur
608 2889 687 2948 ad
714 2899 910 2947 terras
936 2907 1214 2968 superas:
1242 2889 1390 2948 adeo
1420 2909 1554 2947 ma·-

466 2976 753 3036 nisestum
783 2973 887 3049 fit,
929 2972 1237 3033 Maronem
1260 2974 1410 3053 haec
1439 2994 1555 3035 va-

467 3061 576 3121 riis
631 3060 1001 3136 diversisque
1063 3060 1255 3139 poetis
1313 3062 1553 3120 Graecis

467 3145 803 3225 sublegisse.
888 3147 1075 3224 vulgo
1096 3190 1115 3222 ,
1162 3147 1418 3225 passim,
1447 3167 1554 3206 ca-

466 3232 756 3292 tervatim
770 3275 787 3307 ‚
844 3240 918 3289 ut
969 3231 1122 3290 bene
1177 3234 1346 3294 Serv.
1419 3231 1552 3314 (cfr.

468 3319 609 3377 Not.
672 3317 752 3376 ad
810 3316 910 3392 111,
959 3313 1102 3383 643.
1188 3319 1324 3378 Noli
1369 3321 1552 3397 volgo

450 3403 667 3482 fimat
700 3404 962 3481 iungere.
1025 3405 1131 3465 W
1122 3403 1205 3485 r.)
1290 3404 1557 3464 Eandem

467 3489 746 3548 arborem
762 3489 905 3547 satis
933 3491 1242 3550 commode
1260 3491 1321 3549 in
1345 3498 1556 3549 taxum

467 3584 533 3633 et
568 3575 770 3634 sedem
796 3574 1106 3636 bubonum
1123 3621 1140 3651 ,
1199 3577 1454 3655 strigum
1496 3585 1558 3633 et
1593 3570 1597 3574 ¹

467 3660 893 3741 Harpyiarum‚
919 3663 1182 3722 mutavit
1195 3662 1375 3720 Silius
1392 3662 1553 3736 xm,

466 3747 835 3812 595—600
851 3789 870 3822 ‚
924 3748 1071 3807 item
1110 3749 1336 3808 Seneca
1374 3748 1552 3807 Herc.

468 3834 585 3892 sur.
639 3836 785 3896 690.
875 3831 985 3913 (De
1054 3854 1144 3895 vs.
1213 3835 1362 3900 284.
1428 3833 1554 3894 vid.

469 3917 541 3980 V.
566 3917 631 3977 L.
682 3915 859 3999 Wr.)

550 4004 682 4071 ‘285
712 4039 792 4050 --
823 4006 970 4071 289.
1046 4006 1099 4062 A
1169 4004 1554 4065 Somniorum

470 4089 750 4149 ludibriis
792 4089 981 4149 facilis
1026 4090 1143 4150 suit
1193 4100 1406 4170 poetae
1453 4091 1555 4150 in—

467 4175 639 4256 genio
667 4194 1010 4256 progressus
1036 4175 1113 4235 ad
1141 4175 1561 4256 phantasmata

467 4270 533 4320 et
575 4271 864 4322 monstra.
948 4261 1067 4321 Sed
1120 4280 1189 4319 ea
1240 4263 1360 4323 iam
1398 4264 1559 4322 anti-

472 4346 713 4424 quiores
753 4347 816 4407 in
867 4344 964 4407 his
1010 4347 1158 4407 locis
1218 4349 1555 4426 collocasse,

469 4448 547 4489 ex
574 4432 975 4514 Aristophane
1007 4434 1219 4515 colligo
1261 4434 1326 4494 in
1369 4436 1555 4495 Ranis

1639 1686 1762 1753 143
1845 1684 2024 1750 Μετοέ
2092 1681 2265 1750 ταῦτ’
2327 1684 2729 1767 (Chai-entem

1637 1773 2019 1855 narraverat)
2110 1770 2286 1852 ὄφεις
2357 1774 2470 1836 καὶ
2544 1769 2729 1855 θηρί’

1635 1855 1779 1937 ’ὄψει
1808 1861 1994 1939 μυρία
2033 1856 2383 1923 Δεινότατα.
2473 1861 2590 1920 Est
2635 1861 2730 1919 lo-

1638 1964 1744 2003 cus
1770 1944 1845 2003 de
1867 1942 2086 2004 Bacchi
2115 1945 2404 2005 descensu
2442 1946 2528 2004 ad
2576 1946 2729 2005 infe·

1637 2050 1755 2089 ros.
1815 2031 1971 2090 adde
2016 2027 2244 2097 v.‘280
2283 2051 2415 2109 sqq.
2465 2032 2604 2097 475
2643 2052 2728 2110 sq.

1635 2116 1841 2194 Neque
1867 2116 2100 2176 abludit
2125 2118 2379 2176 Etrusca
2426 2126 2488 2175 et
2535 2120 2732 2176 Grae-

1638 2221 1708 2259 ca
1743 2203 2046 2281 antiquior
2074 2221 2182 2281 per
2214 2204 2453 2262 ltaliam
2493 2204 2729 2284 religio,

1637 2307 1818 2365 quam
1845 2297 2114 2348 monstra
2148 2289 2291 2347 talia
2339 2290 2403 2349 in
2443 2290 2600 2348 loeis
2631 2290 2731 2348 in—

1636 2374 1777 2432 feris
1809 2375 2125 2434 collocasse
2157 2393 2234 2433 ex
2263 2395 2482 2455 magno
2518 2396 2732 2434 sareo—

1636 2457 1968 2540 phagorum
2010 2467 2073 2519 et
2128 2478 2416 2530 vasorum
2468 2481 2730 2521 numero

1638 2555 1910 2606 constare
1951 2546 2214 2607 videtur.
2303 2550 2465 2607 cons.
2506 2549 2732 2607 Gon‘us

1637 2635 1813 2691 Mus.
1851 2636 2089 2692 Eume.
2124 2633 2192 2695 T.
2217 2632 2289 2708 11,
2318 2654 2379 2712 p.
2415 2633 2560 2698 148.
2589 2637 2728 2698 182.

1636 2719 1861 2778 Passer.
1898 2719 2184 2796 Paralip.
2228 2723 2295 2776 in
2337 2722 2627 2797 Dempd.
2664 2738 2721 2796 p.

1643 2809 1721 2870 10
1755 2813 1819 2862 et
1845 2804 1917 2863 al.
1950 2813 2013 2862 et
2038 2822 2232 2882 nuper
2268 2804 2559 2883 pluribus
2585 2805 2718 2862 Bot-

1633 2891 1806 2969 tiger.
1833 2891 1903 2949 V
1897 2889 2323 2966 asengemdlde
2343 2890 2372 2949 Ι
2405 2891 2602 2950 Stiiek
2627 2887 2714 2961 Ill,

1636 2997 1695 3056 p.
1757 2979 1859 3039 89.
1943 2978 2010 3033 in
2068 2974 2319 3053 jor-ibus
2386 2977 2718 3047 stabulatu,

1638 3060 2084 3120 accommodate
2150 3059 2230 3120 ad
2296 3062 2496 3137 seras,
2596 3081 2723 3140 pro,

1636 3156 1780 3206 sunt
1833 3147 1898 3206 in
1956 3147 2156 3226 primo,
2209 3145 2421 3222 aditu3
2489 3147 2726 3225 Scyllas

1633 3233 1950 3312 bisimnw,
1999 3251 2254 3312 superne
2289 3233 2549 3312 puellari
2590 3251 2728 3312 spe·

1641 3321 1727 3377 cie
1759 3364 1775 3392 ,
1838 3337 1991 3396 quae
2025 3320 2091 3376 in
2127 3318 2389 3378 belluam
2431 3319 2732 3379 mar-inam

1641 3405 1875 3464 desinit.
1919 3425 1978 3464 v.
2009 3403 2088 3462 ad
2115 3405 2236 3463 Ecl.
2262 3404 2359 3480 vl,
2387 3405 2493 3468 74.
2575 3406 2729 3483 Ergo

1639 3489 1700 3550 h.
1748 3492 1786 3552 l.
1840 3491 2046 3570 plures
2084 3490 2314 3569 Scyllae
2358 3492 2730 3570 ponuntur?

1636 3586 1843 3652 recte;
1901 3576 2077 3655 plura
2117 3586 2388 3636 monstra
2437 3578 2730 3655 scyllaea,

1641 3672 1711 3722 ut
1756 3662 1981 3721 Statius
2026 3662 2325 3740 eloquitur
2363 3663 2512 3723 Silv.
2557 3664 2636 3738 V,
2672 3666 2728 3735 8,

1636 3752 1783 3814 280.
1855 3749 1979 3807 Nec
2008 3747 2359 3807 assumenda
2388 3757 2486 3806 est
2518 3750 2728 3821 alten,

1641 3835 1766 3894 Nisi
1793 3835 1832 3894 s.
1901 3835 2164 3894 Praeivit
2195 3835 2430 3893 Lucret.
2462 3834 2539 3907 V,
2589 3839 2726 3898 890.

1643 3924 1787 3985 891.
1835 3920 1932 3995 lv,
1975 3924 2122 3984 737.
2209 3920 2437 3978 Locum
2491 3920 2728 3979 videbis

1639 4024 1985 4085 expressum
2073 4026 2110 4063 a
2171 4006 2355 4064 Tasso
2421 4006 2726 4066 δίει-τιυὶ.

1640 4091 1742 4151 lib.
1774 4091 1871 4166 IV,
1898 4101 1973 4151 st.
2000 4096 2059 4156 5.
2126 4092 2460 4163 Brinta-s,-
2511 4092 2730 4151 Notis*

1641 4177 1810 4238 locus
1839 4178 2007 4237 Iliad.
2042 4203 2099 4255 α,
2145 4176 2272 4244 402
2325 4197 2414 4255 sq.
2475 4179 2736 4258 Apollo·

1645 4262 1775 4324 dor.
1801 4264 1846 4338 l,
1883 4272 1913 4330 1
1951 4285 2047 4345 pr.
2108 4263 2190 4322 At
2214 4269 2734 4343 emamgrms‘nus

1642 4370 1764 4428 quo
1800 4352 2020 4410 sensu?
2070 4353 2238 4411 Serv.
2298 4352 2568 4427 „centies
2615 4350 2732 4409 dn-

1636 4436 1838 4517 plex.“
1882 4437 1990 4497 vix
2016 4455 2191 4512 vere,
2239 4438 2348 4497 sed
2372 4445 2468 4496 est
2500 4436 2734 4497 dictum
