2882 5028
426 347 578 419 290

423 527 757 603 Dixerat.

912 340 994 411 P.
1049 337 1575 414 VIRGILII
1628 336 2189 413 MARONIS

860 523 1001 600 Ille
1036 522 1238 600 dolis
1271 525 1693 599 instructus
1726 536 1804 599 et
1833 535 1997 598 arte
2025 522 2369 622 Pelasga,

429 627 758 706 Sustulit
789 640 1053 704 exutas
1081 626 1354 702 vinclis
1381 626 1483 704 ad
1506 619 1762 702 sidera
1794 626 2136 728 palmas:

425 738 627 826 VOS,
683 731 982 807 aeterni
1023 733 1281 830 igneS‚
1325 744 1406 807 et
1435 755 1602 806 non
1635 729 2016 805 violabile·
2033 744 2384 807 vestrum

428 842 718 913 Testor
745 858 1075 927 numen,
1109 836 1249 926 ait;
1290 860 1433 910 vos
1463 858 1667 931 arae,
1694 858 2086 935 ensesque
2114 831 2466 929 nefandi,
2530 839 2683 914 155

428 944 651 1035 Quos
675 936 879 1035 fugi,
932 939 1331 1038 vittaeque
1363 936 1647 1034 deum,
1695 963 1889 1039 quas
1924 936 2182 1014 hostia
2215 935 2451 1036 gessi:

424 1048 573 1120 Fas
598 1041 797 1118 mihi
826 1044 1246 1118 Graiorum
1278 1055 1570 1117 sacrata
1598 1040 2003 1117 resolvere
2040 1043 2233 1136 iura,

566 1235 668 1293 153
700 1235 1003 1288 exhaustas
1026 1233 1176 1288 Leia.
1205 1250 1350 1286 unus.
1390 1245 1619 1285 exustas
1642 1233 1806 1285 Goth.
1846 1232 1997 1285 alter.
2035 1231 2336 1301 (sollemnes
2374 1230 2680 1285 aberratio-

426 1321 553 1367 nes3
599 1303 706 1354 vid.
732 1304 903 1355 Hand.
931 1303 998 1355 ad
1028 1308 1159 1356 stat.
1186 1307 1238 1354 S.
1276 1303 1315 1366 l,
1348 1307 1395 1365 Ι,
1443 1305 1522 1359 18.
1565 1303 1710 1368 Wr.)

425 1372 556 1426 sima
594 1384 675 1424 est
698 1373 995 1424 Marklandi
1034 1372 1329 1426 emendatio
1373 1373 1593 1424 adstat.

1856 1301 1955 1357 154
1984 1314 2228 1353 vestrum
2267 1302 2338 1352 Ν.
2377 1300 2678 1383 Speciosh—

2188 1388 2276 1439 qui
2322 1381 2478 1422 etiam
2511 1389 2677 1440 prae—

1622 1391 1675 1443 p.
1713 1374 1765 1426 7.
1805 1374 2006 1424 Vestae
2033 1371 2139 1435 N.‚

426 1442 566 1495 clare
592 1443 812 1496 advocat
858 1460 1035 1495 versus
1071 1442 1165 1493 inf.
1202 1443 1324 1496 296.
1366 1444 1490 1496 297.
1532 1443 1600 1493 cf.
1644 1441 1809 1493 lortin
1858 1443 2094 1509 (Traces'
2127 1442 2279 1493 Tom.
2325 1442 2388 1494 11.
2427 1460 2481 1510 p.
2527 1440 2675 1507 465).

423 1511 623 1563 Firmat
647 1529 760 1563 eam
786 1512 954 1563 codex
977 1514 1072 1564 Ge.
1101 1510 1357 1576 Fabricii,
1390 1511 1533 1562 forte
1554 1522 1605 1560 et
1628 1511 1758 1576 boc,
1795 1511 1938 1629 quod
1970 1510 2160 1572 Sinon,
2196 1509 2287 1578 qui
2325 1509 2427 1561 iam

2473 1509 2676 1560 Troia-

425 1599 519 1632 nus
563 1581 687 1632 civis
729 1580 899 1632 videri
934 1582 1174 1642 volebat,
1236 1597 1425 1634 numen
1465 1580 1661 1632 Troiae
1701 1590 1812 1631 tute
1834 1598 1924 1631 are
1963 1581 2188 1631 invocat.
2255 1580 2442 1631 Obstat
2478 1589 2677 1642 tamen,

424 1651 567 1720 quod
595 1651 698 1702 iam
727 1668 758 1703 a
787 1650 912 1701 viris
940 1650 1111 1703 doctis
1135 1650 1383 1702 monitum
1401 1688 1415 1712 ,
1452 1665 1558 1700 non
1589 1651 1664 1701 ad
1690 1648 1872 1701 urbem
1897 1661 1952 1700 et
1992 1667 2171 1700 arcem
2189 1686 2204 1709 ‚
2249 1649 2305 1699 in
2345 1667 2445 1717 qua
2488 1666 2678 1701 serva-

422 1720 578 1772 batur
599 1738 746 1772 sacer
769 1719 905 1788 ignis
922 1758 938 1785 ,
972 1738 1323 1781 conversum,
1361 1719 1461 1772 sed
1491 1718 1741 1770 manibus
1764 1718 1840 1771 ad
1867 1719 2054 1771 sidera
2078 1716 2314 1771 sublatis
2336 1717 2469 1770 haec
2493 1717 2677 1771 dicere

421 1790 683 1841 Sinonem.
718 1790 785 1842 cf.
821 1791 992 1841 Burm.
1030 1790 1218 1857 (Hand.
1247 1789 1315 1841 ad
1343 1794 1476 1839 Stat.
1511 1792 1563 1839 S.
1596 1790 1635 1850 1,
1661 1790 1748 1844 36.
1777 1806 1897 1857 pag.
1927 1786 2043 1843 84.:
2096 1789 2249 1851 „Quo
2278 1787 2448 1838 minus
2485 1788 2678 1838 Mark-

421 1858 568 1910 landi
593 1858 1008 1911 emendationem
1040 1859 1288 1929 probem,
1341 1876 1424 1909 me
1455 1858 1706 1939 impedit,
1756 1875 1861 1908 non
1902 1857 2060 1908 modo
2104 1857 2248 1925 qnod
2281 1857 2443 1909 Sinon
2480 1857 2678 1909 dicitur

422 1928 492 1980 ad
534 1926 708 1979 sidera
732 1928 1003 1980 sustulisse
1031 1945 1241 1990 manus,
1296 1927 1393 1978 sed
1420 1944 1639 1977 maxime
1666 1927 1808 1996 quod
1844 1929 2041 1979 Vestae
2083 1926 2504 1978 commemoratio
2552 1936 2606 1977 et
2641 1945 2676 1979 a

462 2014 649 2049 ersona
680 2007 734 2047 et
767 2016 797 2050 a
840 1997 1146 2049 conditione
1175 1996 1316 2048 illius
1354 1996 1526 2047 aliena
1575 1994 1799 2047 videtur.
1817 2001 1849 2026 ‘⁴

983 2067 1083 2123 156
1117 2068 1425 2137 vittaeque,
1461 2066 1621 2116 deum
1649 2085 1698 2135 q.
1739 2065 1815 2116 ita
1839 2063 2178 2134 distinguitur
2207 2064 2261 2116 in
2289 2064 2503 2117 Mentel.
2531 2075 2585 2115 et
2617 2065 2676 2118 in

451 2068 500 2130 1,
533 2063 657 2121 486.
698 2065 840 2134 Wr.)

1918 1995 2042 2047 Vid.
2078 1995 2236 2045 etiam
2281 1995 2425 2048 labu.
2462 1995 2531 2047 ad
2569 1997 2672 2048 Ge.

420 2134 582 2188 Pierii
614 2135 767 2188 codd.
783 2173 800 2200 ,
840 2146 895 2187 et
924 2135 1000 2188 sic
1021 2136 1124 2187 iam
1156 2135 1282 2187 olim
1310 2134 1613 2186 distinctum
1636 2134 1806 2187 Servii
1832 2144 2092 2206 tempore.
2160 2134 2411 2187 Placebat
2448 2153 2512 2186 ue
2537 2135 2675 2186 Cer-

421 2204 524 2257 dae
552 2223 613 2256 ea
646 2205 803 2258 ratio.
871 2206 977 2257 Sed
1005 2209 1178 2259 victae
1209 2205 1368 2256 deum
1397 2213 1518 2255 sunt
1549 2203 1738 2256 divinis
1776 2205 1933 2256 rebus
1972 2203 2260 2256 adhibitae.
2312 2204 2387 2272 (iu

321 2320 326 2325 .
421 2285 544 2395 gost
583 2273 744 2326 deum
784 2274 1186 2345 inter-pungitur.
1228 2278 1310 2327 W
1305 2273 1371 2340 r.)
1422 2286 1477 2325 ec
1518 2276 1796 2356 pictaeque
1831 2272 1991 2328 Witt.

472 2344 608 2396 amb.
639 2362 746 2397 sec.
778 2353 831 2394 et
859 2361 958 2413 pro
988 2363 1097 2397 var.
1126 2343 1248 2396 lect.
1278 2342 1412 2395 alter
1441 2343 1623 2406 Laud„

2485 2204 2677 2256 ediceo

2133 2275 2234 2330 157
2280 2288 2492 2326 secreta
2520 2274 2677 2326 Leid.

1674 2343 1818 2413 quod
1863 2361 1894 2395 a
1937 2341 2181 2396 Conterio
2221 2344 2356 2395 male
2399 2344 2680 2396 defensum

419 2423 565 2466 recte
590 2411 778 2466 reiecit
801 2415 1135 2467 Burmannus.
1170 2413 1460 2466 revolvere
1491 2413 1677 2465 Hamb.
1721 2431 1804 2483 pr.
1838 2423 1893 2464 et
1928 2415 2135 2482 Menag.
2168 2410 2323 2465 alter.

418 2571 564 2631 Mox
640 2591 702 2632 v.
771 2573 894 2638 152
966 2571 1123 2631 dolis
1194 2574 1511 2632 momentu-⁴2
1592 2594 1738 2633 ame
1765 2594 2047 2652 ensesque
2063 2616 2082 2647 ‚
2130 2594 2279 2653 quos
2305 2573 2488 2651 sugit
2510 2616 2527 2645 ,
2573 2591 2681 2632 se-

420 2656 810 2717 Homericum
857 2663 1094 2720 κακοῖσι
1131 2652 1357 2720 δόλοισι
1401 2680 1508 2719 κε-
1591 2668 1875 2737 quantur,
1903 2658 2160 2735 quicum
2183 2659 2312 2717 istis
2336 2656 2480 2717 nihil
2503 2678 2679 2717 com-

416 2741 751 2824 κασμένος,
821 2738 1283 2827 κερδαλεόφρων
1335 2742 1503 2803 Iliad.

418 2831 454 2892 δ
469 2873 488 2906 ,
529 2832 673 2895 389.

506 2914 649 2980 154.
705 2916 952 2975 Aeterni
996 2917 1171 2991 ignes
1225 2913 1338 2974 vix
1400 2912 1503 2973 alii

418 3018 542 3059 esse
571 3008 825 3079 possunt
862 3018 1043 3076 quam
1072 2998 1195 3073 sol,
1251 2999 1395 3059 luna
1436 3007 1500 3057 et

416 3085 643 3160 sidera,
699 3085 774 3143 de
821 3084 1039 3160 quibus
1088 3093 1150 3142 et
1203 3078 1373 3145 Serv.
1429 3104 1502 3144 ac

416 3170 686 3230 Donatus
712 3178 1091 3249 acceperunt.
1134 3189 1273 3230 nam
1294 3170 1499 3249 paullo

416 3264 587 3315 ante:
628 3257 867 3314 sustulit
891 3256 980 3314 ad
1010 3255 1206 3313 sidera
1229 3257 1500 3334 palmas.

415 3341 493 3401 lis
518 3341 925 3400 aeternitatem
943 3385 959 3416 ,
1004 3360 1258 3415 numen,
1301 3349 1364 3400 et
1403 3341 1500 3400 lo—

416 3446 556 3486 cum
587 3426 654 3485 in
693 3426 1084 3486 iureiurando
1118 3426 1336 3501 tribui,
1378 3425 1501 3487 iam

416 3512 561 3572 satis
592 3520 826 3585 notum,
853 3522 917 3571 et
941 3512 1150 3573 docuit
1171 3513 1499 3574 Burmann.

415 3597 497 3658 ad
544 3597 606 3658 h.
645 3597 686 3657 l.
786 3599 983 3658 Etiam
1040 3621 1161 3660 non
1215 3597 1501 3658 violabile

415 3684 566 3743 bene
590 3683 672 3742 sd
706 3685 958 3764 periurii
999 3685 1289 3745 ultionem
1322 3692 1500 3744 retu-

414 3769 516 3846 lit3
557 3788 668 3849 per
690 3790 842 3848 quos
868 3791 1043 3830 nemo
1072 3771 1317 3851 impune
1331 3770 1464 3850 peie
1483 3803 1500 3817 ·

413 3865 543 3932 rat;
572 3855 769 3915 mium
789 3856 942 3916 bene
967 3858 1212 3916 Servius
1241 3852 1500 3935 ἄφθαρ-

413 3963 521 4004 τον
550 3941 803 4021 exprimi
830 3942 1103 4022 putabat.
1194 3943 1274 4001 De
1303 3942 1499 4001 Pena-

414 4026 581 4088 tibus
643 4035 750 4087 aut
801 4027 1016 4088 Vestae
1084 4029 1248 4107 igne,
1319 4047 1498 4104 quem

415 4112 593 4172 etiam
616 4113 980 4193 Pomponius
1009 4114 1088 4173 ad
1124 4114 1188 4173 h.
1227 4113 1268 4172 l.
1312 4133 1499 4173 voca-

414 4199 536 4274 vit,
580 4199 687 4277 qui
709 4199 1113 4260 Troianorum
1153 4217 1278 4259 esse
1314 4198 1500 4257 debe-

413 4294 543 4361 ret,
587 4285 696 4346 vix
726 4285 917 4347 Sinon
944 4285 1112 4365 loqui
1145 4285 1272 4345 sine
1302 4284 1500 4364 aliqua

414 4370 789 4432 affectatione
815 4372 1045 4455 potuit,
1073 4370 1497 4455 inprimiscum

1589 2763 1771 2804 mune
1822 2742 2145 2804 habebant.
2212 2745 2288 2802 cf.
2349 2764 2476 2804 var.
2534 2743 2680 2803 lect.

1588 2831 1815 2905 Eum,
1865 2826 2160 2913 μάχαιρα,
2208 2827 2458 2913 σφαγῖς,
2503 2829 2682 2891 invi-

1587 2915 1754 2974 diose
1774 2935 1887 2994 pro
1917 2914 2217 2994 singulari.

1677 3003 1814 3066 157.
1859 3002 2117 3060 Sace-ata
2168 3002 2491 3060 Graiorum
2532 3003 2680 3059 ium

1584 3096 1761 3161 sunt,
1822 3096 2033 3147 nostro
2093 3087 2355 3160 iudicio,
2408 3084 2681 3146 civitatis

1582 3172 1706 3247 ius,
1750 3172 1960 3232 saltem
1988 3172 2082 3232 ius
2119 3190 2435 3232 commune
2464 3191 2677 3249 popu-

1587 3257 1840 3332 larium,
1887 3257 2053 3336 quod
2079 3260 2362 3317 resolvere
2408 3276 2465 3314 se
2497 3254 2671 3329 dicit,

1583 3352 1655 3404 ut
1668 3344 1876 3423 patriis
1887 3344 2113 3423 legibus
2128 3344 2361 3402 solutus
2373 3339 2675 3401 incivita-

1582 3438 1708 3489 tem
1734 3430 2053 3488 Troianam
2084 3438 2352 3489 transeat
2369 3472 2385 3502 ,
2413 3425 2678 3507 amplius

1580 3515 1701 3573 iam
1729 3516 1992 3574 Graecus
2029 3536 2150 3574 non
2193 3515 2301 3587 sit,
2358 3513 2461 3572 sed
2508 3533 2680 3573 unus

1582 3620 1616 3659 a
1651 3600 1944 3661 Troianis.
1985 3601 2189 3681 itaque
2227 3599 2500 3659 subiicit:
2537 3620 2676 3678 pa·-

1580 3689 1730 3745 triae
1761 3700 1957 3747 teneor·
1985 3709 2093 3746 nec
2127 3685 2360 3766 legibus
2384 3686 2549 3743 ullis.
2605 3684 2681 3746 lu

1580 3770 1747 3831 hunc
1767 3772 1892 3832 sere
1920 3792 2178 3845 sensum,
2208 3781 2280 3831 ut
2309 3791 2342 3828 a
2371 3791 2478 3830 sua
2496 3773 2682 3850 quasi

1580 3857 1774 3938 patria
1798 3866 2106 3936 tamquam
2146 3856 2369 3916 familia
2398 3876 2460 3915 se
2489 3855 2684 3916 abdi-

1581 3952 1714 4017 cet,
1759 3944 1976 4023 accipit
2004 3945 2290 4003 Donatus.
2375 3942 2459 4002 At
2499 3943 2683 4009 Serv.

1583 4040 1645 4089 et
1683 4029 2042 4109 Pomponius
2095 4030 2172 4089 ad
2232 4037 2686 4089 sacramentum

1580 4115 1836 4175 militare
1868 4117 2139 4177 referunt
2155 4160 2170 4189 ,
2227 4114 2404 4193 quale
2441 4115 2678 4176 scilicet

1579 4201 1741 4262 inter
1765 4202 2067 4262 Romanos
2092 4210 2251 4276 erat,
2280 4221 2403 4278 quo
2431 4200 2514 4259 ad
2539 4202 2684 4262 bel-

1580 4287 1708 4347 lum
1772 4289 1975 4348 exiens
2056 4287 2225 4349 miles
2298 4286 2684 4365 adigebatur.

1579 4374 1959 4435 Burmannus
1987 4374 2179 4435 multo
2197 4373 2375 4434 etiam
2400 4375 2688 4454 argutius
