2882 5028
662 232 691 270 f

537 383 1150 462 AENEmos
1202 384 1417 472 Lm,
1469 385 1607 481 111,
1658 387 2093 465 sss-548

221 571 376 646 Sed
410 577 678 645 tamen
708 568 931 646 idem
959 572 1155 648 olim
1187 596 1424 648 curru
1456 569 1889 647 succedere
1919 574 2122 648 sueti

220 673 830 774 Quadrupedes,
879 689 959 751 et
993 675 1221 752 frena
1250 677 1435 773 iugo
1475 674 1902 751 concordia
1931 673 2183 754 serre:

221 781 412 877 Spes
454 790 534 852 et
566 780 817 879 paciS‚
881 781 1002 858 ait.
1111 785 1325 856 Tum
1353 780 1683 854 numina
1726 793 1989 854 sancta
2028 805 2455 880 precamur

219 879 549 956 Palladis
591 883 1070 974 armisonae,
1127 909 1330 985 quae
1357 885 1612 984 prima
1648 881 1962 983 adcepit
2002 873 2336 977 ovantis3

218 988 310 1059 Et
338 985 587 1084 capita
617 1000 798 1061 ante
835 1012 1002 1062 aras
1034 986 1375 1086 Phrygio
1409 986 1772 1062 velamur
1799 988 2128 1081 amictu3
2301 995 2455 1070 545

219 1091 821 1191 Praeceptisque
852 1092 1180 1187 Heleni,
1229 1091 1564 1167 dederat
1607 1112 2254 1191 quae-maxuma,
2307 1095 2456 1169 rite

219 1194 500 1267 Iunoni
537 1195 866 1292 Argivae
893 1195 1158 1271 iussos‘
1179 1195 1594 1272 adolemus
1618 1194 1994 1273 honores.

312 1295 547 1373 Haud
578 1322 845 1376 mora:
901 1301 1284 1376 continuo
1317 1296 1693 1401 perfectis
1726 1297 2015 1375 ordine
2045 1300 2272 1396 votis,

347 1467 449 1526 541
487 1475 565 1523 Ee
594 1484 776 1524 tamen
802 1475 939 1526 Ven.
986 1473 1152 1541 (quod
1191 1473 1381 1543 reponi
1416 1472 1533 1524 vult
1569 1477 1782 1524 Senten-
1821 1472 1890 1526 ed
1932 1474 2151 1525 Terent.
2191 1489 2268 1524 vs.
2305 1471 2450 1535 754.;

220 1540 306 1590 sed
330 1540 435 1592 vid.
482 1542 611 1593 Not.
650 1542 716 1593 ad
755 1544 865 1594 Ecl.
897 1545 936 1607 1,
981 1546 1065 1599 19.
1123 1547 1206 1596 W
1202 1545 1270 1612 r.)
1342 1562 1510 1595 cursu
1550 1542 1710 1596 Witt.
1780 1561 2003 1593 currum
2041 1542 2330 1593 succedere
2372 1560 2459 1595 un.

222 1608 378 1674 Laid„
411 1611 558 1662 forte
584 1613 689 1663 hoc
716 1613 1037 1682 exquisitius.
1081 1615 1254 1664 Burm.
1304 1611 1485 1665 laudat
1519 1625 1632 1664 not.
1679 1612 1748 1663 ad
1789 1612 1939 1663 ovid.
1979 1614 2110 1663 Met.
2147 1612 2293 1673 xm,
2338 1615 2458 1668 611.

224 1676 316 1732 542
349 1677 578 1764 ecferre
608 1683 644 1732 i.
669 1699 713 1732 c.
732 1681 908 1752 frena
928 1682 1129 1735 Zulich.
1155 1701 1187 1734 a
1214 1700 1283 1733 m.
1311 1699 1418 1733 sec.
1556 1682 1662 1736 543
1699 1685 1837 1752 Spes
1877 1694 1962 1733 est
1994 1701 2051 1752 p.
2093 1690 2215 1732 ente
2257 1682 2463 1744 Heius„

225 1758 276 1797 st
301 1748 537 1819 plerique
568 1751 725 1802 codd.
753 1761 807 1803 et
830 1752 983 1816 edd„
1017 1753 1173 1804 etiam
1211 1753 1264 1802 in
1288 1748 1550 1803 servianis
1575 1752 1644 1802 ad
1671 1770 1719 1803 ν.
1753 1752 1859 1807 537
1899 1760 1953 1802 et
1994 1768 2108 1820 sup.
2150 1751 2218 1801 ad
2261 1753 2301 1812 1,
2337 1751 2458 1808 443.

226 1817 319 1882 (ese
342 1819 506 1870 Palat.
539 1818 687 1887 Lips.
715 1831 820 1890 utq.
846 1833 898 1873 et
928 1826 1029 1885 10„
1064 1822 1202 1873 idem
1227 1820 1394 1873 Servii
1418 1830 1578 1871 notae
1612 1818 1990 1890 praescriptum
2021 1820 2076 1870 iu
2115 1820 2233 1871 cod.
2272 1821 2461 1873 Dresd.

232 1888 365 1954 Wr.)
435 1890 543 1940 Sed
590 1891 780 1942 Medic.
832 1909 946 1942 eum
987 1891 1105 1953 aliis
1145 1890 1449 1942 melioribus
1493 1893 1635 1959 Spes
1687 1902 1743 1942 et
1779 1910 1834 1960 p.
1910 1893 2038 1941 Cum
2077 1890 2213 1940 alter
2251 1892 2460 1958 Menag.

226 1959 437 2009 nunu‘na
469 1972 694 2010 sancta:
752 1961 835 2011 Ad
862 1961 916 2011 h.
938 1979 989 2012 v.
1020 1962 1277 2028 Pompon.
1308 1960 1467 2012 Sab.:
1507 1961 1632 2023 „Ita
1670 1971 1726 2011 et
1751 1955 1970 2011 Probus
2006 1959 2144 2028 legio
2185 1971 2241 2009 et
2275 1965 2464 2043 Apro-

226 2026 470 2079 κῶπαι-ἐ*
543 2032 698 2092 Quae
721 2030 854 2080 adeo
884 2030 1240 2082 memorabilis
1267 2030 1355 2081 hic
1375 2029 1447 2080 sit
1471 2029 1690 2080 varietas
1710 2068 1725 2093 ,
1758 2045 1868 2080 non
1906 2045 2185 2097 assequor3
2235 2029 2337 2081 nist
2380 2039 2464 2081 est

2298 395 2452 471 523
2565 377 2574 392 ’

227 2096 357 2179 qugd
395 2096 486 2149 alii
530 2117 700 2150 sacra
738 2098 1115 2164 exbibuerunt,
1181 2109 1244 2151 ut
1296 2117 1361 2150 ex
1392 2116 1497 2149 sec.
1534 2098 1724 2150 Hamb.
1767 2108 1823 2150 et
1854 2098 2005 2151 Leid.
2048 2098 2250 2150 notavit
2289 2102 2463 2150 Burm-
2575 2153 2578 2154 γ

230 2183 333 2250 (sca
374 2183 519 2254 Lips.
562 2193 676 2253 utq.
721 2185 950 2250 „Eadem
984 2188 1125 2238 forte
1160 2186 1385 2239 varietas
1412 2216 1481 2226 —
1505 2188 1729 2237 nomina
1763 2202 1862 2252 pro
1897 2186 2122 2236 numina
2146 2213 2214 2223 —-
2238 2185 2339 2236 suit
2376 2202 2462 2253 ap.

227 2252 364 2321 Virg.
392 2256 479 2316 111,
507 2255 658 2316 543„
693 2271 796 2322 quo
824 2261 1033 2325 spectat
1068 2257 1250 2326 Pomp.
1279 2255 1460 2308 Sabini
1499 2259 1677 2307 nota.“
1746 2257 1888 2306 Haec
1916 2253 2365 2323 Martyni—Lag.
2395 2254 2465 2306 ad

228 2320 405 2375 Lucan.
441 2326 483 2386 1,
525 2321 655 2378 405.
713 2325 856 2393 Wt.)
994 2326 1101 2381 544
1150 2344 1290 2395 quae
1366 2328 1557 2377 timum
1602 2325 1707 2376 duo
1740 2326 1934 2376 Moret.
1969 2333 2026 2375 et
2066 2325 2321 2377 Rottend.
2359 2342 2463 2375 sec.

228 2390 322 2449 545
354 2395 528 2464 capite
554 2393 640 2445 ed.
682 2394 816 2446 lunt.
886 2396 1157 2465 capiter—
1181 2396 1306 2446 vela
1340 2414 1409 2446 ar
1453 2394 1708 2446 Rufinian.
1755 2394 1823 2444 de
1874 2393 2078 2444 Schem.
2117 2394 2244 2445 Lex.
2287 2412 2341 2462 p.
2393 2391 2466 2448 35

230 2461 380 2533 (255).
448 2464 635 2536 capite
668 2472 725 2513 et
747 2476 945 2537 capace
974 2465 1224 2518 velamus
1269 2481 1362 2514 sex
1400 2464 1486 2516 vel
1529 2475 1731 2536 septem
1770 2479 1857 2531 sp.
1898 2464 2067 2513 Burm.
2106 2462 2239 2514 miro
2285 2464 2463 2532 lapsu:

231 2559 291 2569 —
319 2545 445 2583 ante
469 2552 630 2585 aram
659 2532 798 2584 idem
826 2534 1085 2588 Rufinian.
1106 2534 1144 2587 l.
1172 2554 1216 2587 c.
1270 2534 1433 2586 Goth.
1464 2544 1605 2597 tert„
1639 2531 1897 2586 Montalb.
1930 2544 1983 2584 et
2007 2534 2162 2584 Voss.
2190 2533 2277 2585 hic
2306 2534 2466 2585 etiam

231 2601 505 2666 velantur,
544 2612 604 2653 et
629 2602 793 2655 wall.
823 2620 854 2654 a
879 2621 946 2654 m.
973 2622 1053 2674 pr.
1076 2605 1314 2657 velatur.
1387 2605 1640 2672 (Vereor,
1676 2621 1743 2654 ne
1772 2619 1876 2652 non
1905 2602 1975 2653 sit
2003 2602 2298 2669 genuinum,
2325 2602 2466 2672 quod

230 2668 309 2721 hic
337 2671 526 2723 editur.
606 2673 866 2724 Velamus
904 2682 960 2723 et
996 2674 1255 2726 velantur
1292 2673 1523 2725 librariis
1566 2674 1820 2735 debetur,
1867 2671 2106 2722 faciliora
2141 2672 2467 2740 amplecten-

231 2737 374 2792 tibus.
440 2746 510 2793 At
542 2740 799 2803 velabat,
834 2742 1060 2793 velatur
1084 2755 1137 2795 et
1162 2753 1451 2794 monstrum
1482 2742 1611 2793 illud
1641 2753 1839 2812 capuae
1866 2758 1930 2791 eo
1956 2741 2180 2804 ducunt,
2229 2755 2290 2791 ut
2329 2741 2466 2794 scri-

232 2819 365 2875 ptum
389 2810 551 2862 fnisse
600 2811 844 2861 videatur
881 2814 1432 2881 caput-velamur.
1501 2811 1588 2863 Sic
1628 2822 1795 2880 caput
1836 2809 1871 2861 i.
1907 2828 1958 2878 q.
2000 2811 2183 2879 capita
2221 2809 2360 2862 infra
2398 2812 2467 2876 V,

232 2879 371 2933 ³09.:
408 2880 682 2949 „flavaque
721 2890 935 2949 caput
971 2891 1353 2935 nectentur
1386 2880 1581 2933 olivass‘
1631 2880 1769 2932 adde
1811 2880 1906 2931 Ge.
1945 2881 1989 2942 1,
2033 2879 2157 2933 386.
2193 2883 2322 2930 Aen.
2369 2881 2468 2946 IX,

186 2980 192 2985 ·
232 2945 344 3002 437.
410 2949 639 3002 Videtur
664 2969 702 3001 a
730 2968 759 3001 e
790 2949 1026 3019 proxima
1060 2969 1188 3005 voce
1222 2950 1556 3014 adhaesisse3
1605 2959 1661 3001 et
1694 2950 1974 3019 capitana
2013 2947 2069 2998 in
2108 2947 2227 3016 ipso
2277 2949 2469 3001 Medic.

234 3033 464 3138 εἰμέν.
506 3028 698 3071 exstat.
732 3048 804 3059 —
866 3018 990 3077 546.
1032 3040 1084 3094 q.
1117 3022 1373 3094 proxima
1403 3025 1553 3075 Serv.
1590 3018 1779 3072 Dresd.
1838 3017 1983 3086 Wr.)
2121 3016 2227 3072 548
2267 3017 2469 3091 profe-
2491 3091 2504 3104 .

235 3102 263 3136 c
283 3104 328 3137 ω
397 3106 536 3141 rana

238 3215 410 3269 cuns.
494 3210 826 3290 Argutatur
874 3220 936 3271 et
980 3212 1307 3272 Burmann.
1389 3223 1491 3270 rat
1530 3232 1687 3291 quae
1726 3212 2005 3270 maxima
2053 3209 2298 3290 respicit
2337 3230 2469 3311 sup.

240 3291 309 3351 ⁸11
367 3293 519 3373 ⁵43,
576 3298 682 3375 qui
756 3316 942 3375 equos
1015 3297 1333 3357 candidos

240 3378 732 3461 triumphantium
818 3382 941 3443 huc
1029 3384 1307 3444 advocet.

239 3460 472 3525 Fundus
519 3469 1067 3549 interpretationis,
1128 3489 1308 3547 quem

241 3545 508 3614 Anchises
533 3556 714 3630 facit,
757 3574 879 3616 non
917 3556 983 3614 in
1025 3554 1306 3629 candore,

242 3635 336 3693 sed
363 3637 424 3696 in
452 3660 520 3699 eo
568 3649 695 3716 est,
750 3641 917 3720 quod
956 3640 1095 3720 equi
1128 3641 1310 3700 etiam

242 3717 431 3798 iugum
467 3728 690 3788 serunt.

321 3808 457 3873 648.
487 3812 637 3878 544.
680 3811 908 3872 Palladi
939 3831 1175 3891 sacrum
1208 3811 1307 3870 fe·-

248 3888 424 3968 ῦὶωῑῒ,
459 3899 629 3959 cuius
650 3899 944 3979 templum
967 3897 1032 3956 in
1063 3915 1132 3957 eo
1158 3917 1309 3977 por-

248 3980 339 4052 ¹¹¹2
377 3999 435 4039 V·
462 4004 594 4064 sup.
627 3986 771 4050 531.
845 3984 1026 4043 Hunc
1054 3982 1309 4058 ian-ent,

254 4070 309 4118 Οἱ
345 4070 561 4128 terrem
618 4068 903 4149 capiunt,
959 4069 1045 4128 ita
1102 4077 1176 4128 ut
1221 4088 1310 4142 ee,

253 4153 534 4227 umquam
565 4152 854 4235 hospitio,
883 4174 984 4213 eos
1013 4154 1315 4233 excepisse

254 4230 429 4294 fideti
465 4250 678 4319 posset.
748 4253 993 4300 ovantes
1045 4239 1315 4299 ornatius

253 4336 413 4391 ‘luam
439 4346 564 4384 nos.
654 4325 800 4387 Mox
823 4325 953 4392 545
977 4334 1210 4404 spectat
1233 4324 1310 4384 sd

256 4420 372 4482 ‘¹²1’-
396 4404 517 4475 403
546 4431 667 4491 sqq.
754 4410 899 4481 546.
940 4410 1088 4477 547.
1131 4411 1315 4470 dede-

1389 3295 1518 3363 485
1535 3318 1721 3356 unum
1735 3296 1894 3356 illud
1904 3316 2261 3376 —pmeque
2273 3317 2473 3356 omm-

1391 3381 1503 3440 bus
1556 3405 1765 3442 unum.
1867 3385 2208 3461 praeceptis
2272 3402 2383 3465 pro
2438 3401 2472 3440 e

1391 3477 1708 3549 praecepto
1755 3467 1985 3527 Heleni.
2082 3468 2358 3545 Argivas
2409 3487 2472 3528 v.

1392 3574 1525 3633 sup.
1558 3555 1603 3630 1,
1634 3553 1737 3629 24,
1766 3553 1871 3612 sed
1901 3551 1963 3613 h.
1999 3552 2042 3612 l.
2079 3561 2318 3613 tentum
2367 3574 2473 3613 or-

1390 3647 1515 3700 nat.
1602 3640 1909 3716 (Ceterum
1933 3638 2058 3699 vid.
2094 3640 2236 3699 Not.
2262 3639 2340 3699 nd
2368 3640 2474 3699 Ge.

1388 3725 1490 3800 lv,
1518 3727 1662 3790 879.
1711 3727 1817 3786 W
1806 3722 1883 3806 r.)

1477 3809 1604 3875 548
1618 3843 1699 3856 —-
1716 3811 1859 3876 550.
1888 3809 2038 3868 Item
2062 3829 2139 3869 ex
2157 3818 2475 3891 praecepto

1391 3894 1608 3955 Heleni
1645 3916 1777 3975 sup.
1819 3916 1882 3956 v.
1931 3900 2058 3960 396
2100 3917 2188 3975 sq.
2272 3899 2477 3957 Potest

1396 4001 1565 4042 sacro
1591 3979 1712 4042 hoc
1737 3983 1901 4042 facto
1928 3983 2243 4062 occupatio
2271 3984 2479 4043 Italiae

1396 4068 1554 4127 sacta
1593 4068 1806 4128 videri.
1891 4067 2012 4127 Sed
2054 4068 2274 4128 similes
2322 4068 2482 4129 Iuris

1395 4155 1664 4232 gentium
1691 4164 1801 4213 eut
1825 4154 2050 4233 publici
2074 4155 2351 4215 notiones
2377 4154 2478 4213 in-

1396 4249 1493 4299 ter
1526 4250 1759 4301 veteres
1804 4260 1929 4300 non
1966 4240 2169 4316 fuere5
2225 4239 2341 4298 suit
2374 4258 2476 4298 sa-

1399 4346 1569 4387 crum
1588 4323 1994 4410 χαριστήριον.
2021 4325 2374 4384 obvertimus
2396 4345 2477 4384 sc.

1397 4413 1636 4493 pelago,
1691 4412 1759 4473 in
1811 4411 2083 4491 pelagus,
2138 4409 2204 4469 in
2246 4409 2477 4474 altum:
