2882 5028
603 357 741 431 DE
796 354 1278 432 CARMINE
1328 354 1643 431 EPICO
1699 355 2074 433 VIRGIL.
2423 364 2468 433 7

204 544 341 635 sb,
406 565 503 615 ex
570 540 1132 642 superioribus
1191 539 1418 621 facile
1492 540 1968 639 intelligitur.
2087 544 2211 617 Ne
2270 540 2474 616 illud

204 669 628 737 moneam,
695 646 904 745 epici
953 645 1321 725 carminis
1362 646 1691 721 virtutes
1727 641 2020 719 multas
2069 667 2162 719 ex
2211 668 2472 721 narra-

202 749 440 823 tionis
488 749 763 822 honae
825 746 1105 823 indole
1164 762 1245 824 et
1286 762 1564 824 natura
1631 771 1804 824 esse
1854 746 2275 848 petendas,
2366 746 2469 825 ad

204 877 447 952 quam
496 853 785 952 utique
831 876 1019 927 cum
1066 852 1346 929 ceteris
1391 866 1473 928 et
1515 852 1675 927 hoc
1714 863 2061 952 spectat,
2111 863 2205 926 ut
2244 864 2467 927 tanto

204 955 525 1033 dulcior
570 957 672 1030 sit
717 956 981 1030 omnis
1028 957 1409 1052 narrati0‚
1499 969 1798 1057 quanto
1840 956 2086 1052 magis
2135 953 2260 1030 illa
2303 956 2468 1030 ani-

202 1084 433 1134 mum
494 1074 815 1135 terrore
879 1057 1011 1133 vel
1075 1059 1588 1135 miseratione
1653 1060 2015 1156 exagitat3
2099 1070 2190 1134 ut
2250 1083 2467 1135 vero.

206 1163 433 1264 quod
465 1164 593 1238 vir
643 1161 1266 1260 elegantissimus
1315 1162 1869 1255 arbitrabatur,
1923 1160 2170 1237 sutilis
2208 1161 2304 1237 ali
2367 1187 2466 1236 ua

207 1268 689 1365 tragicamm
736 1266 1139 1341 actionum
1185 1289 1610 1366 compages
1662 1266 1975 1342 bonum
2026 1289 2224 1365 epos
2287 1187 2468 1341 echi-

205 1372 394 1466 ciat‚
447 1369 685 1445 valde
716 1394 1025 1449 vereor.
1129 1368 1295 1445 Alia
1333 1394 1465 1445 res
1490 1382 1630 1466 est,
1682 1370 1746 1445 si
1774 1370 1950 1470 quis
1976 1366 2467 1469 profiteatur,

206 1499 299 1549 ex
348 1475 558 1574 epici
620 1473 991 1549 carminis
1057 1473 1409 1573 partibus
1466 1473 1722 1548 bonas
1782 1470 2225 1570 tragoedias
2291 1469 2466 1547 fieri

207 1602 483 1678 posse.
544 1576 648 1652 de
686 1577 1037 1678 quoiam
1067 1576 1530 1652 Aristoteles
1569 1578 1727 1676 egit
1752 1581 1972 1659 Poet.
2002 1599 2063 1649 c.
2091 1586 2192 1656 23
2230 1587 2310 1649 et
2344 1585 2466 1655 26.

415 1679 623 1756 Illud
671 1681 970 1757 interea
1010 1681 1276 1777 negari
1303 1682 1620 1781 nequit,
1677 1704 1862 1754 cum
1896 1678 2016 1776 id,
2071 1678 2293 1781 quod
2328 1678 2469 1754 ad-

205 1785 655 1860 mirationis
714 1784 1038 1859 maioris
1082 1783 1244 1859 vim
1292 1796 1372 1858 et
1416 1805 1768 1861 caussam
1820 1781 2096 1878 habet,
2159 1781 2255 1858 ad
2303 1782 2469 1857 ani-

205 1912 388 1963 mos
430 1901 753 1962 nostros
796 1885 1249 1965 movendos
1286 1899 1511 1962 tanto
1553 1887 1652 1962 sit
1689 1886 2131 1986 potentiUS‚
2169 1892 2469 1962 heroica

205 2006 663 2091 arg-menta
708 2014 963 2088 genus
1005 1990 1206 2090 epici
1253 1990 1619 2067 carminis
1654 1989 2239 2067 nobilissimum
2273 2014 2469 2064 con-

206 2097 581 2187 stituere;
633 2094 996 2195 inprimis
1035 2094 1098 2169 si
1140 2123 1233 2170 ex
1276 2100 1598 2170 heroicis
1640 2098 2085 2194 temporibus
2123 2094 2466 2193 petitum

206 2196 486 2293 suerit,
543 2196 832 2298 quibus
862 2205 1175 2273 deorum
1216 2204 1627 2274 interventu
1665 2221 1794 2273 res
1824 2209 1960 2272 aut
1988 2209 2252 2295 gestae
2284 2209 2469 2272 sunt

206 2316 340 2377 aut
384 2302 557 2400 geri
628 2299 1016 2393 creditae;
1075 2302 1217 2377 etsi
1259 2303 1525 2376 minus
1565 2300 1776 2378 bene
1843 2326 1886 2375 a
1928 2300 2326 2376 Batteusio
2389 2312 2468 2373 et

206 2404 374 2480 aliis
408 2417 579 2480 tota
616 2404 815 2505 epici
845 2404 1214 2479 carminis
1247 2405 1362 2479 vis
1403 2404 1503 2479 ab
1547 2404 1671 2478 his
1721 2402 2063 2480 deorum
2109 2403 2472 2478 ministe:

203 2509 338 2585 riis
366 2508 662 2585 deduci
702 2508 991 2609 coepit.
1092 2513 1259 2585 Nec
1287 2510 1714 2611 quicquam
1756 2504 2147 2584 infelicius
2178 2505 2466 2582 cedere

200 2625 510 2713 potest,
564 2638 808 2714 quam
854 2611 998 2687 ubi
1044 2610 1386 2688 deorum
1425 2625 1558 2687 aut
1601 2613 2024 2709 geniorum
2072 2634 2319 2714 opera
2349 2611 2464 2686 uti

202 2715 543 2791 voluere
592 2729 882 2815 poetae
931 2716 1023 2790 iis
1068 2717 1145 2790 in
1191 2716 1434 2793 rebus
1483 2714 2009 2816 exponendi5‚
2066 2738 2258 2814 quas
2295 2737 2464 2788 non

199 2820 352 2894 nisi
414 2819 849 2894 hominum
916 2818 1244 2897 consilio
1289 2832 1372 2895 et
1424 2843 1674 2895 manu
1732 2830 1989 2917 gestas
2053 2841 2224 2893 esse
2284 2817 2464 2892 satis

201 2921 638 3000 constabat.

410 3031 504 3104 V.
557 3023 933 3126 Reliqua,
1008 3049 1210 3125 quae
1271 3025 1374 3103 de
1437 3024 1785 3100 carmine
1834 3024 2063 3124 epico
2117 3022 2463 3123 praecipi

199 3129 511 3225 solent,
567 3129 860 3228 partim
888 3157 984 3204 ea·
1010 3136 1474 3206 narrationis
1516 3134 1751 3205 bonae
1780 3134 2071 3204 ratione
2098 3156 2197 3204 ao
2225 3154 2461 3226 prae-

201 3241 471 3334 ceptis,
528 3233 816 3333 partim
866 3261 961 3309 ex
985 3239 1326 3332 poeticae
1356 3239 1719 3310 orationis
1755 3239 2017 3332 genio,
2073 3242 2462 3330 quatenus

207 3337 289 3413 in
320 3351 676 3437 utroque
706 3360 1018 3411 summa
1058 3334 1572 3438 perfectaque
1612 3338 1811 3411 ratio
1858 3333 2281 3436 quaeritur,
2331 3356 2461 3407 re·-

202 3441 450 3541 petita
496 3452 684 3514 sunt
728 3452 810 3515 et
862 3436 1089 3515 facile
1133 3442 1387 3541 repeti
1435 3451 1808 3541 possunt:
1877 3462 1944 3516 v,
1995 3462 2057 3515 c.
2104 3461 2306 3537 quae
2357 3434 2461 3511 de

208 3541 586 3643 episodiis
626 3554 901 3642 argute
947 3544 1195 3640 magis
1241 3569 1484 3646 quam
1536 3566 1724 3618 vere
1770 3541 2304 3643 disputantur3
2383 3550 2461 3614 et

207 3672 415 3748 quae
487 3645 591 3721 de
654 3647 975 3722 unitatis
1033 3647 1209 3746 lege
1268 3646 1879 3748 praecipiuntur.
1999 3647 2170 3721 Una
2217 3642 2463 3718 debet

209 3775 377 3826 esse
411 3752 740 3826 actionis
777 3773 1118 3846 summa,
1170 3753 1233 3827 si
1257 3750 1590 3853 quidem
1620 3772 1984 3825 summus
2010 3747 2093 3822 in
2122 3746 2281 3823 hoc
2319 3745 2458 3822 ad-

206 3854 642 3930 mirationis
695 3851 1170 3930 iniiciendae
1227 3878 1527 3954 genere
1603 3849 1940 3929 effectus
2002 3851 2460 3951 propositus
2511 3947 2518 3956 ,

211 3972 323 4032 est
351 3971 678 4060 poetae;
734 3982 842 4032 ne
890 3956 1367 4035 distrahatur
1413 3956 1802 4032 audientis
1844 3955 2153 4031 animus
2182 3951 2458 4030 infrin-

207 4075 583 4166 gaturque
626 4060 838 4138 adeo
876 4084 1152 4138 sensus
1182 4058 1676 4162 affectusque
1705 4059 1819 4134 vis
1858 4072 1940 4137 et
1966 4058 2341 4152 intentio,
2390 4056 2457 4131 si

209 4165 295 4240 ad
337 4166 559 4269 plura
607 4177 1012 4242 avocetur.
1114 4172 1397 4268 Neque
1450 4164 1529 4239 in
1579 4163 1700 4238 his
1755 4163 2065 4238 animos
2113 4184 2456 4259 genero-

205 4269 431 4349 siores
466 4271 609 4349 diu
664 4268 1018 4347 detineri
1056 4269 1317 4349 velim.
1421 4267 1814 4367 Pleraque
1857 4265 2073 4342 enim
2114 4276 2301 4341 sunt
2340 4275 2457 4344 ta-

201 4374 322 4476 lia,
371 4391 505 4478 ut,
559 4372 721 4453 nisi
774 4370 960 4473 quis
996 4373 1418 4454 tardissimi
1465 4371 1566 4449 sit
1614 4368 1940 4469 ingenii,
1997 4368 2261 4469 primo
2298 4379 2455 4442 sta-
