2882 5028
420 319 571 392 436
909 311 1804 398 EXCURSUS
1908 316 2162 392 XVII

418 503 498 564 ab
540 505 745 563 Aenea
787 502 849 562 in
892 501 1129 561 Troade
1187 502 1430 562 condito
1474 503 1722 582 viguisse
1781 503 2071 564 vidimus:
2125 524 2240 585 pro
2281 502 2501 565 Troade
2535 503 2620 564 'alii

418 607 665 669 regnum
706 587 938 648 Aeneae
978 589 1044 647 in
1084 587 1295 668 Epiro,
1341 588 1405 647 in
1446 588 1793 650 Phthiotide
1835 589 2186 666 Thessaliae,
2232 590 2333 650 alii
2374 591 2435 650 iu
2472 588 2628 647 Italis·

418 674 876 734 conatituerunt.
933 671 1273 733 Traductus
1302 672 1498 734 honos
1529 683 1620 734 est
1649 675 1720 733 ab
1751 674 1880 734 aliis
1914 680 1979 734 in
1994 679 2346 754 progeniem
2372 675 2590 748 Aeneae
2604 681 2630 730 :³

348 785 351 786 ⁷
418 778 560 819 nam
599 760 938 818 Ascanium
979 778 1117 818 cum
1159 759 1547 820 Scamandrio
1591 760 1865 821 Hectoris
1904 761 1949 819 f.
1991 763 2235 841 Scepsin
2277 760 2536 844 tenuisse,
2561 767 2626 824 >et

416 853 735 923 utramque
775 843 1055 911 familiam
1098 843 1206 904 diu
1245 845 1406 926 apud
1464 865 1555 904 se.
1581 849 1879 926 regnasse,
1912 846 2136 927 Scepsii
2194 844 2624 919 contendebant,

416 937 491 989 ut
529 949 607 989 ex
648 931 940 989 Strabone
982 929 1141 1004 XIII,
1184 952 1244 1011 p.
1285 934 1412 997 607
1456 929 1635 1015 (904)
1675 931 1970 991 discimus.
2031 932 2356 992 Demetrius
2382 928 2624 1009 Scepsius

416 1012 650 1074 Aeneae
691 1016 865 1074 etiam
912 1014 1131 1094 regiam
1172 1015 1235 1074 in
1285 1035 1354 1075 ea
1395 1018 1546 1076 urbe
1587 1017 1766 1076 fuisse
1813 1017 2162 1077 tradiderat.
2266 1018 2345 1076 At
2402 1014 2625 1074 eandem

413 1101 662 1180 gloriam
704 1101 779 1161 ad
824 1120 884 1158 se
926 1098 1247 1160 trahebant
1288 1100 1585 1181 Phryges,
1660 1103 1763 1181 qui
1819 1123 2026 1182 agrum
2089 1102 2524 1182 Dascyliticum,
2568 1097 2624 1156 in

416 1205 538 1264 quo
580 1185 745 1247 lacus
787 1185 1075 1245 Ascanius
1116 1195 1236 1263 est,
1297 1186 1669 1264 incolebant;
1732 1189 1970 1248 aiebant
2007 1189 2167 1248 enim
2210 1188 2296 1248 illi
2336 1183 2627 1246 Ascanium

417 1270 765 1331 arcessitum
808 1271 970 1351 apud
1012 1290 1074 1329 se
1115 1292 1418 1351 regnasse,
1466 1292 1717 1351 eumque
1774 1274 1979 1353 paullo
2024 1283 2161 1354 post
2202 1269 2626 1348 Scamandrium

415 1364 476 1416 et
518 1367 748 1416 ceteros
787 1356 1173 1433 Hectoridas,
1247 1358 1350 1435 qui
1396 1378 1428 1415 a
1474 1359 1861 1438 Neoptolemo
1922 1378 1954 1417 e
2011 1359 2259 1419 Graecia
2308 1355 2520 1418 dimissi
2558 1351 2626 1412 ad

348 1441 351 1446 ’
414 1441 609 1521 ipsum
652 1443 1067 1522 confugerant,
1124 1443 1186 1502 in
1231 1444 1489 1522 patriam
1537 1445 1735 1504 sedem
1780 1445 2222 1524 Troianumque
2263 1447 2624 1524 regnumre-

414 1527 689 1604 duxisse5
741 1527 821 1586 ita
866 1547 942 1586 ex
986 1526 1292 1603 Hellanico
1335 1529 1656 1609 Dionysius
1696 1530 1743 1605 1,
1788 1529 1888 1605 47,
1945 1531 2108 1590 unde
2149 1530 2384 1611 petiisse
2423 1535 2623 1607 putan-

414 1612 527 1672 dus
568 1612 853 1693 Pompon.
897 1613 1033 1672 Sab.
1078 1614 1155 1673 ad
1202 1614 1344 1674 Aen.
1389 1614 1489 1691 ΙΙΙ,
1538 1620 1634 1680 17.
1719 1616 1849 1674 Non
1876 1616 2201 1676 admodum
2245 1615 2474 1685 diverse
2498 1630 2626 1671 nar-

411 1708 542 1757 rata
588 1698 735 1757 haec
776 1697 981 1758 videas
1024 1699 1188 1779 apud
1237 1701 1465 1760 Conon.
1501 1701 1738 1761 Narrat.
1778 1701 1880 1776 46,
1925 1702 2024 1779 qui
2059 1701 2322 1761 Aeneam
2363 1699 2444 1758 ait
2473 1704 2625 1774 capta

410 1784 589 1843 Troia
648 1784 945 1844 secessisse
1002 1784 1066 1843 in
1105 1784 1302 1860 Idam,
1377 1807 1515 1846 cum
1571 1806 1716 1846 vero
1780 1787 2203 1847 Scaniandrius
2265 1795 2324 1845 et
2378 1782 2627 1863 Oxynius

409 1868 629 1929 Priami
685 1868 792 1928 lilii
851 1888 883 1926 e
938 1869 1158 1949 Lydia,
1216 1892 1335 1949 quo
1400 1873 1591 1932 emissi
1652 1873 1915 1948 fuerant,
1965 1872 2285 1933 rediissent
2339 1880 2399 1930 et
2451 1864 2626 1927 omnia

409 1953 566 2012 circa
608 1953 781 2014 Ilium
823 1954 953 2013 loca
997 1955 1106 2014 sibi
1150 1954 1570 2025 vindicarent,
1612 1957 1861 2017 Veneris
1914 1958 2082 2017 iussu
2122 1977 2260 2017 eum
2306 1953 2626 2016 discessisse.

410 2038 491 2096 Ut
531 2048 728 2099 tamen
787 2037 945 2098 idem
992 2041 1199 2100 Conon
1246 2042 1479 2102 Narrat.
1524 2041 1606 2106 41
1674 2052 1920 2119 narrat,
1977 2044 2269 2103 Ascanius
2321 2042 2383 2101 in
2442 2046 2626 2098 monte

407 2123 514 2183 Ida
547 2143 798 2204 regnum
827 2124 1140 2185 retinuisse
1183 2126 1455 2205 videtur3
1499 2128 1662 2205 quod
1689 2138 1750 2187 et
1780 2129 1974 2209 ipsum
2017 2130 2096 2188 ad
2128 2128 2387 2209 Scepsin,
2431 2124 2627 2204 quippe

406 2208 473 2268 in
526 2210 669 2269 Idae
735 2207 1066 2292 ὑπωρείαις
1123 2212 1328 2290 sitam,
1402 2223 1671 2293 spectare
1724 2222 1942 2295 potest.
2038 2217 2263 2275 Contra
2321 2210 2628 2272 secundum

406 2313 539 2370 eos,
599 2316 749 2374 quos
795 2295 997 2376 Dictys
1039 2295 1141 2356 lib.
1183 2296 1237 2356 V
1280 2306 1436 2358 extr.
1484 2299 1787 2377 sequitur,
1841 2320 2092 2381 regnum
2136 2300 2495 2372 Troianum,
2561 2311 2626 2349 ax

403 2390 583 2460 pacto
627 2379 923 2441 Antenori
964 2382 1037 2440 ab
1082 2380 1324 2442 Achivis
1368 2404 1749 2458 concessum,
1809 2405 1951 2444 mox
1995 2387 2113 2446 fuit
2156 2386 2230 2443 ab
2275 2387 2471 2445 Aenea
2505 2389 2628 2439 ten-

403 2474 635 2544 tatum,
707 2465 812 2527 sed
867 2467 1108 2528 frustra.
1195 2468 1465 2529 Tandem
1522 2470 1850 2531 secundum
1908 2472 2182 2532 Servium
2228 2472 2309 2532 ad
2354 2468 2494 2530 Aen.
2534 2463 2625 2538 IX,

405 2552 560 2617 2642
603 2551 904 2628 „Quidam
951 2553 1026 2612 ab
1072 2554 1338 2632 Abante,
1395 2555 1502 2634 qui
1543 2556 1756 2616 Troica
1799 2558 2072 2638 scripsit,
2126 2558 2386 2618 relatum
2426 2556 2627 2622 semnt,

402 2646 541 2717 post
584 2637 904 2698 discessum
958 2659 992 2697 a
1036 2638 1215 2699 Troia
1261 2641 1625 2701 Graecorum
1644 2687 1661 2717 ,
1735 2643 2082 2723 Astyanacti
2139 2644 2223 2703 ibi
2290 2644 2490 2702 datum
2538 2653 2627 2695 re·

400 2743 614 2803 gnum3
679 2722 843 2783 hunc
887 2725 961 2784 ab
1005 2722 1310 2785 Antenore
1351 2729 1701 2807 expulsum,
1763 2729 2001 2788 sociatis
2043 2729 2153 2788 sibi
2191 2726 2458 2789 finitimis
2494 2721 2627 2782 civi-

398 2809 662 2885 tatibus,
705 2809 868 2869 inter
908 2830 1054 2889 quas
1096 2822 1157 2871 et
1193 2812 1408 2872 Arisba
1441 2813 1590 2890 suit,
1634 2813 1890 2873 Aeneam
1933 2812 2050 2873 hoc
2089 2834 2262 2894 aegre
2302 2812 2531 2884 tulisse,
2574 2811 2627 2862 et

398 2914 514 2973 pro
555 2894 915 2975 Astyanacte
956 2916 1118 2955 arma
1162 2898 1414 2978 cepisse,
1460 2919 1557 2975 ac,
1620 2919 1901 2978 prospere
1946 2910 2108 2979 gesta
2152 2920 2241 2977 re,
2303 2888 2626 2978 Astyanacti

399 2980 729 3039 restituisse
764 2985 1070 3059 regnum.“

571 3149 771 3223 Quam
813 3149 1073 3209 diversas
1113 3160 1424 3229 poetarum
1481 3154 1622 3213 olim
1674 3165 1857 3214 sectas
1918 3156 2128 3232 fuisse,
2201 3178 2383 3235 quam
2437 3151 2625 3211 diver-

398 3252 495 3291 sos
562 3234 826 3294 eiusdem
897 3237 1227 3314 argumenti
1284 3239 1588 3298 tractandi
1648 3241 1860 3300 modos
1886 3286 1902 3315 ,
1984 3242 2324 3317 existimes,
2395 3239 2445 3296 si
2522 3252 2623 3291 au-

400 3315 559 3392 dias,
638 3318 703 3378 in
769 3320 953 3379 lliade
1024 3341 1205 3399 parva
1272 3322 1537 3381 Aeneam
1611 3336 1852 3405 captum
1923 3347 2061 3386 cum
2119 3321 2537 3388 Andromache
2595 3335 2622 3374 ³

395 3402 783 3483 Neoptolemo
842 3403 1118 3465 Phthiam
1169 3406 1496 3467 abductum
1552 3410 1757 3470 fuisse!
1822 3412 2042 3472 Versus
2087 3414 2248 3491 ipsos
2296 3413 2508 3470 Tzetza
2554 3401 2623 3460 ad

395 3487 691 3567 Lycophr.
738 3495 900 3557 1263
945 3492 1148 3552 affert:
1193 3494 1302 3552 etsi
1340 3493 1460 3554 hoc
1499 3495 1655 3554 idem
1704 3517 1825 3556 non
1871 3498 1945 3556 de
1985 3499 2184 3557 Aenea
2239 3497 2344 3556 sed
2392 3495 2467 3554 de
2493 3494 2626 3550 Sca-

398 3573 672 3634 mandrio
728 3577 971 3655 aliisque
1016 3578 1356 3638 Hectoridis
1408 3580 1704 3639 traditum
1751 3603 1782 3639 a
1827 3584 2129 3643 nonnullis
2175 3584 2420 3662 Dionys.
2464 3578 2507 3653 I,
2551 3574 2623 3638 47

394 3670 705 3721 memorat.
791 3661 988 3721 liabet
1031 3674 1225 3725 tamen
1276 3675 1338 3725 et
1380 3665 1585 3744 Dictys
1644 3667 1714 3742 V,
1765 3673 1861 3743 16,
1922 3690 2096 3747 quem
2143 3670 2294 3728 adeo
2335 3676 2397 3726 et
2444 3662 2556 3722 hoc
2594 3677 2624 3716 a

394 3743 615 3804 Lesche
658 3747 919 3823 petiisse,
965 3768 1040 3809 ex
1078 3749 1196 3810 hoc
1238 3750 1367 3831 ipso
1412 3761 1686 3810 constare
1725 3753 1983 3814 videtur.
2047 3756 2127 3814 At
2163 3776 2314 3814 vero
2348 3753 2412 3812 in
2442 3744 2623 3809 Schol-

348 3898 351 3901 y
394 3829 563 3889 Iliad.
589 3854 643 3905 ν,
688 3829 812 3897 459
857 3834 1023 3895 nullo
1065 3838 1334 3916 apposito
1379 3846 1623 3895 auctore
1654 3848 1994 3902 narratum:
2036 3840 2280 3899 Aneade
2313 3838 2462 3898 urbe
2487 3851 2622 3892 σου·

278 3980 281 3985 .
396 3914 525 3974 dita
577 3912 803 3996 (Aenea
865 3922 929 3978 in
983 3920 1266 4004 Pallene)
1335 3922 1528 3982 filium
1597 3924 1755 4003 patri
1830 3926 2208 4005 superstitem
2264 3926 2331 3985 iu
2383 3919 2622 4005 patriam

393 4001 670 4077 rediisse,
741 4003 885 4064 inde
939 4006 1215 4065 assumtis
1256 4008 1484 4067 colonis
1522 4008 1586 4067 in
1643 4009 1875 4068 Italiam
1920 4011 2249 4072 discessisse
2300 4008 2388 4091 (v.
2439 4009 2623 4067 locum

392 4086 498 4148 ins.
537 4087 785 4148 Excurs.
823 4090 848 4150 1
888 4090 966 4149 ad
1011 4092 1113 4158 lib.
1152 4092 1249 4166 111,
1300 4093 1402 4152 ubi
1439 4093 1516 4152 de
1552 4093 1785 4154 Aeneae
1816 4116 2055 4157 accessu
2091 4098 2168 4156 ad
2212 4088 2537 4172 Pallenen).

561 4256 646 4317 De
683 4260 947 4319 Anchise
987 4271 1126 4342 post
1161 4261 1471 4341 Hymnum
1505 4263 1890 4326 Homericum
1931 4267 1995 4326 in
2029 4267 2325 4328 Venerem
2360 4273 2419 4323 et
2453 4259 2619 4322 fldem

392 4340 653 4422 aliquam
705 4338 989 4407 historiae
1029 4347 1343 4409 obscuram
1381 4370 1508 4411 non
1557 4351 1755 4411 minus
1787 4352 1955 4415 varia
1997 4373 2031 4413 a
2076 4353 2291 4430 variis,
2352 4348 2455 4430 qui
2486 4345 2621 4407 hm:
