2882 5028
553 368 708 441 716
1137 361 2013 436 EXCURSUS
2134 364 2167 436 1

555 551 669 612 lus.
713 549 947 631 (xxxi
995 552 1165 611 annis
1209 554 1399 613 serius
1435 554 1512 612 ab
1552 554 1678 612 aliis
1728 552 1887 612 hanc
1933 551 2218 634 epocham
2244 551 2518 611 definitam
2548 550 2688 621 fixisse,

550 656 628 696 ex
681 637 932 709 Eusebio
989 637 1339 718 Hieronymi
1388 638 1576 698 discas
1629 639 1707 697 ad
1763 640 1938 698 Num.
1991 642 2154 703 1002
2192 658 2300 698 sec.
2342 639 2521 714 scalig.
2560 638 2690 706 100⁰,

549 721 716 799 quod
773 721 835 781 in
887 723 1015 803 ipsa
1058 722 1390 783 Salomonis
1430 734 1698 803 tempora
1742 721 1996 803 incidit.)
2091 725 2355 782 Tandem
2391 724 2524 782 CXC
2559 739 2692 778 anno·

546 806 652 866 ubi
698 804 1107 885 descenderis,
1162 814 1328 868 tertio
1380 810 1514 869 loco
1551 809 1920 890 Carthaginis
1959 809 2232 871 conditae
2274 809 2580 869 memoriam
2601 804 2692 863 fieri

546 891 752 951 videas
774 913 809 951 a
839 893 1088 975 losepbo
1118 893 1182 953 in
1217 894 1430 974 Apion.
1458 895 1559 955 lib.
1590 896 1633 970 l,
1669 899 1768 971 18,
1808 917 1869 975 p.
1919 893 2102 971 1042,
2147 904 2209 954 et
2251 915 2326 954 ex
2364 914 2428 954 eo
2467 914 2547 973 ap.
2579 893 2693 969 Syn·

545 977 672 1035 cell.
703 997 763 1057 p.
796 981 947 1056 182,
989 988 1128 1060 post
1166 979 1496 1039 Salomonis
1528 981 1821 1061 templum
1861 979 2174 1041 conditum
2209 1001 2363 1040 anno
2405 975 2693 1039 cxxxxul

544 1081 743 1122 menae
773 1072 1015 1142 octav-05
1053 1065 1155 1143 qui
1182 1075 1274 1126 est
1306 1075 1444 1124 ante
1477 1066 1539 1131 C.
1581 1067 1651 1127 N.
1696 1070 1813 1131 861
1838 1110 1856 1143 ,
1900 1087 1934 1124 a
1983 1065 2165 1125 Troia
2202 1076 2373 1146 capta
2414 1061 2693 1133 cccxxm,

543 1157 684 1207 ante
720 1148 791 1208 U.
831 1150 894 1210 C.
946 1153 1067 1215 108
1105 1151 1278 1210 Varr.
1361 1152 1441 1210 Et
1499 1152 1577 1211 ad
1611 1151 1721 1211 has
1781 1154 1902 1210 sere
1955 1150 2219 1231 epochas,
2271 1151 2527 1211 alludunt
2566 1146 2694 1206 ceteri

541 1235 810 1310 numeri,
870 1236 972 1313 qui
1014 1236 1230 1315 passim
1266 1236 1428 1316 apud
1475 1237 1620 1296 alios
1663 1237 1971 1315 leguntur,
2035 1238 2133 1298 vel
2188 1257 2264 1296 ex
2309 1237 2500 1309 annis,
2538 1233 2696 1312 quibus

541 1317 838 1398 Carthago
886 1323 1112 1381 stetisse
1153 1321 1405 1395 dicitur,
1457 1323 1795 1384 eliciuntur.
1882 1324 2010 1382 [occ
2068 1324 2209 1381 anni
2251 1325 2422 1402 vulgo
2459 1321 2557 1380 hac
2583 1320 2632 1377 in
2652 1333 2696 1375 re

539 1406 854 1464 memorati
890 1417 1061 1466 sunt:
1115 1408 1221 1466 sed
1265 1406 1522 1468 termino
1566 1430 1600 1467 a
1633 1428 1754 1487 quo
1804 1418 1866 1467 et
1908 1407 1988 1467 ad
2024 1427 2202 1487 quem
2242 1409 2329 1468 illi
2370 1407 2695 1489 pertingerent

538 1509 753 1568 parum
793 1502 1022 1552 exacto.
1109 1491 1433 1552 Auctorem
1482 1495 1622 1552 satis
1671 1494 2007 1572 diligentem
2056 1494 2361 1573 Appianus
2395 1502 2517 1553 ante
2551 1489 2697 1549 oculoe

537 1572 825 1651 habebat,
873 1597 1009 1637 cum
1036 1577 1413 1653 ἑπτακοσίοις
1462 1573 1524 1642 δ’
1569 1576 1793 1652 αὐτοῦς
1835 1580 2026 1642 ἔτεσιν
2066 1575 2187 1642 ἀπὸ
2226 1584 2341 1642 τοῦ
2380 1574 2695 1654 συνοικισμοῦ

533 1658 805 1740 Ῥωμαῖοι
834 1666 1116 1726 Σικελίαν
1155 1658 1499 1740 similante.
1591 1666 1842 1725 Factum
1878 1664 1996 1724 hoc
2037 1676 2176 1725 ante
2221 1666 2288 1725 C.
2336 1666 2405 1724 N.
2446 1666 2572 1738 242,
2603 1658 2696 1737 qui·

535 1744 648 1805 bus
675 1747 727 1804 si
754 1766 941 1808 annos
966 1754 1092 1814 700
1120 1749 1455 1825 addideris,
1499 1752 1684 1811 habes
1712 1772 1900 1811 annos
1942 1750 2099 1827 942,
2143 1752 2245 1827 qui
2284 1771 2320 1809 a
2359 1749 2550 1809 Troiae
2579 1744 2695 1803 exci-

537 1830 639 1890 dio
683 1832 810 1898 242
856 1837 1026 1894 annis
1065 1835 1309 1912 absunt,
1367 1836 1635 1916 adeoque
1671 1836 1749 1895 ad
1796 1837 2052 1897 mediam
2094 1838 2216 1932 sere
2264 1835 2536 1916 epocham
2569 1848 2697 1908 supn

531 1929 919 1979 memoratam
951 1930 1282 1998 assurgunt.
1361 1922 1446 1980 At
1494 1944 1635 1982 mox
1676 1922 1772 1981 alii
1810 1943 2022 2002 parum
2064 1922 2380 2000 diligenter
2417 1939 2583 1980 annos
2613 1917 2698 1978 700
2798 1972 2799 1975 ,

534 2002 611 2060 ad
636 2004 934 2065 excidium
966 2006 1333 2084 Carthaginis
1362 2007 1699 2083 deduxere,
1745 2016 1818 2067 ut
1853 2009 1919 2067 in
1963 2008 2239 2087 Epitouie
2281 2008 2429 2067 Livii
2460 2006 2525 2065 LI
2560 2000 2699 2061 habe·

529 2096 669 2145 tur:
713 2090 809 2149 cui
836 2091 1233 2170 indiligentiae
1263 2094 1461 2153 locum
1487 2095 1690 2153 secisse
1713 2093 2051 2173 putandum
2085 2092 2234 2170 hoc,
2292 2092 2450 2173 quod
2483 2112 2584 2169 per
2612 2086 2700 2179 ⁷⁰9
2798 2086 2799 2099 ¹

528 2193 720 2231 annos
776 2177 1059 2252 floruisse
1124 2178 1431 2257 Carthago
1493 2180 1671 2258 vulgo
1722 2180 2061 2240 ferebatur:
2114 2190 2185 2239 ut
2223 2181 2291 2240 in
2331 2179 2471 2238 locis
2506 2172 2700 2254 Appitm

526 2254 785 2318 habetur
818 2262 964 2320 Pun.
996 2282 1057 2340 p.
1086 2267 1230 2338 366,
1260 2265 1342 2329 55
1373 2274 1435 2322 et
1463 2264 1608 2338 493,
1638 2266 1738 2330 35.
1822 2266 1913 2324 Ita
1947 2266 2106 2324 enim
2143 2266 2353 2346 paucis
2399 2263 2536 2323 haec
2562 2274 2701 2336 expe·

527 2341 673 2402 dias.
756 2346 1036 2407 Pluribus
1064 2349 1239 2408 aliam
1266 2350 1562 2410 rationem
1587 2351 1668 2409 ibi
1694 2352 1973 2431 exposuit
2003 2351 2200 2411 editor
2240 2352 2502 2423 doctiss„
2539 2361 2701 2405 verum

525 2447 626 2502 ea,
674 2450 824 2506 quae
854 2453 1033 2512 super
1060 2433 1429 2513 Carthaginis
1468 2435 1791 2513 originibus
1829 2436 1990 2496 dicta
2044 2448 2188 2497 sunt
2216 2481 2234 2512 ,
2292 2434 2565 2517 sigillatim
2595 2428 2643 2489 h.
2673 2425 2701 2483 l-

522 2527 792 2593 repetere
815 2519 911 2579 vel
938 2530 1252 2593 excutere,
1307 2541 1341 2578 a
1385 2522 1632 2581 consilio
1672 2522 1932 2584 alienum
1976 2532 2079 2584 est.
2168 2523 2307 2583 Vid.
2352 2523 2507 2584 viros
2542 2518 2701 2576 doctos

521 2600 792 2680 inprimis
829 2606 1035 2684 Scalig.
1082 2606 1159 2663 ad
1200 2607 1409 2666 Euseb.
1455 2618 1516 2665 et
1559 2609 1619 2667 in
1658 2608 1809 2687 App.
1857 2610 1932 2668 de
1972 2609 2223 2668 Emend.
2270 2611 2505 2687 Tempp.
2539 2624 2589 2683 p.
2626 2603 2701 2665 sl.

519 2686 748 2766 loseph.
782 2690 819 2750 l.
848 2712 900 2753 e.
929 2692 1127 2755 Vellei.
1154 2692 1198 2765 Ι,
1225 2697 1283 2765 6,
1314 2691 1373 2754 4.
1416 2691 1625 2754 lustin.
1645 2694 1858 2768 XVIII,
1887 2695 1947 2758 4.
1977 2695 2220 2754 Salmas.
2249 2695 2328 2753 ad
2360 2692 2531 2752 Solin.
2561 2709 2603 2747 c.
2625 2687 2699 2758 27,

518 2792 578 2851 p-
620 2776 767 2848 228,
807 2787 895 2852 et,
953 2778 1002 2836 si
1040 2775 1119 2835 ad
1154 2797 1396 2836 manum
1438 2788 1563 2852 est,
1616 2781 1719 2839 vel
1748 2780 1970 2839 Notata
2006 2780 2085 2839 ad
2120 2779 2451 2839 Guthrium
2484 2769 2701 2835 consulu
2779 2789 2785 2798 ’

519 2858 691 2921 Tom.
720 2861 817 2936 111,
843 2884 901 2942 p.
938 2862 1063 2926 253
1096 2881 1200 2940 sq„
1243 2863 1342 2920 vel
1369 2863 1621 2923 Simson.
1646 2864 1716 2923 Δ.
1746 2864 1825 2924 Μ.
1857 2870 2025 2932 3132
2054 2887 2193 2926 cum
2225 2864 2551 2941 Wesseling.
2573 2859 2698 2917 Nost

516 2944 652 3003 Non
681 2947 833 3005 enim
864 2948 976 3007 nisi
1005 2948 1209 3006 eadem
1234 2950 1356 3007 sere
1400 2959 1637 3008 recocta
1675 2950 1893 3031 passim
1936 2952 2161 3012 videas.
2245 2952 2355 3011 Est
2389 2968 2518 3008 saue
2563 2940 2698 3004 terti!

514 3028 664 3088 haec
703 3032 960 3110 epocha,
1015 3033 1218 3113 paullo
1258 3035 1553 3093 maturius
1593 3036 1751 3095 sorte
1799 3048 1860 3096 et
1914 3037 2015 3095 illa
2070 3035 2486 3097 constituenda
2513 3078 2529 3108 ,
2591 3044 2698 3087 ver!

515 3114 759 3175 Didonis
808 3129 1002 3192 aetas,
1072 3119 1363 3196 siquidem
1408 3120 1513 3178 illa
1567 3121 1965 3199 Pygmalionis
2016 3123 2394 3198 fuitsoror,
2452 3111 2699 3195 Mutgonis

512 3219 616 3259 seu
643 3202 878 3261 Mettini
904 3203 1043 3263 filia.
1128 3205 1333 3264 Fuisse
1370 3214 1569 3264 tamen
1610 3227 1986 3267 communem
2026 3219 2302 3268 veterum
2340 3223 2609 3275 errorem,
2646 3205 2698 3256 υἱ

511 3285 588 3344 ad
642 3287 930 3346 Didonem
973 3289 1162 3367 prima
1203 3290 1578 3368 Carthaginis
1614 3293 1865 3352 exordia
1904 3296 2230 3371 referrent,
2283 3314 2406 3353 non
2444 3289 2605 3349 modo
2641 3301 2696 3339 ⁸¹

510 3370 611 3445 iis,
655 3373 759 3450 qui
786 3375 1138 3434 vetustiores
1170 3377 1558 3455 ascripsere,
1601 3378 1873 3438 Cedreno
1914 3400 1975 3458 p.
2031 3378 2182 3454 140,
2231 3391 2289 3438 et
2335 3379 2417 3438 Io.
2451 3373 2632 3435 Malels
2654 3388 2697 3447 p.

507 3459 610 3529 68,
655 3478 866 3518 verum
894 3460 1072 3520 etiam
1101 3481 1174 3519 ex
1208 3461 1480 3540 Appiano
1521 3463 1723 3523 Punic.
1767 3485 1861 3543 pr.
1897 3476 2169 3540 constat,
2226 3465 2363 3543 qui,
2420 3464 2696 3521 memorii⁸

503 3542 616 3600 ista
649 3545 840 3622 prima
864 3546 1031 3605 urbis
1055 3547 1278 3625 origine
1314 3548 1375 3618 L.
1408 3556 1549 3607 ante
1581 3551 1637 3608 b.
1668 3550 1829 3610 Troi.
1869 3550 2074 3628 annia,
2120 3550 2323 3610 addit:
2365 3546 2696 3624 „conditore

503 3627 671 3686 fuere
703 3631 893 3690 Zorus
919 3641 980 3690 et
1005 3631 1351 3692 Carchedon
1371 3677 1386 3706 ,
1430 3642 1505 3691 ut
1523 3654 1670 3694 vero
1698 3636 1953 3695 Romani
1983 3646 2044 3695 et
2088 3639 2199 3716 ipsi
2238 3632 2693 3712 Carthaginiense

502 3714 859 3792 opinantur,
917 3717 1103 3792 Dido,
1160 3719 1376 3777 mulier
1425 3719 1664 3798 Tyria.“
1762 3721 1830 3780 In
1894 3731 2067 3782 tanto
2118 3724 2319 3800 itaque
2379 3719 2690 3797 scriptorum

504 3799 864 3877 optimorum
908 3803 1173 3865 dissensu
1216 3814 1496 3881 tantaque
1539 3805 1627 3865 rei
1674 3807 2063 3881 obscuritate,
2122 3817 2180 3867 et
2222 3806 2459 3885 quidem
2504 3822 2612 3860 nou
2643 3796 2688 3853 31¹

501 3886 707 3963 patriis
731 3886 1023 3961 historiis,
1068 3891 1170 3947 sed
1215 3890 1404 3948 exteri
1445 3890 1685 3969 populi,
1730 3893 1859 3969 quis
1897 3891 2015 3952 hoc
2057 3914 2090 3950 a
2132 3902 2305 3972 poeta
2343 3888 2584 3970 postulet
2615 3879 2686 3938 vd

498 3982 803 4049 expectet,
857 3982 929 4030 ut
967 3982 1300 4054 temporum
1360 3979 1625 4035 rationes
1679 3979 1987 4052 subtilius,
2059 3999 2238 4056 quam
2298 3977 2408 4057 ipsi
2462 3967 2685 4033 historici

498 4059 766 4117 nonnulli
822 4061 1120 4132 fecerunt,
1190 4060 1522 4120 subducere
1575 4065 1910 4122 sustineat?
2007 4065 2227 4123 Ultimo
2286 4063 2417 4122 loco
2463 4069 2517 4117 et
2562 4048 2684 4144 illud

494 4147 891 4219 mouendum,
936 4145 1050 4202 iam
1087 4155 1224 4204 ante
1264 4147 1573 4224 Virgilium
1609 4169 1839 4208 amores
1884 4149 2126 4209 Didonis
2163 4159 2224 4208 et
2270 4149 2490 4207 Aeneae
2526 4138 2683 4199 viden

494 4230 819 4291 celebratos
843 4230 1025 4289 fuisse
1053 4232 1127 4288 ab
1158 4230 1456 4290 historicis
1482 4235 1654 4292 Rom.
1741 4236 1886 4293 Nam
1913 4235 1990 4293 ad
2024 4235 2123 4295 lib.
2161 4235 2259 4308 IV,
2300 4237 2423 4298 682
2448 4225 2679 4288 ὃθΠὶωῑ

491 4315 723 4386 „Varro
756 4317 867 4394 ait,
913 4336 1034 4375 non
1066 4317 1387 4389 Didonem,
1433 4318 1534 4377 sed
1586 4319 1855 4394 Annam,
1899 4340 2099 4381 amore
2145 4320 2372 4379 Aeneae
2412 4311 2677 4393 impu-1⁸⁸⁰!

490 4417 550 4457 se
578 4422 758 4482 super
785 4421 996 4483 rogum
1022 4404 1445 4464 interemisse.“
1532 4406 1616 4463 Cs.
1655 4406 1835 4466 eund.
1882 4404 1959 4465 ad
2004 4406 2072 4483 V,
2119 4407 2179 4470 4.
2266 4403 2488 4463 Nullam
2524 4394 2676 4474 igilur
