2882 5028
550 325 675 400 DE
729 324 1212 401 CARMINE
1256 322 1572 399 EPICO
1630 323 2004 398 VIRGIL.
2326 332 2418 403 17.

127 535 376 611 quam
419 513 653 613 quod
697 537 891 589 eum
942 509 1446 612 potissimum
1487 511 1875 588 Carminis
1919 513 2039 588 sui
2076 509 2414 587 heroem

123 615 749 718 circumspexit,
807 616 1060 717 quiin
1096 613 1402 690 Italiam
1435 616 1970 691 Troianorum
2013 616 2415 692 coloniam

119 718 619 816 deduxerat,
688 744 998 795 novum
1057 741 1395 816 regnum
1464 718 1546 792 in
1605 721 1828 795 Latio
1881 721 2414 816 constituerat,

111 822 345 899 unde
375 824 642 900 Albae
680 828 1007 920 Longae
1040 822 1409 922 adeoque
1447 821 1685 899 etiam
1714 826 2022 900 Romae
2069 825 2414 922 origines

112 929 762 1026 repetebantur,
833 927 1135 1028 quique
1192 925 1434 1020 ade0,
1493 926 1635 1000 etsi
1680 951 1829 1003 nec
1874 927 2109 1002 nobis
2157 930 2414 1025 ingra-

113 1045 297 1106 tum
357 1056 550 1108 esse
596 1043 900 1133 potest,
956 1030 1151 1103 tanti
1178 1028 1493 1129 imperii
1537 1030 1834 1129 primas
1889 1032 2232 1129 origines
2277 1055 2412 1107 co-

109 1158 575 1232 gnoscere,
631 1148 905 1209 tamen
939 1134 1360 1225 RomaniS,
1419 1133 1897 1234 antiquitatis
1926 1159 2114 1212 suae
2149 1148 2413 1210 tanto-

110 1264 320 1338 pere
362 1239 792 1331 studiosis,
857 1262 1067 1313 unus
1118 1236 1485 1311 omnium
1546 1238 1887 1314 maxime
1927 1251 2292 1340 acceptus
2333 1250 2415 1316 et

115 1342 767 1419 commendatus
806 1365 979 1416 esse
1016 1340 1312 1417 debuit.
1419 1344 1713 1436 Argute
1760 1341 2026 1444 itaque
2070 1355 2152 1417 et
2192 1343 2412 1440 inge-

114 1447 360 1523 niose
432 1448 524 1521 in
578 1445 860 1545 primis
913 1444 1174 1519 statim
1224 1443 1582 1518 versibus
1625 1457 1869 1544 poeta
1912 1445 2413 1521 audientibus

114 1549 578 1650 pollicetur
610 1549 1154 1623 narrationem
1194 1570 1507 1641 rerum,
1568 1570 1609 1620 a
1655 1548 1947 1650 quibus
1989 1550 2214 1648 origo
2245 1552 2413 1626 Ro·-

118 1679 309 1729 mae
364 1651 726 1728 deducta
773 1665 1010 1730 esset:
1075 1680 1312 1751 genus
1355 1658 1553 1727 unde
1595 1657 1949 1729 Latinum
1998 1659 2416 1753 Albanique

117 1774 403 1857 pat-res
439 1771 675 1855 atque
708 1764 914 1832 altae
944 1762 1234 1831 moenia
1270 1760 1576 1831 Romae.
1687 1760 1949 1852 Quam
1991 1756 2411 1855 magnifica

125 1860 333 1937 haec
380 1860 819 1962 promissio
873 1860 952 1933 in
1001 1857 1270 1933 fronte
1317 1858 1504 1932 novi
1550 1860 1813 1958 operis
1845 1873 1925 1935 et
1973 1860 2073 1936 ad
2105 1862 2414 1937 animos

128 1964 698 2065 expectatione
742 1963 1165 2061 erigendos
1203 1960 1536 2039 idonea!
1601 1966 1721 2038 De
1765 1969 2037 2040 Aenea
2080 1965 2412 2066 eiusque

131 2067 563 2144 erroribus
612 2088 700 2141 ac
745 2065 923 2142 fatis
975 2090 1260 2143 omnes
1304 2078 1617 2141 veteres
1647 2068 1968 2144 annales
1999 2072 2413 2146 Romano-

128 2198 325 2247 rum
395 2170 980 2272 loquebantur,
1071 2167 1293 2273 quod
1362 2194 1456 2244 ex
1510 2167 1974 2268 fragmentis
2017 2174 2308 2273 passim
2343 2180 2411 2246 ‘a

134 2278 356 2353 Sext.
389 2274 721 2350 Aurelio
750 2276 1075 2351 Victore
1104 2274 1430 2349 servatis
1472 2286 1549 2347 et
1595 2298 1687 2348 ex
1715 2275 2095 2373 Dionysio
2140 2301 2226 2351 ac
2258 2279 2412 2357 Fe-

130 2392 257 2455 sto
319 2378 512 2453 satis
578 2377 843 2477 colligi
887 2391 1189 2479 potest;
1257 2378 1615 2475 attigerat
1659 2402 1983 2480 quoque
2033 2379 2412 2454 Troianas

131 2509 263 2559 res
288 2481 610 2560 Ennius
645 2482 725 2557 in
772 2481 1253 2579 Annalibus,
1318 2494 1409 2557 ut
1463 2478 1748 2579 colligo
1794 2509 1860 2562 v,
1900 2507 1960 2563 c.
2000 2507 2092 2559 ex
2132 2481 2410 2582 fragm.

132 2613 321 2688 pag.
355 2597 430 2681 6,
489 2586 1006 2687 eundemque
1037 2592 1393 2663 Aeneam
1428 2585 1512 2659 in
1549 2585 2001 2684 nonnullis,
2057 2611 2261 2688 quae
2300 2587 2413 2661 in-

134 2690 683 2786 terciderunt,
758 2693 1253 2766 Graecorum
1320 2689 1801 2764 carminibus
1863 2702 2125 2790 partes
2184 2692 2413 2765 susti-

137 2796 419 2870 nuisse
487 2818 656 2868 non
715 2792 1130 2888 obscuraS,
1232 2820 1323 2870 ex
1385 2791 1958 2892 Lycophrone‚
2031 2793 2165 2892 qui
2212 2792 2412 2867 anti-

137 2899 436 3000 quiora
474 2896 827 2994 collegit,
899 2909 978 2970 et
1014 2922 1103 2972 ex
1154 2896 1686 2973 imitatoribus
1735 2919 1876 2971 seu
1920 2895 2413 2998 exscriptori-

136 3002 299 3077 bus
340 3013 707 3076 veterum
739 2999 1149 3098 intelligaS‚
1199 3001 1497 3095 Quinto
1538 2998 1871 3077 Calabro
1909 2998 2037 3076 lib.
2064 3001 2172 3075 XI
2209 3013 2287 3076 et
2321 3023 2412 3075 ex

134 3107 450 3201 Dictye.
555 3107 761 3181 Cum
796 3116 1064 3180 autem
1095 3104 1431 3180 omnino
1469 3105 1550 3178 in
1584 3106 2073 3179 Graecorum
2113 3106 2408 3180 Roma-

140 3232 616 3309 norumque
677 3205 898 3281 libris
957 3205 1060 3284 de
1101 3214 1370 3285 Aenea
1426 3220 1591 3282 tam
1635 3205 1890 3282 multa
1938 3220 2243 3282 narrata
2289 3232 2412 3282 es-

140 3325 351 3405 sent,
407 3324 714 3411 paratas
740 3310 1081 3386 o'rnandi
1117 3326 1195 3387 et
1229 3310 1768 3412 amplificandi
1798 3310 2245 3410 argumenti
2275 3334 2413 3395 co-

140 3418 319 3516 pias
348 3415 662 3490 Maroni
712 3412 811 3490 ad
862 3440 1196 3490 manum
1235 3413 1476 3490 fuisse
1522 3426 1867 3515 apparet.
1975 3417 2200 3507 Quae
2244 3414 2412 3489 eius

145 3518 487 3594 felicitas
553 3542 738 3593 cum
791 3517 1030 3617 vulgo
1101 3544 1383 3619 pamm
1446 3532 1636 3592 nota
1697 3530 1778 3593 et
1831 3515 2232 3594 intellecta·
2289 3517 2411 3613 sit,

151 3617 428 3724 paullo
458 3622 890 3698 accuratius
917 3646 1107 3698 mox
1141 3647 1228 3698 ea
1262 3621 1365 3696 de
1393 3647 1483 3697 re
1503 3631 1602 3720 ¹⁸¹),
1657 3620 1887 3696 variis
1914 3619 2149 3695 etiam
2192 3618 2411 3696 dein-

156 3747 346 3826 ceps
392 3725 866 3804 Excursibus
913 3724 1018 3801 de
1070 3725 1394 3823 singulis
1439 3723 1793 3826 partibus
1824 3730 1981 3821 **)‚
2066 3745 2408 3821 agemus.

160 3832 368 3907 Cum
398 3828 729 3906 tandem
772 3842 1014 3930 poeta
1044 3853 1317 3905 rerum
1357 3828 1645 3904 ordine
1694 3827 1772 3902 in
1808 3825 2114 3902 Italiam
2151 3826 2410 3904 dedu-

323 4109 380 4195 *)
423 4112 721 4192 Dioquisit.
747 4112 824 4173 Π.

323 4200 408 4276 **)
448 4199 702 4260 Excurs.
747 4198 775 4259 1
812 4195 895 4256 ad
936 4194 1041 4254 lib.
1085 4194 1183 4254 Iu.
1237 4195 1489 4255 Excurs.
1535 4196 1587 4255 11
1616 4204 1679 4255 et
1706 4216 1835 4274 sqq.
1922 4194 2077 4253 Tum
2114 4189 2196 4249 ad
2215 4189 2319 4249 lib.
2355 4188 2409 4249 V

166 4280 404 4345 Exclu-⁸.
424 4285 466 4345 I.
495 4287 565 4348 ΙΙ.
599 4287 719 4363 vl3
764 4283 912 4344 add.
937 4282 1187 4340 Excurs.
1212 4280 1299 4339 lx
1330 4292 1392 4340 et
1416 4279 1587 4341 xvu
1616 4281 1695 4340 ad
1733 4280 1838 4341 lib.
1872 4278 1924 4340 [Ι
1966 4288 2028 4339 et
2051 4278 2254 4359 plures
2286 4276 2410 4335 Ex-

168 4387 359 4430 cursm
383 4371 460 4431 ad
484 4373 588 4436 lib.
617 4372 728 4436 vll
752 4380 819 4430 et
845 4387 974 4448 sqq.

252 4472 550 4552 Vnum..
611 4475 838 4548 Tou.
891 4468 988 4543 ΙΙ.
1643 4543 1652 4546 Δ
1945 4466 1996 4535 2
