2882 5028
441 355 593 429 228
827 345 1715 424 excunsvus
1820 326 2304 428 v14v11*

441 537 642 599 omnia
673 537 759 598 sic
787 536 933 597 satis
958 556 1082 596 esse
1106 536 1577 599 accommodata.
1665 537 1917 599 Accedit
1953 538 2122 598 locus
2146 559 2238 619 ap.
2278 538 2587 597 Caesarem
2615 534 2687 596 de

441 627 507 685 B.
535 624 764 701 Civ.11‚
806 627 922 689 28:
966 624 1035 682 C.
1074 624 1248 683 Curio
1279 627 1344 682 in
1374 624 1658 704 affui-am
1683 626 1991 704 proficius
2020 659 2106 671 -
2141 625 2401 705 appellit
2427 624 2518 682 ad
2554 643 2692 681 eum

440 712 640 770 locum
651 754 669 785 ,
715 712 825 789 qus‘
853 710 1202 788 appellatur
1220 710 1572 790 Aquilaria.
1664 708 1793 769 Hie
1821 712 1986 769 locus
2013 708 2177 768 abest
2198 733 2242 769 α
2275 710 2506 788 Clupea
2526 730 2689 786 pas-

440 817 620 855 suum
662 796 888 854 XXII
924 795 1127 854 millia
1146 839 1164 870 ‚
1225 794 1518 875 habetque
1563 816 1684 852 non
1721 796 2162 854 incommodam
2207 808 2432 854 aestate
2475 796 2692 852 elatio-

439 902 577 939 nem
584 903 609 953 ,·
657 893 713 939 ec
747 879 977 938 duobus
1018 880 1403 939 eminentibus
1427 884 1852 959 promontoriis
1891 883 2238 940 continetur.
2308 876 2691 959 intelligenda

395 1008 403 1027 .
440 966 663 1025 scilicet
689 965 855 1026 ,haec
904 965 1112 1025 eadem
1155 965 1277 1024 duo
1325 965 1744 1046 promontoria
1786 966 2078 1047 Apollinis
2115 976 2178 1026 et
2200 965 2481 1025 Mercurii
2512 985 2692 1045 supra

361 1082 364 1083 ⁷
440 1060 922 1112 commemorata.
1009 1051 1207 1110 lnsula
1236 1061 1438 1110 tamen
1466 1053 1816 1131 scrupulum
1843 1054 2035 1112 facere
2061 1061 2290 1132 potest,
2334 1051 2383 1110 si
2408 1051 2691 1129 Aegimu-

438 1159 545 1198 rus
587 1138 688 1197 illa
732 1147 854 1212 est,
910 1158 1048 1196 cum
1093 1136 1339 1196 eandem
1375 1137 1546 1197 illam
1581 1157 1693 1217 per
1729 1138 1881 1197 Aras
1921 1138 2214 1198 declarari
2252 1157 2431 1218 supra
2461 1136 2693 1195 videri-

439 1245 589 1283 mus.
675 1223 796 1282 Sed
818 1222 1205 1302 Aegimurum
1229 1242 1336 1283 seu
1367 1222 1516 1282 duas
1541 1225 1744 1302 potius
1772 1224 2027 1298 insulas,
2076 1223 2379 1298 Zimbras,
2424 1241 2532 1281 seu
2569 1224 2691 1281 Ζο-

449 1331 742 1368 wamores
758 1355 776 1386 ‚
823 1310 912 1367 ita
951 1328 1076 1368 esse
1120 1308 1293 1383 sitas,
1352 1316 1625 1385 constat,
1685 1318 1757 1368 ut
1796 1310 1908 1389 ipsi
1953 1309 2236 1369 Mercurii
2276 1308 2691 1388 promontorio

440 1395 745 1454 subiacere
775 1394 1132 1470 videantur,
1168 1388 1361 1455 maior
1389 1392 1632 1473 quidem
1667 1396 1927 1473 quatuor
1954 1396 2179 1470 leucas,
2234 1403 2298 1453 at
2340 1394 2538 1453 minor
2579 1414 2691 1471 pa·-

437 1501 577 1540 rum
607 1491 840 1540 remota
865 1501 896 1538 a
945 1481 1167 1540 littore.
1254 1481 1463 1539 Potuit
1501 1480 1683 1559 igitur
1723 1480 1801 1539 ad
1833 1480 2116 1540 maiorem
2153 1501 2293 1561 pars
2331 1480 2532 1539 classis
2579 1479 2691 1538 ad-

333 1636 336 1639 l
436 1565 715 1643 haerere;
758 1576 822 1626 at
847 1566 1035 1626 altera
1064 1566 1262 1625 minor
1292 1564 1593 1625 habeatur
1623 1587 1735 1646 pro
1773 1567 1968 1627 insula
2010 1567 2206 1627 littori
2246 1566 2496 1626 obiecta.
2572 1566 2691 1623 Po·-

437 1653 559 1711 tuit
593 1653 774 1712 etiam
816 1661 996 1732 poeta
1026 1671 1243 1712 ornare
1273 1652 1506 1729 locum,
1566 1659 1671 1711 aut
1699 1652 1868 1732 sequi
1912 1653 2164 1727 famam,
2223 1673 2340 1731 qua
2391 1650 2694 1730 Aegimuri

369 1740 373 1744 ’
437 1738 666 1818 scopuli
692 1737 834 1799 olim
860 1738 1054 1797 insula
1083 1737 1263 1796 fuisse
1289 1738 1797 1798 memorabantur.
1883 1740 2004 1797 Nec
2034 1748 2236 1798 tamen
2271 1747 2504 1817 poetam
2537 1737 2692 1795 levi-

435 1824 580 1882 tatis
618 1833 680 1882 et
721 1823 1005 1883 vanitatis
1044 1841 1322 1882 accusare
1361 1843 1700 1901 possemus,
1758 1843 1836 1883 ne
1871 1834 2001 1884 tum
2043 1825 2314 1902 quidem,
2358 1825 2404 1882 si
2456 1822 2694 1881 nullum

435 1907 616 1970 huius
642 1910 914 1968 locorum
951 1910 1097 1967 situs
1127 1907 1540 1987 vestigium⁰in
1568 1908 1849 1969 Africano
1876 1911 2081 1969 littore
2107 1930 2270 1969 nunc
2298 1917 2691 1988 compareret.

437 1995 660 2053 Totum
689 1994 849 2054 enim
871 1995 1045 2054 istius
1075 2002 1308 2053 tractus
1331 1995 1506 2054 littus
1533 1996 1714 2053 maris
1752 1996 1972 2056 alluvie
2009 1995 2343 2054 incredibili
2375 1994 2560 2057 modo
2606 2003 2694 2052 est

436 2080 854 2157 immutatum,
898 2089 987 2155 et,
1031 2079 1197 2157 quod
1229 2079 1429 2138 velex
1459 2078 1682 2140 Shavio
1718 2081 1862 2140 satis
1901 2091 2182 2161 apparet,
2227 2080 2496 2160 procedit
2528 2100 2694 2139 nunc

435 2165 611 2225 littus
673 2166 831 2241 inter
890 2166 1290 2224 Ruscinonem
1348 2176 1410 2225 et
1464 2166 1883 2246 Carthaginem
1929 2168 2121 2226 multo
2183 2168 2362 2226 altius
2398 2167 2461 2225 in
2504 2185 2693 2237 mare,

436 2272 618 2329 quam
655 2250 816 2311 olim.
901 2253 964 2310 Si
995 2251 1128 2329 quis
1152 2250 1312 2311 ultra
1344 2252 1568 2311 instare
1601 2261 1661 2311 et
1688 2253 2036 2312 calumniari
2061 2252 2207 2314 velit
2227 2297 2243 2327 ,
2288 2274 2319 2311 a
2350 2261 2563 2311 monte
2590 2272 2696 2332 per

361 2392 368 2401 ,
436 2336 723 2397 Shavium
783 2337 1090 2415 designato
1150 2336 1226 2395 ad
1265 2337 1684 2417 Carthaginem
1740 2357 1931 2417 usque
1985 2340 2257 2398 locorum
2307 2338 2696 2398 intervallum

436 2441 560 2481 esse
590 2423 781 2481 maius
828 2423 1018 2497 sorte,
1077 2442 1259 2500 quam
1292 2433 1363 2482 ut
1406 2424 1599 2484 altero
1636 2424 1731 2483 die
1773 2424 2000 2483 Aeneas
2039 2425 2293 2483 navibus
2348 2444 2695 2504 progressus

435 2508 573 2568 satis
616 2519 850 2569 mature
892 2507 1306 2588 Carthaginem
1348 2511 1662 2606 pervenire
1699 2502 2000 2590 potuerit,
2055 2531 2189 2570 eum
2242 2511 2507 2571 dicemus
2549 2531 2693 2590 poe-

436 2605 560 2654 tam
588 2595 648 2655 in
679 2594 952 2655 ordinem
983 2615 1191 2674 cogere
1232 2605 1294 2654 et
1320 2595 1605 2655 historiae
1646 2597 1930 2658 severiori
1968 2597 2072 2675 legi
2115 2596 2448 2656 obnoxium
2479 2599 2692 2655 facere.

436 2681 713 2742 Ceterum
742 2680 893 2741 haec
920 2689 981 2739 et
1005 2680 1109 2739 illa
1139 2701 1267 2760 sup.
1294 2681 1371 2740 ad
1397 2702 1455 2741 v.
1501 2685 1620 2745 108
1652 2703 1778 2760 sqq.
1813 2683 2012 2761 paullo
2050 2683 2328 2743 subtilius
2360 2684 2695 2762 disputasse

434 2789 558 2827 non
599 2767 961 2849 poenitebit,
1004 2766 1277 2845 inprimis
1325 2768 1373 2826 si
1414 2767 1876 2846 descriptionem
1916 2767 2367 2850 geographicam
2414 2789 2694 2828 errorum

435 2853 698 2928 Aeneae,
742 2853 933 2932 qualis
962 2851 1076 2930 ipsi
1114 2852 1359 2931 Virgilio
1385 2854 1714 2912 Burmanni
1744 2854 2008 2932 praefixa
2038 2865 2162 2929 est,
2209 2855 2541 2934 inspexerit
2583 2855 2693 2912 ali-

436 2940 604 3017 quis;
657 2940 719 2998 in
764 2959 882 3016 qua
929 2936 1345 3017 Nympharum
1384 2948 1631 2998 antrum
1678 2941 1840 2998 ultra
1885 2939 2164 2999 Mercurii
2208 2941 2693 3019 promontorium

434 3044 646 3082 versus
691 3024 901 3102 Syrtin
939 3022 1261 3098 minorem,
1335 3025 1709 3106 naufragium
1750 3046 1896 3085 vero
1939 3027 2139 3085 classis
2184 3026 2262 3085 ad
2302 3029 2517 3104 Syrtin
2566 3046 2694 3085 ma·-

434 3109 657 3183 iorem‚
711 3116 773 3167 et
827 3127 904 3167 ex
947 3107 1133 3166 altera
1180 3117 1350 3188 parte
1391 3109 1547 3169 Arae
1584 3112 1645 3169 in
1694 3113 1964 3191 part-ibus
2004 3111 2478 3172 occidentalibus
2535 3112 2690 3171 ultra

436 3193 856 3273 Carthaginem
905 3212 1219 3272 expressae
1258 3195 1418 3254 sunt.

1347 3472 1771 3498 ⁸———-----..---—.-.

951 3695 1801 3788 EXCURSUS
1908 3699 2175 3786 Vll*

1159 3867 1307 3934 De
1390 3867 1952 3936 Antenore.

612 4035 655 4113 l,
702 4034 828 4101 242
865 4058 994 4118 sqq.
1042 4042 1313 4099 Amenor
1341 4046 1543 4120 potuit
1563 4087 1581 4118 ‚
1643 4045 1857 4103 mediis
1897 4046 2143 4123 elapsus
2178 4043 2446 4102 ‘Achivis
2464 4086 2481 4116 ,
2538 4041 2695 4119 luy-

335 4153 340 4164 1
436 4123 590 4181 n’cos
624 4137 939 4201 penetrare
978 4128 1146 4184 simu
1186 4135 1384 4207 atque
1413 4131 1632 4188 iusim
1680 4143 1841 4190 tutus
1876 4133 2102 4208 Regna
2149 4128 2555 4187 Liburnorum
2577 4172 2595 4197 ‚
2646 4141 2697 4184 e!

423 4208 665 4285 sontem
699 4230 980 4288 superare
1022 4214 1267 4270 Timavi
1286 4236 1306 4270 .-
1364 4214 1539 4273 Unde
1557 4233 1674 4294 pet·
1703 4237 1810 4274 ora
1846 4237 2061 4274 novem
2081 4259 2099 4290 ‚
2148 4227 2322 4273 vasto
2363 4235 2505 4294 cum
2528 4234 2696 4271 mur-

437 4314 603 4353 mwe
639 4297 855 4354 montis
875 4340 894 4370 ,
946 4298 1010 4357 lt
1032 4317 1199 4356 mare
1214 4312 1575 4378 pror-upum
1615 4313 1674 4360 ec
1705 4302 1937 4380 pelago
1968 4303 2189 4379 premit
2228 4322 2385 4360 arva
2417 4302 2664 4357 sonanti
2676 4321 2694 4352 .-

441 4381 566 4438 mc
614 4392 819 4441 tamen
860 4381 966 4440 ille
1004 4382 1207 4442 urbem
1263 4387 1505 4446 Patavi
1551 4387 1832 4467 sedesque
1877 4389 2101 4447 locavit
2168 4389 2528 4445 Teucrorum
2541 4428 2562 4458 ,
2642 4395 2699 4441 e!
