2882 5028
498 441 1127 523 AENEIDOS‘
1159 445 1370 519 LIB.
1425 445 1575 539 vl,
1624 450 2080 551 ess—292

2256 448 2407 523 895

114 629 665 709 ·Horrendum
702 630 1063 726 stridens,
1094 626 1598 730 flammisque
1636 643 1929 707 armata
1959 628 2405 728 Chimaera,

143 742 605 833 Gorgones»,
656 735 1204 835 Harpyiaeque
1225 794 1247 830 ,

1308 745 1388 910 {t
1430 730 1694 811 forma
1735 735 2196 835 tricorporis
2222 736 2405 811 um*-

1372 861 1529 914 rae.

144 941 519 1041 Conripit
556 940 684 1015 hic
719 938 973 1015 'subita
1006 937 1360 1040 trepidus
1390 938 1827 1015 formidine
1863 938 2171 1016 ferrum
2253 948 2408 1020 290

146 1051 497 1138 AeneaS,
551 1045 1063 1143 strictamque
1095 1044 1345 1118 aciem
1377 1043 1884 1119 venientibus
1919 1042 2228 1136 obfert3
2380 1041 2387 1056 '

140 1153 288 1245 Et,
341 1147 423 1221 ni
473 1146 707 1224 docta
744 1171 1014 1222 comes
1050 1147 1310 1222 tenuis
1342 1147 1512 1222 sine
1549 1169 1889 1248 corpore
1923 1148 2117 1222 vitas

289 1321 394 1375 288
430 1339 533 1391 que
565 1321 717 1372 obest
753 1339 784 1372 a
817 1319 956 1372 binis
997 1323 1167 1372 Rurm.
1236 1321 1402 1372 Porro
1437 1320 1578 1389 apud
1625 1319 1856 1372 Servium
1879 1355 1880 1358 =
1903 1317 2133 1371 dubitari
2183 1319 2403 1382 videtur,

143 1389 219 1441 ad
252 1392 593 1441 Excetramne
638 1391 987 1441 Hert-endum
1034 1390 1277 1442 stridens
1323 1407 1391 1441 an
1440 1391 1510 1441 ad
1560 1389 1882 1441 Chimaeram
1930 1389 2259 1440 referendum
2317 1385 2402 1439 sit.

141 1459 256 1510 Sed
290 1459 450 1511 habet
483 1459 615 1511 haec
666 1459 966 1528 epitheton,
1005 1462 1251 1528 flammis
1297 1472 1545 1522 armata,
1592 1458 1968 1521 flammivoma.⁷
2018 1458 2119 1510 etsi
2167 1458 2403 1509 flammae

143 1528 389 1580 strident
424 1527 656 1596 proprie.
725 1529 832 1580 Sed
869 1538 921 1579 et
957 1530 1191 1580 stridere
1238 1529 1304 1579 de
1350 1539 1596 1596 serpente
1645 1527 1895 1598 proprie,
1942 1546 1993 1579 v.
2043 1546 2088 1579 e.
2135 1527 2403 1579 claudian.

143 1597 219 1647 de
257 1599 319 1648 R.
353 1599 409 1653 P.
447 1600 486 1661 1,
526 1601 607 1652 12.
646 1616 860 1717 angues
916 1598 1234 1679 Triptolemi
1279 1599 1542 1649 stridunt.
1591 1598 1732 1650 conf.
1786 1597 2050 1649 Drakenb.
2101 1597 2170 1648 ad
2220 1596 2403 1648 Silium

142 1667 217 1728 11,
249 1668 372 1748 5373
410 1668 485 1734 (ut
520 1667 623 1719 hoc
657 1668 723 1719 ad

764 1684 887 1724 ama,
913 1684 1018 1717 non
1052 1666 1437 1735 nutet-pungitur
1473 1676 1598 1734 post
1635 1670 1850 1719 Lernae
1899 1666 1954 1717 iu
2004 1665 2197 1717 Medic.
2256 1666 2402 1731 We.)

137 1737 488 1806 flammisque
523 1739 770 1788 animatu
804 1735 1104 1803 corrigebat
1136 1737 1350 1788 Wakef.
1398 1736 1465 1788 ad
1511 1734 1688 1805 Enrip.
1740 1738 1851 1787 lon.
1903 1752 2023 1805 pag.
2073 1735 2161 1789 27.
2212 1736 2289 1801 (et
2335 1734 2404 1786 ad

144 1805 358 1860 Lucret.
393 1807 460 1868 11,
493 1803 615 1861 704.
653 1818 706 1856 et
738 1806 805 1857 ad
840 1807 906 1869 V,
942 1805 1062 1858 904.
1105 1806 1247 1872 Wr.)
1285 1805 1425 1856 nullu
1477 1804 1544 1856 de
1592 1823 1789 1857 caussa.

144 1874 210 1932 h.
248 1893 327 1926 v.:
377 1880 546 1939 „Sane
587 1876 794 1944 quidam
830 1873 1039 1937 dicunt,
1088 1892 1264 1926 versus
1299 1874 1429 1926 alios
1467 1874 1566 1925 hos
1603 1893 1634 1926 a
1670 1884 1830 1944 poeta
1863 1875 1968 1927 hoc
2015 1873 2134 1925 loco
2171 1873 2403 1937 relictos,

143 1943 279 2025 „qui
312 1944 378 1995 ab
416 1945 528 1996 eius
562 1943 984 1995 emendatoribus
1021 1944 1215 1996 sublati
1250 1943 1386 1994 sint:
1435 1946 1712 2014 Gorgonis
1759 1946 1817 1996 in
1867 1944 2043 1996 medio
2084 1955 2404 2013 portentum

142 2032 418 2079 „tmmane
470 2016 753 2065 Medusae.

829 2017 881 2065 V
877 2016 898 2064 i
939 2032 1097 2064 ereas
1141 2015 1340 2064 circum
1390 2031 1492 2063 ora
1541 2032 1725 2065 comae
1771 2014 1862 2066 cui
1905 2010 2065 2064 sibila
2115 2023 2402 2081 torquent:

140 2082 533 2154 „Infante-sque
565 2086 619 2133 ri
655 2096 749 2134 ent
785 2101 882 2134 ocu
908 2085 955 2133 i:
1007 2096 1288 2152 mentoque
1322 2080 1422 2133 sub
1465 2084 1577 2136 imo
1627 2086 1951 2164 Serpentum
1999 2083 2259 2132 extremi-r
2293 2099 2402 2132 no-

139 2153 396 2218 „dantur
430 2170 592 2202 vmcu
618 2172 654 2202 a
688 2154 931 2203 caudis-st

1001 2152 1105 2203 Sed
1152 2150 1319 2221 inepti
1363 2150 1765 2220 interpolatoris
1817 2170 1998 2203 versus
2052 2167 2199 2215 esse,
2245 2145 2403 2203 facile

141 2220 532 2289 deprehendas.
604 2220 876 2288 Γοργείην
909 2217 1191 2288 κεφαλὴν,
1242 2239 1303 2272 ex
1350 2225 1487 2272 Orco
1540 2220 1642 2271 sibi
1689 2238 1754 2271 ne
1804 2220 2143 2282 immittatur,
2192 2228 2405 2271 veretur

142 2307 361 2359 qnoque
410 2290 480 2341 Ul
520 2307 629 2340 sses
687 2291 876 2359 Odyss.
939 2292 989 2354 λ,
1050 2292 1171 2345 633.

1310 2290 1418 2343 290
1469 2291 1686 2361 trepida
1736 2291 1957 2342 Dorvill.
2095 2291 2195 2344 291
2244 2289 2404 2357 effert

138 2359 404 2412 Montalb.
440 2378 468 2410 c
494 2396 510 2412 .
543 2361 713 2411 Burm.
787 2361 1025 2428 4—292.
1062 2361 1245 2412 tenuis
1278 2358 1504 2426 Media,
1538 2359 1633 2411 sed
1667 2360 1690 2411 i
1718 2357 1775 2412 in
1809 2379 1840 2412 e
1875 2369 2117 2412 mutatur.
2162 2359 2305 2426 Wr.)

141 2510 224 2563 nt
255 2501 559 2581 trigemini
589 2520 703 2581 pro
747 2500 952 2577 trinis,
997 2500 1085 2561 its
1124 2522 1237 2581 pro

141 2586 571 2668 centumplex,
613 2606 719 2649 seu
763 2589 1025 2647 centenis
1069 2588 1236 2668 capi-

140 2674 313 2734 tibus
373 2673 703 2732 instructus
728 2716 747 2747 ,
824 2693 930 2733 seu
992 2682 1234 2732 centum

139 2777 438 2844 mapuum
489 2767 768 2838 respectu
796 2803 816 2835 ‚
895 2758 1036 2837 quia
1090 2758 1233 2820 ἑκα-

137 2846 471 2928 τόγχειρας,
507 2845 668 2924 apud
698 2844 1028 2904 Homerum
1062 2843 1231 2903 lliad.

142 2955 208 3009 α,
253 2933 399 2994 402.
487 2930 699 3009 Capita
725 2932 769 2988 L
807 2930 1008 2989 adiicit
1046 2929 1237 3009 Apol-

138 3015 415 3077 lodorus.
466 3014 611 3075 Insr.
655 3017 734 3090 X,
777 3017 902 3082 565
945 3015 1237 3095 Aegaeon,

138 3113 385 3163 centum
410 3105 515 3159 eui
540 3100 791 3160 brachia
814 3102 1042 3176 dicunt,
1083 3102 1238 3160 Cen-

138 3201 431 3265 tenusque
472 3208 689 3245 manus
703 3209 728 3259 ;
791 3189 1239 3266 quinquaginta

140 3272 350 3333 oribus
380 3274 585 3349 ignem
626 3272 1089 3351 Pectoribusque
1127 3294 1234 3331 ar-

136 3361 317 3418 sisse.
398 3357 578 3417 Aliud
608 3368 946 3417 monstrum
970 3359 1031 3416 in
1063 3357 1233 3417 editu

139 3444 295 3503 Orci
331 3444 532 3521 posuit
572 3443 853 3522 Virgilius
891 3444 1029 3503 infr.
1081 3444 1230 3519 VIII,

140 3529 228 3590 de
252 3527 528 3589 Herculis
557 3527 845 3589 descensu
870 3528 949 3587 ad
989 3529 1231 3605 inferos,

138 3617 280 3679 298
328 3615 469 3672 Nee
514 3626 570 3672 te
619 3618 783 3673 ullae
818 3614 1029 3692 facies
1047 3658 1064 3689 ,
1111 3636 1232 3673 non

140 3701 354 3761 ter-mit
411 3703 541 3777 ipse
591 3702 906 3780 'lyphoeus
954 3702 1224 3774 Arduus,

140 3806 329 3846 arma
371 3796 571 3844 teneus
597 3809 623 3858 ,-
694 3808 817 3845 non
870 3799 927 3844 te
981 3788 1231 3845 rationis

142 3883 422 3949 egentem
468 3872 779 3929 Lernaeus
829 3871 1000 3930 turba
1053 3873 1233 3950 eapi-

140 3970 281 4016 tum
313 3958 696 4015 circumstetit
730 3960 975 4034 anguis.
1073 3958 1234 4016 Gor·-

135 4063 338 4122 gones
362 4041 615 4101 inHede
627 4042 748 4101 iam
774 4043 989 4121 Odyss.
1013 4048 1065 4117 λ,
1089 4046 1237 4117 682,

140 4128 258 4189 ubi
298 4128 534 4205 Ulysses
593 4129 810 4187 metuit
829 4173 844 4200 ,
906 4148 979 4186 ue
1034 4129 1234 4206 Gorgo

136 4214 263 4279 sibi
299 4221 599 4273 occurrat.
672 4215 868 4292 Fugat
895 4215 1235 4293 Gorgonem

135 4300 439 4362 Hercules
493 4300 655 4379 apud
709 4300 985 4379 Apollod.
1046 4299 1116 4374 II,
1172 4301 1232 4374 5,

142 4390 251 4461 12,
282 4405 412 4464 pag.
449 4389 591 4450 121.
658 4380 875 4463 forma
918 4389 1047 4447 tric.
1094 4405 1233 4443 um-

132 4472 287 4533 brae
315 4481 559 4545 ornate,
604 4490 717 4550 pro
743 4470 1077 4549 tricorpore
1110 4472 1232 4528 Ge-

1318 2520 1554 2581 ryone:
1625 2494 1998 2582 τρισόματος
2067 2498 2233 2580 apud
2281 2498 2404 2559 Ae-

1326 2586 1601 2666 schylum
1631 2585 1831 2665 Agsm.
1863 2591 2010 2651 879.
2063 2588 2403 2665 Geryonem

1318 2693 1459 2732 cum
1508 2674 1686 2752 Tityo
1727 2673 2013 2731 'iunctum
2053 2672 2232 2730 etiam
2267 2671 2403 2730 Ho-

1314 2759 1510 2817 ratius
1548 2760 1613 2817 iu
1667 2759 1811 2816 locis
1863 2756 2069 2816 inferis
2107 2764 2404 2815 memorat

1318 2844 1392 2918 II,
1428 2843 1526 2918 14,
1559 2848 1599 2907 8
1654 2844 1829 2903 Pluto
1857 2845 1964 2922 qui
2001 2855 2089 2901 ter
2123 2844 2405 2919 amplum

1325 2931 1657 3007 Geryonem
1695 2932 2022 3006 Tityonque
2047 2931 2201 2986 tristi
2232 2947 2403 2985 eom-

1310 3018 1506 3093 pescit
1530 3016 1719 3073 unda.
1812 3013 2181 3073 Imitatorem
2221 3011 2402 3072 etiam
2451 3026 2456 3035 '

1321 3098 1440 3159 hoc
1468 3100 1529 3159 in
1559 3100 1691 3159 loco
1733 3098 1947 3159 habuit
1981 3097 2259 3177 Virgilius
2303 3099 2403 3156 Si·

1320 3186 1470 3245 lium
1520 3186 1680 3260 XIII,
1732 3184 1861 3249 587
1912 3203 2032 3262 seq.
2120 3183 2404 3263 Harpyiis

1320 3271 1598 3350 fugandis
1639 3271 1916 3330 Ariostus
1971 3269 2051 3328 ad
2112 3270 2256 3328 Orci
2304 3270 2404 3328 in-

1314 3376 1579 3436 gressum
1680 3356 1942 3415 adduxit
2040 3353 2403 3435 Astolphum

1315 3463 1492 3501 suum
1538 3440 1838 3522 (Or-lando
1868 3441 2158 3519 furioso:
2210 3441 2402 3500 Canto

1314 3528 1580 3588 XXXIII
1609 3536 1668 3586 et
1696 3526 2006 3608 XXXIV).

1400 3614 1785 3680 290—294.
1830 3612 1928 3671 Ad
1969 3612 2224 3672 ductum
2266 3611 2403 3670 Ho-

1314 3699 1465 3758 meri
1492 3700 1530 3757 l.
1563 3720 1613 3758 e.
1644 3699 1859 3778 Odyss.
1885 3722 1941 3774 κ,
1970 3699 2096 3765 685
2122 3718 2209 3776 sq.
2237 3701 2288 3767 λ,
2316 3697 2401 3764 48

1314 3806 1401 3863 sq.
1446 3786 1521 3847 cf.
1549 3784 1695 3844 ibid.
1721 3787 1848 3849 218
1867 3819 1946 3829 ·-
1965 3787 2108 3848 221.
2135 3792 2195 3842 et
2211 3782 2401 3863 Apol-

1317 3872 1439 3930 lon.
1498 3871 1541 3946 I,
1597 3870 1780 3935 1250.
1866 3869 2063 3929 Etiam
2114 3869 2403 3928 Hercules

1319 3957 1383 4015 in
1424 3957 1761 4034 Gorgonem
1811 3955 2050 4034 stringit
2084 3974 2315 4031 ensem,
2369 3973 2401 4010 a

1318 4042 1619 4102 Mercurio
1648 4041 2008 4117 admonitus,
2034 4060 2253 4101 vanam
2279 4056 2405 4098 esse

1320 4128 1607 4209 speciem,
1663 4127 1828 4207 apud
1881 4125 2158 4207 Apollod.
2222 4125 2294 4202 11,
2336 4124 2400 4193 5,

1324 4219 1422 4280 12.
1469 4213 1673 4273 Schol.
1731 4213 1899 4273 Iliad.
1948 4219 2017 4284 θ,
2073 4213 2218 4274 868.
2305 4207 2405 4287 qs-

1299 4300 1433 4377 fert
1454 4345 1470 4375 ,
1519 4299 1807 4377 exquisite
1843 4318 1956 4377 pro
1992 4297 2249 4355 intentat
2266 4338 2284 4370 ,
2342 4302 2405 4353 et

1316 4398 1518 4444 tenues
1545 4389 1726 4459 vitas,
1779 4386 2015 4453 εἴδωλα,
2055 4381 2184 4443 vita
2216 4389 2402 4439 uten-

1314 4471 1398 4530 tis
1422 4515 1439 4544 ,
1520 4471 1761 4530 animas.
1877 4467 2013 4526 Non
2072 4466 2403 4527 admodum

1927 1806 2032 1859 289
2080 1803 2285 1856 Servius
2334 1803 2404 1855 ad
2453 1829 2520 1884 x,-

2557 1915 2598 1950 *x
