2882 5028
725 1155 807 1227 P.
897 1149 1529 1227 VIRGILII
1615 1146 2254 1221 MARONIS

368 1324 466 1432 A
690 1282 2323 1443 E‚N·E·1''D,O
2538 1323 2640 1427 s-

840 1503 841 1508 t
920 1498 1338 1614 LIBER
1438 1520 2052 1660 TERTIUs
2523 1461 2528 1464 ’

1016 1831 1951 1896 ARGUMENTUM

370 1970 632 2072 Eversa
662 2005 859 2081 Troia,
904 2003 1125 2064 Aeneas
1157 2006 1418 2066 collectis
1444 2009 1691 2066 suorum
1714 2001 1998 2081 reliquiis,
2041 2021 2192 2079 quae
2230 2002 2398 2061 caedi
2440 2003 2619 2061 flam-

371 2092 601 2167 misque
641 2099 1023 2170 supererant,
1078 2100 1406 2170 parataque
1453 2091 1614 2171 apud
1667 2087 2055 2149 Antandrum
2114 2088 2326 2166 viginti
2373 2089 2622 2148 navium

374 2176 585 2249 classe,
654 2175 916 2253 primum
961 2177 1028 2234 in
1075 2175 1391 2237 Thraciam
1436 2178 1734 2237 defertur:
1791 2174 1928 2249 ubi,
1982 2192 2120 2233 cum
2162 2174 2406 2234 futurae
2447 2174 2623 2234 urbis

375 2261 761 2321 fundamenta
834 2271 1120 2341 poneret,
1189 2264 1440 2322 territus
1497 2260 1784 2341 Polydori
1853 2281 1888 2318 a
1944 2258 2391 2338 Polymnestore
2465 2259 2623 2319 caesi

372 2345 686 2427 prodigiis,
737 2346 944 2404 Delum
986 2348 1136 2426 petit
1185 2353 1432 2413 1—77.
1530 2346 1931 2424 Consultoque
1987 2344 2073 2403 ibi
2129 2344 2416 2424 Apollinis
2473 2365 2621 2404 ora-

374 2432 540 2507 culo,
585 2451 718 2488 cum
764 2433 1070 2509 antiquam
1115 2433 1307 2512 gentis
1349 2453 1490 2492 suae
1533 2442 1813 2506 matrem,
1861 2429 1981 2489 hoc
2020 2440 2140 2505 est,
2185 2430 2438 2509 primam
2492 2430 2624 2490 ori-

372 2518 522 2598 ginis
577 2537 717 2575 suae
774 2526 998 2577 terram
1053 2519 1441 2597 repetendam
1501 2519 1839 2593 didicisset,
1883 2517 2030 2575 salsa
2084 2514 2376 2577 Anchisae
2427 2514 2623 2595 patris

377 2603 868 2681 interpretatione
913 2604 1242 2681 adductus,
1286 2606 1524 2663 Cretam
1569 2603 2136 2666 contendit—120.
2222 2602 2446 2661 Verum
2482 2622 2620 2662 cum

371 2688 456 2746 ibi
499 2709 734 2767 quoque
753 2733 769 2763 ,
813 2689 1021 2767 positis
1066 2685 1185 2748 iani
1228 2691 1556 2763 moenibus,
1602 2688 1944 2768 gravissima
1988 2696 2152 2766 peste
2195 2688 2622 2766 exagitaretur,

372 2774 440 2832 in
482 2774 701 2832 somnis
736 2776 997 2833 monitus
1053 2796 1086 2833 a
1146 2775 1262 2834 diis
1311 2775 1661 2850 Penatibus,
1717 2774 1926 2833 relicta
1970 2773 2177 2849 Creta,
2233 2773 2467 2831 ltaliam
2510 2791 2623 2852 pe-

375 2859 711 2923 tit—192.
799 2859 883 2918 lbi
928 2860 1126 2919 subito
1174 2861 1386 2919 oborta
1443 2868 1824 2939 tempestate,
1880 2858 2144 2937 primum
2200 2858 2276 2917 ad
2321 2857 2624 2937 Stropha-

377 2944 480 3003 des
516 2945 740 3003 insulas
777 2946 1060 3023 appulsus
1072 2991 1088 3021 ,
1137 2946 1212 3005 ab
1243 2946 1527 3026 Harpyiis
1557 2946 2129 3009 infestatur—269.
2215 2943 2362 3002 Mox
2377 2944 2623 3003 Actium

377 3030 629 3104 delatus,
672 3030 736 3087 in
778 3027 1072 3088 honorem
1115 3030 1407 3109 Apollinis
1449 3031 1629 3091 ludos
1673 3029 2184 3092 celebrat—290.
2269 3028 2434 3103 Inde,
2470 3030 2624 3088 Cor·

376 3135 581 3194 cyram
639 3123 1117 3194 praetervectus,
1179 3117 1426 3194 Epirum
1483 3124 1680 3175 tenet:
1738 3134 1892 3193 quae
1942 3114 2010 3172 id
2063 3115 2349 3193 temporis
2390 3115 2622 3174 Heleno

375 3199 598 3257 Priami
643 3198 768 3257 filio
830 3200 1105 3277 parebat,
1163 3202 1258 3259 cui
1312 3211 1451 3281 post
1505 3200 1722 3281 Pyrrhi
1780 3198 2022 3258 caedem
2075 3198 2502 3258 Andromache
2559 3200 2620 3257 in

376 3284 712 3362 coniugium
755 3294 1027 3344 cesserat.
1110 3284 1375 3345 Helenus
1417 3286 1677 3346 Aeneam
1715 3284 1979 3364 hospitio
2032 3285 2285 3365 excipit,
2344 3287 2623 3362 omnique

375 3368 766 3428 humanitatis
806 3388 1018 3448 genere
1062 3370 1513 3447 complectitur,
1557 3371 2110 3448 imminentiumque
2151 3379 2314 3429 terra
2355 3371 2623 3447 marique

378 3453 776 3532 periculorum
820 3456 1132 3514 certiorem
1174 3456 1577 3523 facit—505.
1662 3457 1920 3531 Aeneas,
1979 3457 2191 3516 relicta
2228 3456 2444 3535 Epiro,
2503 3457 2625 3515 Ta-

377 3547 619 3598 rentum
662 3539 1032 3620 primamque
1075 3540 1280 3615 Italiae
1337 3562 1506 3600 oram
1546 3550 2028 3621 praetervectus,
2084 3541 2164 3601 ad
2208 3560 2339 3600 eam
2393 3542 2626 3601 Siciliae

379 3633 641 3703 partem,
697 3645 848 3703 quae
884 3626 1109 3687 Aetnae
1151 3627 1346 3686 monti
1393 3628 1656 3701 adiacet,
1711 3628 2050 3707 appellitur.
2135 3626 2220 3686 [bi
2264 3625 2626 3688 Achemeni-

381 3710 516 3769 dem
535 3754 553 3785 ,
612 3709 688 3768 ab
736 3711 937 3789 Ulysse
992 3713 1056 3771 in
1095 3712 1369 3793 Cyclopis
1416 3720 1590 3772 antro
1636 3712 1972 3788 desertum,
2027 3712 2352 3791 supplicem
2395 3715 2627 3793 recipit,

377 3795 745 3873 edoctusque
775 3796 850 3854 ab
876 3816 948 3856 eo
977 3797 1052 3856 de
1082 3798 1412 3878 Cyclopum
1440 3798 1695 3873 feritate,
1736 3798 1878 3857 inde
1906 3818 2154 3858 ancoras
2179 3799 2457 3857 solvit—
2474 3803 2627 3863 681:

380 3899 722 3959 memorque
778 3893 1239 3962 praeceptorum
1295 3883 1539 3961 Heleni,
1609 3883 1820 3944 vitatis
1883 3882 2220 3964 Charybdis
2277 3893 2342 3943 et
2397 3885 2628 3964 Scyllae

380 3966 656 4046 periculis
673 4011 691 4042 ,
749 3967 979 4027 Siciliae
1034 3968 1246 4027 littora
1300 3969 1478 4049 longo
1535 3969 1789 4028 circuitu
1850 3969 2286 4029 circumvectus
2306 4014 2324 4045 ,
2383 3970 2630 4031 tandem

254 4114 273 4123 ,
381 4052 722 4132 Drepanum
765 4052 1104 4128 advehitur,
1148 4053 1252 4111 ubi
1296 4053 1602 4132 Anchises,
1651 4065 1781 4115 tum
1824 4054 1985 4114 senio
2029 4064 2158 4114 tum
2202 4055 2412 4135 longae
2454 4055 2630 4115 navi-

379 4138 631 4217 gationis
672 4138 992 4197 iactatione
1036 4137 1349 4219 latigams,
1409 4140 1548 4200 satis
1591 4139 2121 4205 concedit—713.
2206 4140 2354 4200 Inde
2399 4142 2627 4202 Italiam

380 4224 712 4304 petiturus,
769 4224 1028 4283 immissa
1073 4223 1147 4282 ab
1187 4222 1372 4283 Aeolo
1416 4226 1612 4284 subita
1656 4235 2003 4306 tempestate
2042 4226 2105 4285 in
2151 4224 2416 4287 Africam
2467 4226 2627 4288 eiici-

381 4320 518 4370 tur:
564 4330 744 4390 qnam
789 4319 1022 4390 partem
1067 4308 1222 4370 libro
1267 4309 1463 4390 primo
1509 4321 1874 4390 exsequutus
1917 4321 2050 4373 erat
2094 4321 2286 4390 poeta.
