2882 5028
678 428 1285 508 AENmnos
1337 431 1547 506 Lm.
1602 431 1747 525 v1‚
1804 434 2084 506 4—16

2341 436 2494 514 855

240 619 419 692 Iam
450 615 795 696 subeunt
823 617 1131 693 Triviae
1159 615 1381 691 lucos
1398 676 1422 713 ‚
1476 628 1712 716 atque
1738 640 1970 692 aurea
1998 628 2220 695 tecta.

352 717 781 817 Daedalus,
832 733 924 796 ut
960 717 1170 796 fama
1210 733 1366 816 est,

243 822 765 922 Praepetibus
792 824 1076 924 pennis
1101 847 1333 902 ausus
1360 846 1449 900 se
1479 821 1810 902 credere
1842 823 2097 920 coelo,

1417 715 1732 818 fugiens
1758 719 2057 798 Minoia
2092 741 2359 818 regna,
2390 830 2485 905 16

240 930 661 1004 Insuetum
695 950 842 1028 per
874 928 1025 1003 iter
1043 925 1339 1026 gelidas
1375 927 1637 1006 enavit
1670 926 1771 1003 ad
1801 932 2112 1024 Arctoa,-

387 1114 455 1169 14
489 1127 573 1168 est
605 1134 636 1166 a
670 1116 847 1168 multis
883 1117 1016 1169 Pier.
1050 1118 1252 1170 aberat.
1323 1119 1403 1168 M,
1437 1129 1586 1169 tecta
1620 1119 1749 1170 Ven.
1765 1156 1781 1183 ,
1825 1117 2049 1171 solleuni
2081 1114 2481 1188 permutatione.

246 1185 319 1236 cf.
356 1186 529 1237 Burm-

669 1188 734 1242 15
762 1189 953 1257 pinnis
985 1187 1176 1239 Medic.
1243 1187 1419 1239 Possis
1455 1187 1697 1256 iungere:
1746 1190 1894 1239 Prae
1931 1187 2108 1239 esibus
2141 1188 2346 1257 pennis
2378 1204 2484 1237 aa·

238 1271 347 1306 aue
380 1272 440 1305 se
480 1254 731 1319 credere,
781 1256 930 1308 coelo
963 1259 1248 1308 Ire-meeum
1277 1259 1450 1338 —·(et
1485 1256 1561 1307 ita
1609 1256 1847 1308 distinxit
2217 1255 2230 1268 ⁸

1965 1257 2100 1308 akef.
2118 1275 2133 1320 ς
2181 1256 2284 1306 nd.
2332 1255 2483 1306 eund.

238 1323 312 1374 ad
345 1323 554 1375 Lam-ct.
589 1325 679 1389 IV,
716 1325 835 1379 178.
877 1325 1018 1393 Wr.)
1055 1327 1292 1394 Languet
1326 1342 1401 1377 sic
1439 1327 1607 1378 coelo.
1676 1328 1745 1376 Bt
1777 1325 1926 1377 ovid.
1973 1327 2099 1379 Met.
2147 1326 2214 1388 11,
2259 1323 2364 1379 877
2416 1322 2484 1376 da

236 1408 440 1459 cycno:
494 1411 595 1444 nec
640 1409 703 1444 se
745 1393 1002 1465 coeloque
1034 1398 1261 1465 Iovique
1294 1394 1477 1447 Credit
1508 1424 1574 1433 —
1612 1398 1828 1467 Stagna
1871 1397 2023 1466 petit.
2163 1394 2230 1448 16

234 1463 425 1514 Franc.
496 1464 706 1514 err-avie
738 1462 899 1519 Witt.
973 1466 1167 1532 (Artos
1199 1464 1389 1517 Medic.
1423 1463 1480 1515 in
1513 1463 1673 1517 litura
1688 1503 1705 1531 ,
1744 1464 2098 1535 superscripta
2131 1480 2178 1516 ο.

234 1635 409 1695 afflat
436 1634 561 1694 eius
598 1645 858 1698 mentem
871 1680 891 1714 ,
932 1648 1167 1716 movet,
1218 1640 1321 1699 in-

234 1721 423 1795 citat,
464 1721 694 1781 furore:
737 1734 801 1782 et
821 1721 940 1783 hoc
960 1725 1188 1786 melius.

331 1810 427 1869 13.
453 1805 577 1865 Iter
599 1807 677 1866 ad
705 1808 997 1889 Apollinis
1027 1810 1317 1891 templum

233 1888 455 1972 (aurea
514 1889 692 1973 tecta)
754 1903 886 1954 erat
936 1914 1045 1977 per
1095 1897 1317 1972 lucum,

231 1996 360 2055 quo
403 1976 552 2036 illud
580 1978 980 2059 ambiebatur3
1040 2001 1119 2042 ex
1155 2001 1324 2043 more

230 2070 459 2121 vetere.
543 2062 804 2123 Hecatae
841 2078 1041 2126 autem
1081 2068 1179 2126 ille
1218 2068 1318 2127 lu-

228 2168 343 2207 cus
370 2166 510 2208 cum
539 2157 670 2209 toto
694 2151 938 2216 Averno
967 2172 1161 2228 sacer,
1201 2154 1319 2229 vel,

226 2243 306 2292 ut
346 2231 682 2311 loquuntur
724 2237 821 2298 alii
836 2282 855 2314 ‚
913 2238 1318 2320 Proserpinae.

226 2319 392 2379 conf.
422 2320 669 2382 Excurs.
702 2320 777 2385 Il.

321 2404 615 2470 14-19,
657 2408 862 2471 Fuisse
902 2410 1119 2470 samam
1152 2410 1317 2471 anti-

229 2509 417 2568 quam
467 2502 745 2571 apparet,
794 2495 1088 2574 templum
1122 2496 1314 2576 Apol-

222 2576 368 2635 linis
411 2575 747 2638 Cumanum
792 2600 825 2637 a
878 2581 1134 2643 Daedalo
1186 2600 1313 2643 esse

227 2671 601 2725 extructum.
688 2665 985 2726 Videntur
1030 2667 1214 2727 Siculi
1251 2677 1314 2727 et

222 2746 365 2807 Itali
394 2790 412 2822 ,
466 2749 752 2828 quicquid
802 2752 967 2832 apud
1023 2772 1084 2811 se
1124 2753 1311 2813 mirae

226 2833 330 2892 vel
389 2834 725 2912 praeclarae
788 2839 933 2897 artis
997 2836 1308 2915 haberent,

224 2918 306 2978 ad
339 2917 663 2980 Daedalum
689 2924 977 2983 retulisse.
1063 2923 1313 3002 colligas

222 3003 346 3063 hoc
376 3005 472 3064 vel
512 3024 588 3065 ex
635 3006 879 3068 Diodori
921 3009 1023 3068 lib.
1065 3010 1165 3083 IV,
1207 3013 1308 3073 78.

220 3088 573 3169 Habuitque
596 3092 744 3151 adeo
772 3095 926 3155 sorte
950 3093 1168 3155 horum
1194 3114 1310 3173 po-

219 3174 512 3255 pulorum
542 3198 638 3237 ars
659 3178 1013 3240 aedificandi
1048 3189 1110 3240 et
1147 3179 1313 3239 scul-

220 3260 417 3341 pendi
459 3263 745 3341 originem
803 3286 975 3327 suam
1029 3285 1062 3324 e
1114 3268 1306 3326 Creta.

223 3348 574 3409 Communis
602 3350 869 3411 narratio
911 3359 1030 3427 est,
1074 3351 1308 3411 Daeda-

219 3432 354 3492 lum
378 3452 458 3493 ex
490 3435 669 3494 Creta
700 3438 1019 3515 profugum
1049 3436 1113 3495 in
1153 3437 1307 3497 Sici-

220 3519 306 3579 lia
355 3538 391 3579 a
454 3519 648 3580 Minoe
703 3521 884 3582 fuisse
938 3541 1306 3601 oppressum.

219 3604 307 3663 At
343 3614 557 3683 poeta,
609 3606 785 3665 aliam
826 3608 1044 3666 famam
1082 3627 1305 3686 sequu-

219 3700 356 3763 tus,
398 3690 721 3751 Daedalum
749 3711 825 3750 ex
848 3693 1044 3753 Sicilia
1067 3711 1306 3771 quoque

218 3776 361 3853 suga
394 3777 645 3836 evasisse
684 3778 916 3838 statuit.
1001 3778 1307 3839 Praeclare

216 3862 494 3921 Servius:
526 3864 851 3922 Daedalus
876 3885 1012 3923 vero
1035 3867 1304 3943 primum

218 3947 575 4006 Sardiniam
598 3991 617 4022 ,
664 3961 732 4009 ut
778 3949 924 4007 dicu
975 3950 1302 4011 Sallustius

215 4030 328 4091 lib.
375 4033 459 4092 II
503 4034 951 4110 Historiarum,
1005 4046 1147 4111 poet
1189 4035 1302 4093 de-

215 4118 383 4175 latus
439 4131 528 4179 εει
609 4118 833 4177 Cumas
853 4142 874 4177 .-
966 4131 1023 4177 et
1081 4120 1300 4197 templo

214 4202 503 4280 Apollini
541 4203 776 4262 condico
831 4207 1201 4284 sacratisque
1238 4206 1298 4263 εἰ

212 4287 336 4345 alis
392 4291 459 4346 in
503 4287 750 4364 foribus
801 4288 953 4348 haec
1016 4292 1294 4348 universa

200 4374 436 4450 piru-ic.
542 4374 821 4433 Ceterum
878 4382 1073 4433 totum
1104 4419 1122 4449 ,
1182 4374 1293 4452 qui

205 4459 485 4536 sequitur
500 4500 518 4533 ‚
573 4457 776 4518 locum
818 4459 1111 4540 copiosius
1147 4478 1292 4540 per-

2312 1394 2485 1446 ariter

2295 1464 2363 1530 r.)

1399 1649 1690 1718 sequutus
1732 1647 1822 1700 est
1874 1640 2051 1701 Silius
2100 1635 2235 1713 XII,
2282 1639 2365 1702 89
2396 1669 2483 1682 --

1407 1729 1547 1792 108.
1632 1725 1999 1785 ornamenta
2048 1725 2258 1784 saltem
2315 1742 2483 1782 com-

1398 1820 1617 1891 parent
1646 1811 1914 1873 studiosi.
1954 1844 2041 1856 —
2086 1808 2182 1874 15.
2207 1807 2416 1868 Horat.
2455 1806 2484 1867 1

1403 1896 1522 1958 Od.
1563 1900 1624 1972 3,
1677 1894 1790 1963 34:
1862 1899 2161 1980 Expertus
2219 1913 2483 1954 vacuum
2537 1943 2548 1960 ,

1403 1982 1728 2042 Daedalus
1762 2004 1908 2044 aera
1943 1984 2174 2044 Pennis
2210 2000 2330 2037 non
2365 1977 2478 2038 ho-

1405 2071 1560 2127 mini
1582 2069 1765 2127 datie.
1826 2066 2023 2127 Verba
2043 2085 2120 2125 ex
2149 2064 2480 2143 antiquiore

1405 2172 1677 2216 sermone
1727 2154 1961 2234 poetico
2018 2159 2273 2212 servata.
2360 2149 2478 2209 Cic.

1405 2238 1483 2298 de
1522 2240 1719 2300 Divin.
1756 2239 1804 2316 1,
1844 2240 1928 2304 47
1966 2257 2045 2297 ex
2093 2236 2285 2297 Mario
2336 2255 2479 2294 suo:

1402 2327 1594 2386 Ham
1662 2324 1768 2383 ubi
1821 2323 2205 2403 praepetibus
2261 2323 2479 2400 pennis

1401 2411 1697 2490 lapsuque
1760 2411 2063 2470 volantem
2135 2409 2473 2484 Conspe-ris.

1396 2497 1473 2557 cf.
1515 2517 1644 2576 sup.
1686 2497 1758 2571 V,
1799 2495 1943 2562 254.
2027 2495 2096 2556 ln
2141 2513 2271 2555 voc.
2285 2513 2477 2571 pras-

1388 2604 1504 2660 pes
1564 2590 1923 2660 argutantur
1975 2589 2208 2641 veteres
2255 2580 2476 2651 Gram÷

1394 2668 1614 2728 matici.
1671 2688 1729 2732 v.
1772 2666 1921 2729 Gell.
1967 2666 2064 2742 Vl,
2112 2669 2153 2730 6
2192 2673 2252 2723 et
2305 2655 2473 2724 δεῇ.

1391 2753 1556 2813 Nihil
1584 2752 1749 2812 aliud
1779 2760 1866 2810 est
1895 2770 2094 2828 quam,
2138 2750 2315 2825 celer,
2360 2767 2474 2807 ve-

1395 2839 1521 2899 lox.
1612 2842 1709 2903 16.
1756 2838 1846 2896 ad
1864 2836 2076 2895 Ανοιοε
2107 2836 2261 2897 conf.
2295 2833 2400 2891 Ge.
2425 2832 2473 2909 1,

1397 2924 1542 2989 245.
1577 2924 1720 2988 246.
1806 2923 1995 2996 Sane,
2038 2920 2162 2980 sive
2189 2938 2264 2979 ex
2297 2919 2473 2977 Creta

1395 3010 1522 3068 sive
1551 3027 1626 3066 ex
1651 3007 1849 3067 Sicilia
1887 3007 2012 3067 sive
2065 3025 2141 3065 ex
2179 3004 2471 3081 Sardinia,

1394 3101 1468 3153 ut
1517 3092 1699 3153 modo
1753 3112 1787 3151 e
1836 3091 2115 3153 Sallustio
2176 3089 2471 3150 traditum

1393 3178 1686 3256 vidimus,
1769 3179 2054 3257 profugus
2080 3220 2097 3252 ,
2178 3174 2471 3235 Daedalus

1391 3264 1604 3325 volatu
1669 3282 1878 3326 versus
1950 3261 2470 3343 septentrionalem

1388 3351 1623 3431 plagam
1674 3348 2016 3424 contendit,
2073 3347 2218 3408 dum
2254 3348 2469 3406 Cumas

1390 3435 1717 3497 advolavit.
1816 3435 1951 3497 Erit
2001 3443 2233 3507 tamen,
2301 3429 2468 3510 quod

1388 3520 1559 3581 haud
1585 3540 1757 3600 neges
1772 3564 1790 3597 ,
1824 3519 1944 3580 hoc
1964 3519 2140 3579 valde
2163 3518 2467 3578 tumidum

1389 3627 1423 3665 a
1451 3616 1629 3686 poeta
1660 3606 1923 3666 dictum:
1976 3606 2218 3683 gelidas
2263 3605 2466 3662 enavit

1389 3694 1481 3752 ad
1508 3693 1723 3752 Arctos
1733 3715 1759 3765 ;
1803 3710 1917 3751 nec
1938 3690 2077 3749 satis
2113 3699 2205 3749 est
2248 3689 2462 3764 dicere,

1384 3777 1711 3856 prudentia
1751 3776 1820 3837 id
1866 3777 2074 3836 fecisse
2114 3775 2460 3848 Daedalum,

1385 3881 1463 3933 ne
1487 3863 1614 3922 alae
1638 3872 1871 3942 ceratae
1894 3862 2016 3922 sole
2040 3861 2462 3939 liquescerent3

1385 3957 1495 4008 aut
1550 3947 1966 4028 septentrionis
2021 3947 2461 4019 observatione;

1383 4042 1461 4092 ut
1516 4034 1759 4095 Servius
1805 4042 1868 4095 et
1929 4030 2025 4092 alii
2082 4039 2456 4111 argutantur.

1383 4118 1621 4178 Scilicet
1668 4120 1832 4180 suere
1900 4118 2105 4198 plures
2169 4116 2308 4177 olim
2380 4113 2457 4172 de

1376 4203 1620 4264 Daedali
1645 4204 1948 4269 erroribus
1973 4223 2081 4283 per
2095 4221 2290 4261 aerem
2307 4218 2454 4259 nar-

1375 4289 1641 4349 rationes
1672 4287 1770 4370 (ut
1811 4290 1875 4350 in
1914 4289 2042 4368 ipso
2089 4285 2266 4346 Ovid.
2310 4284 2454 4344 Met.

1375 4374 1530 4451 Vm,
1562 4379 1688 4443 220
1713 4394 1832 4453 seq.
1860 4394 1982 4435 non
2010 4372 2153 4431 safis
2173 4389 2453 4448 assequor

1377 4479 1557 4540 quem
1595 4479 1837 4521 cursum
1878 4476 1984 4518 seu
2027 4457 2300 4517 volatum
2353 4465 2452 4516 te-
