2882 5028
479 336 1097 414 AENEmos
1152 338 1365 415 Lm.
1419 339 1566 436 vl,
1613 342 2054 422 485—498
2239 352 2392 425 923

148 628 302 703 Ora
329 651 775 729 manusque
807 627 1115 725 ambae,
1169 628 1707 730 populataque
1744 642 2115 731 tempora
2153 534 2395 735 rassiii

144 730 511 828 Auribus,
569 744 647 807 et
676 745 992 808 truncas
1023 732 1455 809 inhonesto
1480 732 1816 811 volnere
1856 736 2087 815 naris,

141 835 280 911 Vix
309 834 514 911 adeo
553 835 931 933 adgnovit
953 836 1478 937 pavitantem,
1534 850 1616 913 et
1648 836 1818 914 dira
1844 851 2255 937 tegentem

242 963 412 1038 495.
454 979 711 1055 vmrr,
757 977 1131 1032 Lacum!

148 522 652 624 Deiphobum
682 522 940 620 videt,
995 536 1076 601 et
1108 523 1460 628 lacerum
1490 524 1923 603 crudeliter
1950 551 2114 624 ora,

271 1108 379 1166 495
415 1112 567 1164 videt
601 1124 656 1163 et
691 1111 882 1164 Medic.
916 1130 1031 1164 enm
1055 1111 1201 1179 aliis,
1278 1130 1345 1164 no
1369 1111 1608 1176 alludunt
1631 1112 1724 1165 alii
1749 1130 1832 1184 ap.
1859 1114 2029 1164 Burm.
2103 1112 2312 1181 („v1'dee
2340 1124 2399 1164 es

139 1178 487 1249 incogitantes·
532 1181 779 1233 Heinsius
834 1182 1124 1264 repositum
1178 1199 1244 1233 vo
1270 1183 1443 1234 ebat.“
1512 1179 1655 1234 Haec
1694 1182 1910 1235 Walter.
1947 1183 2016 1234 ad
2062 1182 2271 1233 Lueret.
2306 1184 2396 1247 m,

135 1250 253 1303 404.
321 1252 447 1303 Non
474 1250 663 1317 video,
696 1269 851 1321 quem
894 1251 1415 1320 ancogitanter;
1446 1279 1515 1295 —-
1555 1253 1961 1304 inconsiderate
2002 1251 2180 1303 dicere
2223 1252 2399 1304 debe-

138 1317 258 1382 bat3
292 1348 361 1358 —
397 1321 453 1371 id
482 1330 686 1371 tantum
718 1321 908 1383 doleo,
955 1322 1097 1392 quod
1139 1321 1363 1372 varietas
1411 1321 1660 1373 lectionis
1699 1337 1805 1372 non
1846 1321 1973 1373 satis
2025 1330 2265 1373 accurate
2308 1320 2398 1373 hie

138 1399 342 1441 enotata
374 1389 601 1441 videtur.
671 1392 729 1441 ln
760 1390 1000 1442 Mediceo
1024 1391 1166 1460 apud
1194 1390 1415 1474 Foggin.
1444 1390 1638 1459 legitur
1674 1390 1816 1441 vidit
1854 1425 1868 1442 .
1911 1404 1965 1441 et
2005 1390 2061 1453 l.,
2097 1391 2193 1441 sed
2218 1401 2399 1442 tram-

134 1457 234 1510 ἧκα
263 1460 485 1528 copula
522 1460 673 1511 videt
701 1473 758 1512 ee
780 1460 900 1511 cod.
930 1462 980 1516 1.
1006 1470 1063 1512 et
1088 1463 1140 1516 7.
1171 1461 1418 1513 editionis
1447 1459 1737 1512 diobolaris
1754 1498 1769 1525 ,
1799 1476 1936 1528 qnae
1968 1459 2211 1513 Vinariae
2239 1462 2396 1516 1826.

136 1528 359 1596 prodiit3
388 1538 669 1598 praeterea
692 1529 842 1582 videt
869 1529 1097 1599 optimus
1128 1532 1264 1583 Gud.
1302 1548 1416 1582 cum
1458 1529 1662 1595 Dorph.
1710 1530 1751 1580 1.
1796 1539 1852 1580 et
1890 1529 1981 1580 alt.
2019 1529 2082 1580 Li
2123 1548 2195 1589 s.;
2246 1530 2400 1582 videt

133 1596 319 1649 relicto
368 1597 513 1649 inter
555 1598 659 1650 hoc
698 1598 915 1650 verbum
950 1609 1005 1651 et
1047 1600 1286 1652 lacerum
1327 1599 1501 1668 spatio
1541 1600 1757 1660 Prinne-3
1803 1598 2028 1668 denique
2063 1549 2185 1651 ἕπε.
2225 1600 2395 1651 Burin.

139 1667 377 1719 lacerum
423 1668 593 1719 videt.
664 1669 845 1736 Itaque
881 1668 1157 1738 probabile
1198 1679 1280 1721 est
1316 1669 1594 1735 Virgilium
1635 1668 1909 1736 scripsisse
1955 1669 2103 1720 videt
2146 1680 2219 1719 et.
2291 1669 2397 1720 lam

136 1737 321 1804 copula
349 1749 409 1788 et
431 1737 683 1789 facillime
709 1736 882 1807 potuit
909 1738 1182 1790 absorberi
1216 1756 1520 1807 praegressa
1549 1737 1731 1789 eadem
1759 1737 1966 1806 syllaba
1983 1776 1997 1803 ,
2032 1737 2176 1805 qnod
2201 1737 2399 1789 factum

132 1815 212 1857 est
239 1806 577 1877 saepissime3
616 1807 719 1858 vid.
746 1807 1012 1870 Drakenb.
1058 1808 1128 1859 ad
1166 1807 1280 1860 Liv.
1324 1810 1566 1872 XXXV,
1601 1806 1689 1862 41.
1757 1813 1863 1859 Aut
1897 1808 1945 1857 si
1985 1806 2100 1876 quis
2145 1806 2399 1858 mendose

131 1876 962 2015 25:1⁵3·⁰{:‘q².3‘}?‘2,<..¹'553,052¹2.
985 1875 2398 2016 ⁶3223.“2.2‘.1“affiassstjssffoeffjfssffz

129 1984 471 2067 oblite’mtam
497 2014 797 2067 lectionem.
864 2015 1089 2067 Primum
1115 1985 1279 2084 paulo’
1300 2015 1600 2083 languidior
1627 2024 1710 2066 m
1744 2015 1877 2067 haec
1901 2013 2167 2086 ammeio
2207 2015 2398 2066 lania-

132 2096 244 2135 tum
270 2104 512 2156 corpore
540 2097 674 2148 toto,
711 2086 1024 2137 lacerum
1060 2104 1215 2146 στας
1252 2084 1570 2153 virgilianus
1598 2094 1784 2136 contra
1807 2101 1923 2136 mos
1952 2084 2005 2135 id
2037 2099 2396 2152 epexegeseos

128 2170 290 2221 genus
315 2152 572 2224 requirit,
609 2155 752 2223 quod
775 2154 1068 2206 adiunctam
1094 2155 1255 2207 habet
1278 2153 1549 2224 copulam3
1583 2154 1690 2206 vid.
1719 2156 1784 2217 Q.
1817 2156 1882 2206 V.
1916 2154 2177 2217 xxxm,
2209 2156 2261 2209 6.
2330 2155 2399 2204 Ει

126 2241 283 2292 quum
315 2242 406 2275 res
439 2239 577 2275 nova
609 2233 664 2274 et
688 2223 959 2275 horribilis
985 2235 1142 2293 atque
1171 2223 1274 2306 ipsi
1300 2231 1506 2276 Aeneae
1529 2233 1745 2307 praeter
1770 2222 2213 2293 exspectationem
2240 2221 2400 2274 obla-

126 2303 179 2344 ta
204 2294 293 2346 hic
321 2303 655 2363 exponatur,
690 2291 854 2344 multo
880 2294 1268 2345 convenientius
1298 2303 1380 2346 est
1441 2293 1675 2345 articulis
1705 2297 1783 2345 Ae
1822 2310 1891 2344 ue
1916 2293 2006 2344 Ιιίο
2033 2292 2087 2344 in
2133 2292 2232 2344 tali
2273 2309 2401 2343 ora-

126 2362 271 2415 tione
296 2365 579 2429 Praesens,
612 2380 765 2429 quam
790 2363 1116 2424 Perfectum3
1150 2363 1253 2416 vid.
1280 2366 1345 2427 Q.
1424 2400 1438 2414 .
1468 2365 1581 2427 vn,
1607 2365 1659 2417 2.
1686 2373 1742 2414 et
1807 2399 1821 2413 .
1850 2364 2051 2425 xxm,
2076 2363 2130 2417 3.
2159 2362 2444 2428 XXXVV

125 2434 208 2487 22.
278 2433 493 2485 Contra
530 2438 712 2514 Atque
738 2432 1065 2485 hic-vidie
1103 2432 1360 2485 sedatiori
1396 2441 1577 2502 aptum
1623 2441 1705 2484 est
1747 2431 2000 2500 loquendi
2035 2431 2233 2499 generi.
2306 2432 2401 2482 His

123 2513 297 2555 motus
333 2501 517 2556 causis
543 2501 687 2553 edidi
708 2502 883 2567 υἱάσι,
919 2514 990 2554 et.
1037 2504 1183 2569 Wr.)
1318 2501 1424 2557 496
1459 2519 1658 2554 manus
1692 2518 1744 2553 a.
1780 2500 1892 2552 sine
1920 2519 2025 2571 que
2052 2501 2188 2552 alter
2208 2501 2400 2554 Hamb.

123 2570 226 2629 498
262 2585 321 2625 et
344 2574 595 2626 vulnera
625 2573 679 2623 d.
704 2584 974 2642 tegentem
997 2571 1178 2625 laudat
1202 2575 1348 2626 Sel-V.
1373 2572 1440 2623 ad
1469 2572 1511 2636 1,
1538 2571 1638 2625 157
1677 2588 1746 2637 ex
1781 2570 2239 2636 interpretatione.
2310 2571 2399 2638 (ac

122 2643 249 2695 dira
273 2643 483 2695 Medic.
514 2658 599 2710 ap.
628 2641 849 2708 Foggin.
872 2650 926 2691 et
956 2641 1103 2709 Lips.
1144 2642 1267 2705 alt.;
1313 2658 1411 2693 nee
1447 2640 1663 2703 dubito,
1712 2640 1836 2708 quin
1871 2639 1948 2691 ita
1984 2638 2140 2690 etiam
2182 2639 2238 2690 in
2278 2638 2397 2690 aliis

122 2712 278 2764 codd.
305 2712 562 2781 legatur3
598 2723 654 2761 et
695 2712 822 2762 dira
856 2711 1063 2777 Fragm.
1103 2713 1227 2765 Vat.
1274 2719 1331 2762 et
1369 2709 1572 2775 Palae,
1618 2708 1806 2775 etiam,
1852 2717 1914 2759 ut
1958 2707 2197 2771 videtur,
2247 2709 2400 2761 Rom.

117 2781 244 2835 vid.
275 2784 347 2848 Q.
378 2783 454 2835 v.
480 2779 722 2847 xxxv,
745 2782 834 2836 ει.
878 2780 1023 2849 Wr.)

116 2922 353 2983 lectum
383 2967 405 3000 ,
479 2930 696 2982 nostro
763 2920 974 2981 saltem
1033 2940 1229 2997 sensu,

115 3009 472 3083 desideres,
532 3008 761 3067 nullam
819 3007 979 3067 enim
1026 3007 1230 3067 suavi-

113 3104 311 3157 tatem
341 3094 544 3155 habet
573 3092 786 3154 videre
824 3102 933 3152 aut
971 3095 1233 3172 cogitare

109 3180 441 3244 hominem
472 3179 756 3239 membris
785 3179 1095 3256 mutilatis,
1122 3184 1233 3241 λω.

112 3266 307 3350 βητὸν
340 3313 364 3346 ,
438 3259 1023 3347 η’κρωτηριασμένον
1044 3310 1062 3341 ,
1138 3264 1235 3327 αἰ-

107 3353 428 3419 κισθέντα
459 3396 483 3429 ,
559 3351 868 3430 insigniter
929 3360 1133 3410 tamen
1199 3369 1233 3407 a

107 3451 301 3521 poeta
354 3445 673 3500 ornatum.
760 3434 867 3518 (At
913 3446 1054 3517 post
1106 3435 1237 3495 He-

108 3536 356 3588 ctorem
400 3521 754 3603 Deiphobus
791 3522 1235 3602 praestantissi-

104 3635 251 3675 mus
326 3612 464 3673 fuit
532 3609 932 3668 Troianorum
958 3653 976 3684 ,
1052 3616 1237 3685 atque

105 3698 361 3760 Aeneae
390 3694 662 3770 amicus,
706 3703 779 3754 ut
812 3714 891 3753 ex
917 3694 978 3754 h.
1020 3693 1061 3754 l.
1102 3703 1163 3752 et
1202 3711 1237 3751 e

102 3785 543 3867 Lycophrone
586 3790 752 3861 patet
784 3823 802 3855 ,
858 3789 919 3840 et
968 3798 1001 3838 e
1045 3779 1235 3858 poetis

103 3893 285 3933 nune
318 3867 675 3949 deperditis
706 3866 951 3946 Virgilio
992 3864 1238 3925 notissi-

100 3981 287 4021 mum
336 3963 510 4017 erat.
595 3952 823 4012 Deinde
867 3954 1056 4012 satum
1096 3950 1239 4010 Dei-

101 4045 304 4127 phobi
337 4039 648 4123 egregiam
674 4039 753 4098 ad
779 4037 1239 4098 describendum

98 4142 334 4215 poetae
381 4125 620 4188 obtulit
650 4125 1038 4185 occasionem.
1123 4124 1241 4182 Le·-

99 4219 407 4280 ctoribus
448 4211 714 4293 denique
756 4211 877 4271 suis
902 4210 1068 4270 haec
1107 4210 1242 4290 pla-

95 4307 311 4366 citur·
351 4299 553 4360 scivit
582 4306 763 4377 poeta
797 4308 858 4358 et
889 4298 1086 4357 Tucca
1116 4296 1243 4355 Va-

93 4394 397 4471 riusque.
453 4384 665 4448 Ruhk.
776 4382 964 4444 Addit
1006 4384 1068 4442 in
1123 4382 1241 4441 mi-

1314 2938 1465 2982 nore
1491 2917 1755 2979 editione
1785 2916 2089 2997 Heynius:
2131 2916 2399 2993 „Verum

1317 3006 1395 3066 de
1457 3006 1719 3065 Helenae
1776 3002 2028 3085 perfidia
2089 3003 2402 3083 prodentis

1315 3092 1530 3152 urbem
1569 3090 1810 3150 Achivis
1853 3087 2120 3149 narratio
2151 3089 2405 3168 insigni-

1316 3186 1414 3237 ter
1459 3175 1909 3237 accommodata
1953 3182 2080 3235 erat
2117 3195 2406 3255 personae

1318 3262 1586 3339 Aeneae,
1647 3271 1709 3321 et
1750 3282 1860 3341 per
1905 3280 1966 3320 se
1998 3262 2402 3322 memorabilis

1320 3347 1796 3430 expositionique
1844 3346 2111 3427 poeticae
2164 3368 2405 3409 accom-

1273 3430 1287 3450 ⁰
1320 3435 1622 3495 modata.“
1681 3436 1786 3494 W
1775 3431 1858 3514 r.)
1960 3432 2081 3491 Sed
2141 3433 2408 3494 imitator

1318 3520 1572 3582 Homeri
1606 3518 1884 3597 Virgilius
1936 3528 2001 3578 et
2041 3517 2142 3577 hie
2185 3519 2408 3599 depre-

1320 3607 1639 3681 henditur,
1701 3606 1750 3664 si
1787 3604 1990 3665 locum
2031 3604 2108 3664 de
2151 3604 2407 3684 Agame-

1321 3693 1559 3753 mnonis
1580 3691 1792 3751 umbra
1820 3693 2090 3751 conferas
2113 3692 2328 3771 Odyss.
2354 3695 2407 3767 λ,

1323 3783 1452 3846 386
1496 3799 1623 3856 sqq.
1707 3776 2084 3857 Deiphobum
2110 3821 2126 3852 ‚
2205 3798 2241 3835 a
2283 3797 2406 3855 que

1321 3865 1549 3926 Helena
1584 3873 1722 3943 post
1746 3863 1977 3924 Paridis
2013 3871 2269 3922 mortem
2304 3881 2412 3923 seu

1323 3951 1588 4010 abducta
1617 3996 1634 4026 ,
1682 3969 1789 4008 seu
1833 3946 1932 4029 (ut
1972 3968 2066 4029 ap.
2113 3945 2408 4027 Lycophr.

1323 4058 1414 4097 vs.
1460 4039 1581 4102 168
1619 4056 1705 4113 sq.
1748 4033 1947 4095 Schol.
1991 4032 2070 4092 ad
2115 4033 2284 4093 Iliad.
2340 4056 2410 4109 ω,

1324 4123 1471 4189 251.
1539 4120 1846 4201 traditur)
1926 4141 2037 4199 pro
2111 4113 2413 4200 ἀριστείας

1323 4207 1589 4291 praemio
1612 4230 1645 4266 a
1668 4207 1903 4266 Priamo
1927 4212 2168 4284 accepta
2194 4204 2411 4280 suerat,

1324 4295 1392 4355 in
1435 4297 1563 4355 eins
1605 4292 1872 4354 thalamo
1916 4312 1952 4350 a
1990 4288 2260 4350 Menelao
2297 4311 2413 4371 op-

1327 4400 1600 4462 pressum
1688 4378 1870 4438 etiam
1952 4374 2158 4437 videas
2250 4376 2413 4458 apud
