2882 5028
843 375 1032 447 An
1146 372 1940 451 L1BRUM1
2324 388 2533 483 „227

237 562 338 623 vix
378 562 606 643 poesis.
704 563 941 623 Parum
984 562 1319 643 sapientem
1354 583 1687 644 parumque
1747 584 2011 645 gnavum
2060 575 2301 646 poetam
2351 567 2531 644 dicas,

234 650 336 727 qui
367 650 439 709 in
475 649 710 708 littore
739 648 958 709 ltaliae
1000 649 1272 725 obiecto,
1309 650 1477 727 quod
1505 651 1778 731 quotidie
1816 661 1910 713 tot
1959 653 2209 713 Romani
2245 653 2531 733 frequen-

235 745 478 811 tarent,
510 735 828 813 quodque
872 734 1028 795 adeo
1068 734 1446 810 notissimum
1485 746 1641 798 esset
1689 734 1854 818 (nam
1898 738 2072 798 aliter
2105 758 2202 799 res
2242 758 2303 797 se
2336 738 2529 799 habe-

235 830 333 881 ret
371 820 441 881 ιιι
478 821 707 899 ignota
754 817 1052 902 regione),
1110 819 1292 881 vellet
1332 821 1535 883 locum
1580 823 1831 902 fingere,
1887 824 1991 902 qui
2042 824 2317 904 nuspiam
2359 836 2527 901 esset,

238 915 301 967 et
325 916 583 967 tantum
606 906 745 966 hoc
765 925 980 986 agere,
1021 914 1095 968 ut
1134 904 1335 967 locum
1365 926 1444 968 ex
1474 907 1740 970 Homero
1779 908 1963 969 latine
1992 920 2311 972 convertei
2313 921 2387 972 et
2431 913 2530 972 Si-

243 993 371 1052 mili
394 992 658 1053 rat-ioue
687 990 1122 1072 Nympharum
1161 999 1404 1065 antrum
1443 994 1608 1073 apud
1646 993 1978 1056 Homerum
2019 996 2252 1076 poetica
2287 997 2527 1058 licentia

245 1079 514 1139 effictum
579 1078 782 1138 multi
839 1077 1125 1152 voluere3
1190 1086 1256 1140 at
1302 1076 1594 1140 habemus
1647 1079 2017 1142 Artemidori
2059 1080 2297 1161 Ephesii
2344 1084 2527 1144 fidem

243 1165 409 1244 apud
447 1162 778 1246 Porphyr.
812 1162 890 1224 de
924 1163 992 1223 A.
1019 1163 1092 1223 N.
1125 1182 1255 1243 cap.
1295 1166 1362 1239 4,
1401 1183 1535 1244 qun
1559 1175 1795 1229 constat
1832 1186 2044 1227 verum
2085 1166 2267 1228 huius
2300 1168 2527 1230 descri-

241 1251 470 1330 ptionis
510 1250 795 1313 fundum
827 1249 1030 1310 fuisse.
1117 1248 1302 1323 Quod
1324 1208 1652 1331 descriptio
1682 1271 1870 1332 porro
1902 1252 2023 1312 loci
2048 1273 2188 1315 cum
2216 1253 2338 1313 situ
2378 1276 2528 1335 por-

239 1345 347 1396 tm
378 1335 784 1416 Carthaginis
823 1354 1020 1397 novae
1056 1343 1122 1395 et
1163 1335 1488 1415 Neapoleos
1529 1337 1838 1414 convenit,
1880 1337 1949 1399 id
1988 1338 2208 1400 mirum
2248 1360 2375 1407 non
2417 1350 2527 1413 est,

238 1442 389 1481 mm
417 1423 770 1482 multorum
799 1429 1094 1501 portuum
1125 1420 1283 1483 idem
1316 1423 1468 1484 situs
1494 1422 1601 1497 sit,
1643 1423 1824 1502 idque
1866 1443 1979 1503 pro
2020 1426 2526 1504 praestantissimo

245 1508 431 1566 facile
454 1518 681 1588 portin
719 1525 944 1586 genere
965 1505 1297 1582 habeatur,
1346 1509 1515 1586 quod
1545 1508 1786 1570 obiectu
1818 1508 2049 1570 insulae
2089 1512 2373 1573 efficitur:
2415 1533 2526 1574 cu-

250 1593 526 1654 iusmodi
551 1592 812 1673 plurimi
845 1592 1171 1653 memorari
1197 1603 1455 1672 possunt
1474 1603 1709 1674 portus.
1750 1595 1911 1656 Talis
1934 1604 2067 1657 erat
2092 1596 2416 1672 Brundisii,
2451 1597 2527 1658 de

262 1697 395 1755 quo
424 1688 484 1739 v.
509 1680 733 1741 Lucan.
762 1678 842 1754 Π,
869 1682 1255 1754 <MS—621,
1281 1677 1696 1756 Alexandriae,
1724 1701 1785 1741 v.
1816 1681 1977 1741 Caes.
2007 1681 2074 1741 B.
2105 1682 2233 1742 eiv.
2259 1681 2359 1757 111,
2386 1687 2525 1749 112.

265 1763 507 1822 Manat
533 1767 741 1844 itaque
758 1808 778 1839 ,
823 1764 939 1824 etsi
978 1783 1145 1825 nunc
1189 1764 1505 1842 ignoratur
1531 1765 1751 1826 littoris
1788 1763 1971 1827 buius
1994 1767 2199 1846 Libyci
2238 1787 2384 1828 vera
2420 1788 2526 1830 ra-

261 1849 390 1924 tio,
428 1858 535 1909 ant
555 1852 885 1911 immutata
912 1859 1003 1909 est
1032 1850 1163 1909 eius
1187 1850 1364 1911 facies
1395 1852 1774 1914 naturalibus
1807 1851 1887 1912 de
1923 1852 2173 1928 caussis,
2214 1852 2525 1932 Virgilium

251 1945 464 1995 tamen
490 1937 625 1997 veri
666 1935 790 1995 loci
826 1936 1008 1996 situm
1052 1935 1875 2016 adumbmsse‚·quamquam
1918 1937 2143 1998 additis
2178 1939 2341 2000 sorte
2368 1961 2523 1999 non-

247 2021 478 2095 nuliis,
525 2040 691 2101 quae
724 2020 805 2081 ad
832 2021 1128 2101 poeticam
1158 2023 1580 2085 amoenitatem
1605 2032 1667 2084 et
1689 2034 1974 2086 ornatum
1999 2025 2298 2101 ἴασαι-επις
2338 2025 2523 2104 quod,

247 2117 327 2167 ut
347 2116 570 2188 poeta,
612 2119 785 2168 recte
801 2108 1000 2168 faeere
1024 2108 1244 2186 potuit.

427 2193 636 2272 Atque
670 2192 823 2251 haec
860 2212 941 2253 ue
977 2193 1212 2272 Virgilii
1248 2193 1431 2272 magis
1480 2193 1686 2257 studio
1715 2214 1894 2272 quam
1937 2194 2134 2293 aliqua
2159 2194 2292 2256 veri
2332 2195 2523 2274 specie

256 2278 547 2340 arbitrari
597 2279 956 2355 videamur,
1034 2280 1363 2352 Shavium,
1425 2278 1843 2340 doctissimum
1903 2279 2139 2359 virum„
2214 2289 2524 2342 auctorem

259 2364 512 2425 laudare
567 2384 929 2445 possumus,
980 2365 1102 2464 ‘qui
1147 2365 1399 2427 similem
1449 2364 1511 2424 in
1560 2362 2033 2444 Canhaginiensi
2074 2367 2283 2428 littore
2323 2366 2524 2427 locum

255 2449 738 2531 deprehendisse
785 2451 898 2510 sibi
935 2448 1102 2511 visus
1151 2450 1413 2511 est.1n
1466 2451 1772 2514 Tunitano
1809 2450 1980 2526 sinu,
2039 2452 2106 2513 ιιι
2144 2471 2267 2531 quo
2310 2452 2522 2511 eodem

253 2537 567 2618 Carthago
605 2538 757 2597 olim
789 2538 906 2598 suit
946 2536 1094 2613 sita,
1138 2537 1297 2598 inter
1342 2536 1760 2616 promontoiia
1793 2537 2083 2616 Apollinis
2119 2547 2183 2599 et
2220 2537 2522 2613 Mercurii,
2562 2547 2577 2556 ”

249 2644 525 2702 quorum
568 2623 697 2684 boe
737 2623 1016 2701 quidem,
1058 2641 1226 2686 nunc
1273 2623 1407 2700 Cap
1447 2624 1627 2696 Bon,
1676 2623 1752 2684 ab
1800 2623 2075 2698 Oriente,
2132 2622 2319 2697 illud,
2362 2644 2522 2685 nunc

254 2711 396 2788 Cap
430 2709 656 2770 abab
678 2709 781 2770 vel
813 2707 1047 2783 Zebihi,
1091 2708 1168 2767 ab
1198 2708 1558 2783 Occidente,
1603 2708 1803 2770 sinum
1828 2705 2090 2783 claudit,
2146 2708 2210 2767 in
2256 2707 2378 2768 hoc
2402 2709 2523 2768 ita-

260 2814 383 2871 que
416 2797 588 2870 sinu,
651 2795 827 2856 cuius
868 2816 936 2854 os
974 2794 1135 2855 inter
1172 2794 1295 2856 duo
1333 2794 1753 2874 promontoria
1792 2794 2075 2855 undecim
2112 2794 2309 2856 leucas
2341 2802 2522 2873 patet,

265 2899 454 2957 supra
491 2883 811 2956 Minium,
857 2899 1068 2942 versus
1110 2880 1596 2961 promontorium
1632 2879 1915 2942 Mercurii
1933 2924 1952 2955 ,
2009 2895 2117 2942 seu
2160 2877 2524 2941 Hermaeum

268 2963 440 3044 (Cap
479 2965 645 3048 Bon)
706 2966 936 3028 circum
976 2985 1048 3024 ea
1089 2967 1256 3041 loca,
1302 2967 1374 3026 in
1405 2965 1629 3045 quibus
1660 2967 1993 3046 Aquilaria
2042 2963 2183 3026 olim
2220 2963 2337 3026 suit
2388 2965 2521 3041 sita,

269 3048 465 3130 (nunc
481 3054 656 3113 vicus
679 3051 1074 3113 Lamban-ah
1094 3097 1113 3127 ,
1141 3051 1260 3131 'qui
1284 3071 1469 3114 unam
1493 3058 1730 3112 tantum
1774 3052 2006 3112 leucam
2020 3065 2066 3112 ιι
2104 3050 2522 3131 promontorio

265 3136 374 3196 illo
394 3138 588 3220 abest)
616 3159 653 3198 a
675 3138 885 3198 littore
910 3136 1054 3200 inde
1087 3157 1275 3217 usque
1318 3137 1399 3200 ad
1426 3138 1630 3201 vicum
1667 3135 1835 3200 hunc
1859 3156 2031 3200 mons
2066 3137 2375 3217 procedit,
2419 3139 2521 3215 qui

259 3230 432 3283 totus
458 3224 714 3283 effossus
741 3233 804 3283 et
830 3233 1194 3298 excavatus,
1238 3245 1272 3282 a
1315 3223 1468 3283 mari
1505 3223 1648 3286 inde
1689 3222 1769 3284 ad
1815 3223 2018 3288 vicum
2056 3222 2172 3286 iter
2209 3223 2522 3284 subterra-

257 3328 443 3370 neum
490 3310 764 3389 praebet.
849 3310 1022 3369 Patet
1067 3310 1227 3369 enim
1269 3309 1399 3384 via,
1458 3309 1537 3368 ad
1571 3308 1835 3370 cuniculi
1863 3309 2144 3389 speciem,
2190 3329 2224 3366 a
2272 3310 2401 3368 solo
2444 3308 2523 3368 ad

254 3397 552 3454 verticem
603 3395 686 3454 ad
724 3395 938 3476 viginti
971 3395 1070 3455 vel
1108 3395 1356 3475 triginta
1403 3396 1612 3475 pedes,
1655 3385 1882 3454 relictis
1928 3415 2038 3474 per
2079 3394 2394 3454 intervalla
2444 3393 2523 3453 ad

262 3483 485 3540 montis
525 3482 751 3541 molem
784 3482 1238 3541 sustentandam
1288 3481 1584 3541 columnis
1619 3489 1683 3539 et
1725 3480 1983 3540 arcubus
2016 3498 2120 3539 seu
2162 3479 2522 3555 fornicibus;

265 3566 648 3644 spiramentis
685 3567 868 3626 etiam
894 3568 1114 3646 passim
1144 3587 1247 3626 aer
1273 3576 1336 3626 et
1359 3568 1593 3642 coelum
1620 3567 1877 3646 desuper
1900 3564 2263 3625 admittitur.
2319 3565 2522 3625 Fuisse

264 3650 381 3709 has
406 3653 760 3734 lapicidinas
782 3654 1069 3716 Straboni
1088 3653 1275 3730 XVII,
1318 3673 1378 3733 p.
1415 3657 1602 3728 1191,
1645 3651 1715 3711 A.
1755 3659 2281 3726 commemoratas,
2326 3652 2521 3732 suspi-

264 3746 443 3798 catur
475 3739 641 3798 idem
677 3739 984 3812 Shaviaem
1037 3748 1233 3814 recte,
1281 3758 1396 3802 uec
1413 3756 1526 3816 ne,
1568 3757 1736 3802 nunc
1759 3757 1884 3804 non
1913 3736 2317 3817 disputamus5
2358 3737 2522 3797 unde

260 3824 599 3904 Carthago,
645 3824 849 3899 Utica,
891 3834 953 3884 et
981 3825 1131 3884 aliae
1152 3824 1385 3886 vicinae
1408 3823 1590 3883 urbes
1624 3823 1936 3883 materiam
1971 3831 2261 3903 peterent.
2350 3822 2522 3882 Mons

261 3911 391 3989 ipse
421 3912 576 3971 silva
605 3910 856 3970 obsitus.
943 3909 1126 3971 Antri
1154 3910 1308 3972 ostia
1338 3929 1550 3971 versus
1580 3928 1746 3971 mare
1770 3918 2018 3989 patent,
2059 3908 2248 3985 iisque
2288 3908 2520 3968 obiecta

262 4009 355 4056 est
398 3996 762 4076 Aegimurus
806 3995 1003 4056 insula
1045 3993 1149 4077 (de
1193 4017 1312 4076 qua
1365 4016 1496 4075 sup.
1541 3995 1620 4054 ad
1656 4016 1716 4055 v.
1763 3998 1976 4061 108-
2006 3999 2174 4066 112).
2262 3994 2327 4054 ln
2360 3995 2523 4054 antri

267 4084 438 4143 aditu
464 4084 666 4143 sontes
692 4084 928 4162 aliquot
950 4082 1115 4142 inter
1154 4101 1335 4161 rupes
1362 4090 1802 4161 prorumpunt5
1841 4081 1907 4140 in
1947 4087 2272 4160 prospectu
2304 4081 2521 4159 passim

269 4168 476 4227 sedilia
504 4188 540 4228 e
573 4169 719 4230 vivo
759 4190 914 4229 saxo
933 4211 952 4244 ,
1013 4168 1231 4245 quibus
1252 4187 1473 4248 operae
1508 4167 1654 4226 olim
1683 4174 2105 4247 pepercerant,
2151 4164 2298 4225 dum
2328 4174 2520 4224 cetera

273 4253 629 4318 exciderent.
729 4257 925 4317 Hunc
977 4254 1176 4313 locum
1232 4254 1435 4332 itaque
1487 4253 1755 4313 Shavius
1800 4249 2084 4333 (stavela
2140 4271 2201 4330 p.
2244 4251 2384 4314 169.
2447 4252 2520 4310 cl.

278 4357 533 4421 mappam
565 4364 763 4426 geogr.
795 4340 882 4402 ad
920 4337 1176 4421 p.146)
1215 4349 1428 4421 poetae
1472 4348 1616 4399 ante
1643 4338 1849 4399 oculos
1878 4338 2058 4398 fuisse
2096 4356 2221 4395 non
2263 4333 2525 4413 dubitat,

272 4424 402 4492 dnm
429 4431 622 4496 locum
651 4424 1094 4498 describebat,
1137 4424 1214 4486 ad
1255 4445 1434 4504 quem
1463 4424 1688 4484 Aeneas
1714 4424 1965 4504 appulit.
2049 4420 2350 4482 Videntur
2382 4440 2525 4482 sane

1942 4521 2111 4593 15*
