2882 5028
555 375 1218 454 AENEIDOS
1266 378 1480 459 LIB.
1533 378 1594 471 1,
1648 381 2088 457 243—249

2314 386 2461 458 116

193 566 445 653 Troia;
496 586 738 637 nunc
780 562 1108 664 placida
1140 577 1570 663 conpostus
1601 588 1798 664 pace
1833 565 2199 666 quiescit:

286 707 444 779 249.
500 722 918 790 Qmscrr.

314 907 417 963 249
457 910 672 960 Troica
695 916 816 959 tres
839 923 930 976 ap.
957 907 1131 958 Burin.
1201 924 1321 959 cum
1339 905 1568 980 placida
1590 924 1639 960 c.
1669 926 1728 980 p.
1757 908 1964 977 quievit
1994 907 2202 979 Meuag.
2230 908 2386 963 alter.

189 1063 436 1124 ductum
488 1085 623 1124 esse
675 1065 925 1125 volunt.
1001 1084 1291 1145 armaque

169 1150 318 1223 fixit
349 1154 563 1225 noia,
603 1170 758 1230 pace
786 1172 868 1211 sc.
898 1161 959 1210 et
985 1151 1291 1228 tranquil-

185 1236 244 1294 lo
267 1237 394 1295 otio
422 1247 636 1315 part03
681 1237 854 1314 quod
888 1238 1061 1296 suavi
1083 1257 1290 1295 rerum

183 1321 437 1401 imagine
483 1321 802 1397 reddidit,
843 1325 1037 1403 petita
1065 1321 1170 1384 ina
1214 1322 1289 1380 ab

184 1407 283 1482 iis,
328 1407 438 1485 qni
480 1407 713 1468 militia
756 1408 922 1468 missi
965 1428 1131 1467 arma
1180 1428 1291 1467 su-

186 1493 560 1573 menda-ent
591 1503 658 1553 et
689 1493 964 1572 figerent.
1009 1495 1084 1553 cf.
1105 1494 1289 1553 Pom-

189 1598 325 1658 pon.
351 1580 496 1638 Sab.
530 1579 615 1638 ad
641 1579 706 1638 h.
737 1580 776 1638 l.
822 1582 1016 1639 Nune
1030 1581 1289 1657 placida

193 1678 533 1743 compostus
580 1685 747 1744 pace
796 1670 1047 1745 quiescit
1063 1690 1083 1722 .-
1155 1673 1288 1743 'quo

195 1770 365 1809 senisu
400 1749 561 1810 haec
601 1751 771 1810 dicta
812 1751 963 1826 sint,
1008 1750 1289 1810 dubitare

197 1835 356 1912 licet3
400 1845 512 1896 aut
548 1836 716 1896 enim
744 1837 819 1894 de
842 1846 1041 1896 morte
1075 1844 1184 1895 aut
1213 1836 1288 1895 de

195 1923 315 1981 otio
345 1932 411 1982 et
435 1921 909 2001 tranquillitate,
942 1942 1061 2001 qua
1092 1922 1287 1983 Ante-

194 2027 305 2067 nor
323 2008 627 2087 reliquam
650 2009 850 2067 vitam
882 2009 1094 2089 exegit,
1126 2008 1285 2066 acci-

194 2095 250 2173 pi
271 2104 501 2174 potest3
545 2095 615 2154 in
641 2102 907 2171 utroque
928 2103 1126 2154 tamen
1143 2094 1285 2153 duri

199 2180 418 2258 {liquid
444 2181 634 2239 ine-t.
679 2183 840 2238 Sane
868 2185 1150 2259 componi
1173 2181 1284 2239 ab-

150 2291 160 2298 ·
197 2266 381 2326 solute
407 2266 646 2326 mortui
677 2264 990 2342 dicuntur,
1015 2276 1079 2325 et
1100 2265 1285 2325 iidem

197 2357 500 2431 qm'escere.
545 2351 661 2411 inc
691 2352 804 2428 IX,
834 2350 961 2417 445
993 2352 1286 2431 placida-

192 2458 302 2517 que
326 2435 416 2497 ihi
425 2439 684 2496 demam
713 2448 897 2496 morie
911 2441 1155 2517 quievit.
1184 2437 1286 2513 Vl,

190 2528 306 2589 821
353 2524 620 2584 Sedffim
659 2535 732 2581 ut
769 2525 984 2582 saltem
1019 2524 1290 2603 placidis

192 2612 251 2668 in
271 2624 459 2670 morte
482 2612 827 2692 quiescam.
921 2609 1165 2669 Veneris
1189 2618 1287 2668 ta-

193 2714 318 2756 men
349 2696 636 2768 consilio,
683 2694 834 2754 dum
861 2693 1093 2754 Aeneae
1123 2696 1288 2754 cala-

191 2783 501 2843 unitatibus
588 2781 926 2841 Antenoris
987 2782 1294 2841 fortunam

191 2870 517 2929 secundam
566 2885 932 2945 comparare
967 2867 1135 2943 vult,
1177 2888 1292 2947 pa·—

189 2972 328 3013 rum
358 2954 746 3026 conveniret,
777 2950 1100 3011 Antenoris
1128 2974 1291 3012 mor*-

187 3051 304 3097 tem
337 3041 682 3119 placidam
710 3038 992 3116 laudare3
1037 3041 1116 3098 At
1140 3039 1190 3097 si
1217 3037 1292 3097 de

177 3127 406 3205 quietis
453 3126 716 3186 sedibus
734 3168 752 3198 ‚
798 3124 979 3184 rebus
1020 3125 1289 3203 placatis,

170 3214 306 3273 vita
335 3210 692 3291 tranquilla
723 3209 952 3288 agitur,
997 3218 1124 3269 tum
1168 3211 1291 3271 sere

157 3320 260 3358 m
292 3301 690 3378 compositae
717 3304 1290 3372 memorantur‚non

157 3388 300 3463 ipsi
327 3387 619 3446 homines
634 3406 662 3454 ;
709 3390 816 3440 aut
844 3382 895 3441 si
907 3380 1026 3441 hoc
1050 3381 1142 3457 fit,
1156 3390 1288 3442 tum

150 3472 491 3533 adiectum
521 3467 760 3547 aliquid
787 3467 1022 3527 videas:
1061 3469 1151 3526 ad
1162 3488 1285 3547 pa-

152 3576 330 3633 cem,
383 3558 480 3617 ad
508 3555 883 3614 mdeetiam
909 3563 1021 3613 etc.
1091 3552 1313 3632 Atque„

155 3643 254 3702 ita
277 3646 476 3705 etiam
493 3640 561 3701 in
590 3641 668 3701 iis
684 3639 832 3720 ipsis
853 3638 1004 3699 locis
1028 3637 1118 3715 fit,
1141 3656 1293 3718 quae

153 3726 227 3788 h.
265 3730 316 3791 L
348 3751 382 3789 a
413 3731 786 3790 Eun-manno
812 3724 1159 3785 laudantur.
1186 3725 1293 3784 Di-

157 3816 444 3878 eandum
476 3816 713 3892 itaque,
758 3819 868 3870 aut
896 3818 1133 3893 poetam
1156 3807 1219 3870 h.
1250 3810 1294 3871 l.

164 3908 587 3983 canpe-sumn
640 3916 808 3958 novo
862 3896 1136 3976 exemplo
1181 3895 1293 3956 ad-

164 3984 450 4049 hssuisse
466 4035 484 4063 ‚
546 3995 625 4047 ut
678 3992 745 4043 et
787 4002 928 4044 voc.
982 3986 1292 4062 quiescere,

169 4090 311 4152 pro,
356 4077 559 4137 vit-m
586 4071 796 4152 quiete
822 4068 1096 4149 exigere3
1120 4068 1291 4145 quie-

170 4162 290 4221 seit
326 4162 506 4222 rebus
548 4156 918 4237 compositis
938 4196 958 4228 ‚
1031 4151 1293 4232 adeoque

165 4250 381 4331 etipse
417 4246 808 4327 compositus
823 4263 852 4314 ,⁰
908 4244 1022 4296 aut
1048 4257 1294 4299 manen-

169 4333 315 4395 dum
349 4337 417 4397 in
445 4336 664 4418 priore
709 4321 1106 4421 significatu:
1146 4332 1220 4384 ut
1259 4344 1296 4384 a

164 4408 1292 4504 Veaminterpositumhocat,tran-

1373 1065 1734 1145 quillitatem
1777 1064 2073 1126 Antenori
2116 1067 2198 1126 ad
2249 1076 2455 1128 extre-

1373 1172 1535 1212 mam
1560 1171 1750 1231 usque
1780 1152 1969 1211 vitam
1992 1153 2322 1233 contigisse.
2363 1155 2456 1214 Ita

1368 1260 1527 1315 pace
1557 1259 1670 1317 pro
1699 1247 1914 1297 morte.
2005 1235 2158 1318 (Vas.
2195 1238 2339 1305 245.
2368 1260 2455 1318 sq.

1373 1317 1723 1405 παράβασις
1779 1342 1904 1381 non
1969 1322 2297 1383 admodum
2354 1321 2456 1388 εὔ·-

1372 1432 1616 1490 καιρος,
1671 1416 1747 1469 ut
1805 1408 1988 1468 sensit
2041 1409 2326 1488 Ursinus,
2393 1420 2457 1470 et

1371 1494 1570 1574 Heyn.
1614 1494 1677 1554 iu
1713 1495 1860 1558 Exc.
1903 1494 1983 1553 ad
2024 1492 2086 1556 h.
2130 1496 2170 1556 l.
2243 1497 2455 1556 Cetera

1371 1579 1644 1659 Heynius
1715 1580 1868 1639 bene
1939 1580 2276 1660 expedivit3
2346 1583 2454 1642 aed

1371 1665 1560 1726 verba
1598 1666 1861 1744 placida
1916 1679 2253 1743 compostus
2293 1688 2455 1746 pace

1373 1754 1623 1832 quiescit
1647 1759 1719 1810 ut
1744 1750 1821 1810 de
1850 1761 2049 1811 morte
2075 1752 2452 1831 accipiamus,

1371 1836 1620 1896 videtur
1652 1837 1842 1897 totius
1881 1837 2170 1897 orationis
2197 1838 2364 1898 color
2395 1847 2455 1899 et

1368 1921 1614 1982 habitus
1656 1922 1996 1983 admonere.
2082 1924 2232 1983 Nam
2265 1943 2452 2004 quum

1367 2008 1536 2089 pacis
1561 2007 1782 2087 otiique
1796 2008 2285 2087 significationem
2301 2029 2453 2070 con-

1368 2095 1606 2153 tineant
1654 2114 1773 2154 vss.
1827 2095 2284 2174 praecedentes,
2329 2114 2453 2155 non

1367 2181 1598 2260 poterit
1640 2178 1786 2239 huic
1819 2200 2024 2240 rerum
2072 2180 2258 2241 statui
2292 2177 2449 2241 idem

1369 2264 1596 2345 opponi
1622 2279 1733 2344 per
1770 2263 1945 2341 niano,
1983 2277 2326 2347 temporum
2355 2287 2453 2326 re-

1367 2370 1627 2430 rumque
1678 2351 2090 2411 diversitatem
2147 2353 2451 2433 quandam

1365 2437 1658 2497 indicans.
1736 2437 1927 2497 Porro
1951 2436 2071 2499 hoc
2102 2437 2308 2499 deerat
2338 2436 2451 2499 ab—

1368 2522 1764 2585 solutissimae
1785 2523 2080 2585 selicitatis
2104 2525 2361 2605 imagini,
2378 2536 2454 2586 ut

1368 2609 1538 2669 hunc
1575 2628 1782 2668 rerum
1808 2628 2053 2670 suarum
2079 2629 2322 2672 cursum
2344 2633 2452 2672 us-

1369 2715 1486 2774 que
1518 2694 1597 2753 ad
1622 2694 1811 2773 ipsius
1834 2704 2093 2754 mortem
2120 2696 2303 2754 fuisse
2332 2697 2453 2757 Ve-

1373 2801 1492 2841 nus
1521 2780 1763 2838 diceret.
1849 2779 2051 2857 Neque
2078 2780 2340 2840 absurda
2378 2782 2455 2841 de

1374 2875 1575 2926 morte
1609 2865 1935 2924 Antenoris
1968 2866 2229 2943 mentio,
2268 2886 2454 2946 quum

1376 2952 1452 3011 ab
1503 2951 1634 3031 ipso
1677 2949 1943 3010 Homero
1987 2950 2149 3011 inter
2193 2953 2454 3013 seniores

1376 3038 1669 3097 Troianos
1734 3045 2103 3100 memoretur
2162 3036 2453 3100 Antenor.

1375 3123 1548 3183 Paci
1565 3143 1594 3182 s
1619 3131 1822 3182 autem
1848 3123 2211 3184 vocabulum
2237 3144 2453 3203 quam-

1374 3229 1557 3290 quam
1597 3208 1789 3268 solum
1828 3227 1940 3289 per
1965 3228 2029 3269 se
2064 3229 2189 3269 non
2221 3210 2453 3290 signifi-

1375 3304 1473 3355 cat
1513 3295 1742 3356 mortui
1790 3296 2085 3375 quietem,
2129 3305 2333 3355 tamen
2386 3296 2453 3356 in

1372 3380 1491 3441 hac
1519 3380 1806 3440 orationis
1834 3379 2263 3462 compositione
2288 3390 2455 3441 recte

1370 3468 1459 3528 ita
1492 3466 1680 3547 accipi
1704 3467 1945 3546 poterit.
2030 3468 2312 3528 Ceterum
2324 3469 2456 3526 Hie

1370 3573 1461 3614 vs.
1474 3555 1617 3617 247.
1633 3560 1794 3612 recte
1805 3551 2077 3633 Heynius
2100 3552 2456 3613 adverbium

1376 3656 1502 3698 esse
1534 3637 1778 3715 statuit3
1822 3639 2015 3698 aliena
2040 3638 2198 3698 enim
2226 3638 2302 3697 ab
2325 3637 2389 3699 h.
2413 3638 2453 3699 l.

1373 3723 1803 3807 pronominum
1840 3723 1942 3783 hic
1971 3725 2074 3783 ille
2104 3724 2456 3786 iunctorum

1372 3811 1554 3885 ratio,
1584 3809 1660 3868 de
1688 3829 1808 3888 qua
1835 3809 2087 3890 exposui
2112 3810 2190 3885 Q.
2215 3809 2288 3870 V.
2312 3811 2456 3887 XX,

1376 3900 1436 3962 8.
1506 3899 1735 3955 Tamen
1772 3905 1976 3955 autem
2016 3915 2150 3955 rem
2193 3895 2457 3975 quodam

1374 3981 1560 4042 modo
1593 3989 1898 4058 extenuat,
1928 3980 2335 4061 significatque
2362 3983 2457 4041 fe-

1374 4086 1443 4127 re
1482 4068 1522 4128 i.
1555 4084 1613 4146 q.
1643 4068 1900 4139 saltem3
1939 4066 2069 4128 vid.
2110 4067 2180 4128 V.
2218 4066 2284 4130 L.
2330 4067 2456 4128 Ecl.

1374 4153 1457 4229 X,
1483 4157 1587 4219 31.
1631 4154 2040 4233 opponuntur
2068 4162 2271 4214 autem
2306 4150 2459 4211 haec

1374 4238 1650 4305 versibus
1689 4239 2004 4323 2503sqq.
2048 4239 2153 4314 ita,
2203 4247 2279 4298 ut
2306 4234 2459 4297 haec

1374 4323 1635 4408 prodeat
1692 4324 2010 4384 sententia:
2076 4323 2185 4384 me
2246 4321 2456 4383 saltem

1376 4419 1606 4471 certam
1633 4408 1836 4470 sedem
1849 4406 2084 4469 invenit
2107 4405 2457 4469 Patavium—

1920 4508 2046 4580 Β*
