2882 5028
574 344 1199 420 AENEIDOS
1251 348 1462 430 LIB.
1510 348 1611 439 11,
1671 353 2102 430 123—137
2317 360 2464 434 287

136 533 451 610 Unius
488 532 573 605 in
604 531 876 606 miseri
914 532 1235 609 exitium
1273 556 1653 611 conversa
1683 536 1962 617 tulere.

138 640 539 735 Iamque
578 634 752 710 dies
783 632 1105 711 infanda
1135 636 1440 716 aderat:
1494 639 1696 715 mihi
1724 665 1940 718 sacra
1969 644 2246 742 parari,

151 744 290 816 Et
320 739 588 815 salsae
622 735 929 836 fruges,
985 752 1065 814 et
1102 740 1401 822 circum
1434 754 1806 844 tempora
1833 746 2091 825 vittae.

150 844 518 944 Eripui‚
575 840 872 934 fateor,
925 842 1087 917 leto
1123 869 1296 939 me,
1353 860 1432 920 et
1465 847 1773 924 vincula
1807 850 2031 951 rupi3

153 950 700 1048 Limosoque
745 945 922 1022 lacu
956 971 1103 1046 per
1128 962 1456 1024 noctem
1491 949 1879 1026 obscurus
1906 952 1987 1026 in
2015 951 2193 1027 ulva

157 1050 542 1145 Delum,
599 1049 797 1128 dum
833 1048 1009 1125 vela
1044 1049 1350 1149 darent,
1401 1054 1465 1127 si
1494 1052 1710 1131 sorte
1746 1055 2173 1134 dedissent.

173 1160 363 1231 Nec
421 1154 627 1230 mihi
666 1154 820 1228 iam
861 1155 1200 1255 patriam
1243 1157 1653 1259 antiquam
1694 1183 1875 1260 spes
1912 1158 2073 1235 ulla
2112 1157 2463 1255 videndi,

301 1284 482 1356 136.
540 1296 778 1371 ms,
828 1294 1141 1350 DARENT
1177 1295 1248 1351 s1
1280 1299 1579 1375 roan,
1623 1299 1695 1356 n.

2318 958 2466 1034 135

340 1467 448 1521 132
485 1470 568 1517 Er
610 1485 641 1517 ο
668 1464 786 1517 dies
809 1484 894 1534 ap.
926 1464 1153 1517 Nonium
1176 1467 1229 1518 in
1260 1466 1410 1534 dies,
1458 1470 1555 1521 sed
1602 1488 1652 1522 v.
1695 1466 1877 1520 Heius.
1915 1468 1984 1520 ad
2021 1467 2173 1521 ovid.
2215 1470 2289 1520 111
2331 1470 2463 1520 Met.

200 1536 317 1591 519.
352 1536 483 1587 dies
506 1485 719 1606 inJesta
745 1529 910 1586 Goth.
935 1544 1066 1586 tert.
1094 1550 1379 1608 parantur
1409 1539 1573 1592 Goth.
1612 1557 1694 1609 pr.
1836 1537 1941 1593 134
1974 1539 2086 1590 leto
2115 1537 2313 1621 fateor
2350 1549 2463 1590 tres

200 1625 278 1676 sp.
307 1608 490 1656 Burm.
508 1605 707 1675 fateor
736 1624 819 1655 me
846 1605 958 1656 leto
989 1604 1091 1656 duo
1122 1606 1250 1658 ibid.
1394 1611 1493 1665 135
1530 1609 1688 1661 lacus
1727 1607 1891 1659 Goth.
1930 1627 2010 1677 pr.
2080 1612 2166 1661 Sic
2206 1608 2327 1659 deb.
2365 1608 2463 1658 Li·-

203 1693 447 1745 mosaque
476 1675 719 1726 lacus-
739 1674 904 1738 ulva,
940 1674 1080 1743 quod
1109 1674 1402 1730 imitatione
1431 1697 1493 1729 ex
1532 1695 1731 1729 ressum
1800 1686 1947 1729 utare
1977 1678 2151 1745 possis
2185 1696 2216 1730 a
2251 1678 2463 1729 Lucano

204 1745 248 1796 iu
277 1755 412 1796 note
439 1743 565 1794 illo:
601 1743 786 1794 Exsul
805 1744 1000 1795 limosa
1028 1747 1246 1798 Marius
1274 1761 1440 1819 caput
1467 1767 1502 1798 a
1538 1748 1680 1799 didit
1712 1765 1745 1796 u
1772 1765 1844 1797 να
1861 1785 1876 1811 ,
1913 1748 1974 1808 ΙῘ,
2008 1748 2094 1799 70.
2238 1747 2341 1800 136
2373 1747 2463 1797 di-

207 1816 329 1867 !ieui
355 1815 574 1896 Menag.
601 1812 694 1863 alt.
732 1813 894 1864 daret
923 1814 1107 1882 fragm.
1136 1816 1327 1868 Μαι-εἰ.
1364 1820 1417 1870 si
1436 1815 1601 1888 sorte
1628 1816 1846 1867 tulisset
1878 1814 2016 1866 alter
2050 1815 2268 1879 Hamb.,
2303 1814 2464 1869 solita

203 1884 494 1936 variatione
524 1901 577 1934 m
603 1881 709 1934 hoc
728 1884 921 1943 νει-δας
956 1882 1055 1934 nisi
1083 1898 1268 1954 putes:
1304 1887 1357 1937 si
1377 1884 1515 1956 sata
1541 1884 1821 1937 tulissent.
1890 1889 2108 1948 Sensum
2137 1884 2463 1936 commodum

207 1954 369 2005 versui
395 1951 606 2004 subieci
630 1951 1051 2018 interpunctione
1076 1965 1274 2006 mutata
1297 1974 1308 2005 τ
1359 1966 1416 2006 ut
1439 1955 1541 2022 sit,
1576 1955 1705 2007 dum
1727 1953 1852 2005 vela
1882 1954 2193 2017 dedissent,
2229 1956 2282 2005 si
2301 1951 2464 2024 sorte

208 2024 412 2075 darent.
487 2021 667 2090 Vulgo
702 2021 982 2090 legebatur
1004 2021 1175 2075 ieiune
1211 2035 1266 2076 et
1291 2024 1650 2087 incommode3
1687 2025 1816 2075 dum
1845 2023 1974 2075 vela
1987 2023 2207 2088 darent,
2242 2021 2463 2094 ciforte

211 2093 496 2145 dedissent.
569 2090 742 2142 Multa
769 2101 1077 2159 argutantur
1100 2094 1309 2145 Servius
1337 2104 1392 2145 et
1420 2096 1686 2155 Donatus3
1731 2091 1894 2158 nihil,
1946 2092 2089 2162 quod
2127 2092 2195 2144 ad
2229 2110 2341 2144 rem
2371 2094 2460 2145 fa-

213 2161 320 2214 ciat.
382 2165 573 2229 Itaque
604 2161 863 2211 malebam
893 2162 1176 2230 suspicari,
1209 2182 1417 2215 versum
1445 2163 1841 2232 imperfectum:
1889 2162 2132 2227 Delitm',
2177 2162 2304 2214 dum
2336 2163 2463 2215 vela

218 2232 425 2292 darent,
461 2232 529 2282 ab
566 2230 746 2281 aliena
770 2248 926 2282 manu
955 2231 1088 2283 male
1114 2251 1230 2285 esse
1254 2233 1575 2302 suppletum.
1646 2234 1867 2302 (Mutata
1904 2232 1972 2282 ab
2018 2231 2461 2300 Heyuiodistin·

218 2300 377 2353 ctione
406 2301 457 2352 id
494 2299 758 2362 efficitur,
814 2310 874 2350 ut
903 2319 1142 2354 numeros
1180 2303 1468 2356 habeamus
1504 2319 1613 2355 nou
1649 2302 1779 2354 satis
1824 2301 2109 2369 elegantes.
2178 2302 2285 2353 Sed
2323 2302 2461 2353 bene

218 2370 359 2422 habe«
387 2369 613 2440 pristina
644 2369 1034 2438 interpunctio,
1083 2373 1241 2424 modo
1268 2372 1686 2437 meminerimus,
1732 2369 2114 2423 conium-tivum
2149 2370 2460 2441 plusquam-

216 2440 420 2512 perfecti
440 2458 547 2491 uon
580 2439 639 2491 in
666 2438 844 2491 vincta
874 2439 1073 2504 s‘olum,
1110 2443 1205 2494 sed
1234 2442 1391 2494 etiam
1428 2443 1599 2494 seluta
1647 2441 1887 2493 oratione
1943 2456 2043 2507 pro
2083 2440 2260 2492 futuro
2306 2440 2482 2509 peri-a

214 2510 460 2582 phe-utico
495 2508 658 2581 poni,
699 2518 754 2560 et
779 2507 1007 2580 eison-e
1036 2510 1320 2565 dedissent
1346 2531 1462 2565 esse
1487 2512 1523 2564 i.
1555 2532 1604 2582 q.
1632 2510 1783 2564 sifo
1803 2520 1906 2562 rte
1937 2510 2170 2563 daturi
2203 2513 2479 2563 essent.'

209 2581 283 2663 Sic
302 2599 458 2651 supra
495 2599 574 2632 vs.
601 2578 724 2635 94st
761 2590 864 2645 „et
893 2597 975 2630 me
993 2618 1009 2644 ,
1044 2581 1155 2631 sors
1183 2581 1228 2633 si
1261 2600 1362 2653 qua
1399 2581 1614 2634 tuliss
1633 2590 1731 2645 et,
1764 2579 1986 2632 Promisi
2006 2580 2308 2664 ultorem3“
2346 2580 2382 2633 i.
2412 2598 2459 2634 ε.

210 2650 610 2780 ῘαὲῗίεξῗῖΎΣ
625 2658 799 2769 ‘1222
815 2650 2222 2790 5331?‘41¹.¹2¹’,‚‘³?11322.12.}¹.⁰31.².2¹;ZspSsstffffffzoeqss?
2239 2661 2460 2772 ¹1:523ss

216 2790 406 2841 senuna
447 2789 750 2850 suisset,
810 2788 893 2845 Ne
946 2796 1151 2841 struere
1191 2791 1450 2842 auderent
1484 2791 1726 2852 aciem;“
1780 2788 1816 2841 i.
1859 2807 1905 2840 e.
1952 2789 2192 2840 futura
2247 2799 2458 2841 esset.

216 2858 351 2911 Adde
379 2859 473 2921 Vi,
502 2860 627 2914 880.
667 2857 766 2920 IX,
803 2855 925 2911 704.
961 2856 1073 2909 LiV.
1103 2861 1385 2923 xxxmr,
1422 2862 1505 2914 6.:
1559 2858 1686 2926 „cni
1721 2876 1827 2910 nou
1853 2867 2105 2927 apparet,
2145 2857 2377 2928 inopiam
2403 2869 2460 2909 et

216 2925 460 2978 miseriam
484 2927 798 2978 eivitatis—
817 2955 884 2965 —
900 2926 1049 2978 istam
1073 2927 1245 2996 legem
1270 2928 1575 2998 scripsisse,
1621 2926 1819 2979 tamdiu
1851 2944 2175 2990 mansuram,
2215 2927 2459 2995 quamdiu

213 3015 359 3049 eausa
407 2997 715 3048 scribendae
764 2996 899 3063 legis
958 3015 1053 3048 ma
1071 2998 1172 3049 usi
1193 2999 1377 3051 sset?
1395 3004 1431 3030 ‘⁴
1513 3002 1632 3050 Nec
1689 2997 1909 3048 alterum
1964 2996 2349 3048 hemistichium
2391 2998 2457 3048 ab

207 3066 371 3119 aliena
399 3085 541 3117 mauu
570 3078 836 3127 assutum3
871 3056 989 3116 nain
1018 3067 1235 3135 placatis
1254 3070 1460 3121 demum
1476 3068 1703 3119 humano
1734 3066 1982 3134 sauguine
2011 3064 2112 3117 diis
2141 3065 2258 3117 vela
2283 3066 2458 3118 daturi

204 3147 347 3189 erant
374 3136 587 3198 Graeca
625 3135 863 3188 dubitari
888 3134 1050 3204 igitur
1074 3148 1318 3205 poterat,
1354 3148 1634 3208 postquam
1661 3136 1824 3189 Sinon
1847 3137 1973 3205 fuga
2008 3154 2067 3186 se
2108 3136 2458 3202 subtraxerat,

199 3206 319 3277 quid
349 3206 431 3258 illi
456 3206 656 3258 facturi
686 3214 893 3269 essent3
929 3205 1054 3259 hine
1080 3205 1300 3279 siseres
1323 3209 1438 3259 fere
1468 3207 1504 3259 i.
1530 3224 1582 3276 q.
1611 3208 1662 3259 si
1684 3206 1859 3259 nihilo
1877 3218 2056 3258 tamen
2082 3208 2279 3257 minus.
2312 3209 2457 3274 Wr.)

275 3370 420 3431 131.
465 3365 771 3426 Conversa
799 3364 984 3422 tulere
999 3387 1024 3435 ;
1069 3366 1291 3444 exqui-

190 3452 427 3530 sitepro
451 3461 887 3509 conver-temne.
972 3453 1111 3515 188.
1143 3452 1290 3509 Sal-

189 3558 296 3594 sae
309 3536 533 3614 finges
550 3580 569 3611 ,
618 3535 782 3593 mola
812 3533 991 3609 salsa,
1025 3535 1085 3595 h.
1115 3556 1164 3595 e.
1194 3538 1291 3596 sar

190 3629 423 3681 tostum
453 3629 783 3681 contusum
818 3621 939 3680 sale
982 3620 1288 3703 adsperso.

188 3703 558 3787 (Romanum
582 3726 819 3767 morem
846 3705 949 3766 hic
988 3707 1066 3766 ad
1095 3709 1287 3768 Grae-

183 3813 320 3851 cam
348 3792 783 3853 acrimoniam
800 3793 1117 3853 mnsferri
1135 3794 1289 3854 vidit

182 3878 353 3938 Voss.
401 3879 480 3939 sd
534 3878 668 3938 Ecl.
724 3877 890 3952 vm,
949 3881 1051 3945 82.
1104 3878 1282 3962 Wr.)

181 3959 473 4040 Σπονδᾶς
528 3958 582 4027 τ’
635 3956 978 4043 ου’λοχύτας
1026 3986 1091 4027 τε
1149 3960 1285 4047 μάλ’

177 4048 535 4131 ἐσσυμένως
608 4045 933 4124 ὑπαλύξας
1019 4050 1286 4124 Quintus

178 4136 309 4201 cal.
338 4138 476 4216 ΧΠ,
506 4134 659 4205 375.
750 4134 877 4200 134
900 4153 988 4213 sq.
1011 4132 1284 4197 Vincula

177 4242 307 4283 nen
365 4233 518 4285 mut
571 4221 805 4297 vittae,
874 4220 1012 4296 sed,
1065 4218 1286 4301 quibus

177 4308 396 4388 ligatu·
424 4308 836 4381 servabatur,
892 4314 958 4366 et
997 4306 1077 4366 sd
1117 4329 1284 4369 aram

177 4396 623 4476 adducebatur,
679 4393 803 4456 etsi
842 4390 965 4453 ism
1005 4392 1284 4461 vittatus.

1373 3386 1433 3427 v.
1486 3366 1642 3425 infra
1677 3365 1816 3429 156.
1904 3361 2060 3422 Ante
2096 3383 2263 3423 aram
2308 3384 2457 3424 vero

1371 3453 1563 3511 soluta
1592 3451 1793 3510 stabat
1823 3448 2039 3509 hostia.
2114 3449 2306 3509 Multa
2328 3449 2392 3510 h.
2412 3452 2458 3515 l.

1372 3544 1730 3617 argutantur
1761 3537 1930 3598 Serv.
1964 3541 2024 3592 et
2055 3535 2265 3596 Cerda.

1460 3626 1601 3688 137.
1645 3620 1966 3699 Sequentia
1989 3623 2212 3700 egregie
2240 3620 2320 3681 ad
2339 3623 2456 3682 mi·
2535 3688 2546 3701 .

1370 3708 1727 3769 serationem
1754 3706 1914 3765 ficta.
2001 3706 2070 3766 In
2102 3708 2321 3785 quibus
2356 3727 2457 3768 re-

1369 3795 1632 3875 spexisse
1684 3792 1878 3853 videri
1932 3801 2132 3870 potest
2188 3793 2351 3854 Iliad.
2409 3816 2457 3868 ε,

1370 3879 1517 3945 408.
1579 3878 1725 3943 409.
1794 3880 2067 3957 patn'am
2116 3883 2456 3960 antiquam,

1368 3965 1702 4046 pristinam.
1735 3962 1886 4023 nihil
1912 3963 2185 4043 amplius.
2238 3965 2457 4025 Omni-

1368 4051 1484 4112 bus
1529 4050 1755 4111 eolonis
1771 4093 1788 4125 ,
1850 4050 2188 4127 exsulibus,
2252 4060 2458 4111 trans-

1368 4137 1521 4217 fugis
1535 4138 1706 4217 prior
1729 4134 1921 4217 patria
1939 4145 2029 4195 est
2052 4139 2308 4217 antiqua
2325 4158 2458 4217 pa-

1370 4227 1508 4284 tria.
1534 4224 1608 4283 cs.
1633 4222 1845 4282 cerda.
1942 4221 2035 4280 Ob
2061 4234 2265 4281 nostra
2293 4223 2457 4304 effu-

1366 4312 1483 4389 gia
1501 4354 1518 4386 ,
1548 4308 1786 4390 plenius
1810 4327 1994 4387 quam
2021 4308 2205 4367 exile:
2248 4307 2327 4366 ob
2355 4309 2457 4367 fu-

1367 4415 1504 4477 gam
1530 4393 2130 4475 meam-piabunt,
2177 4392 2240 4454 h.
2264 4410 2315 4453 e.
2342 4410 2457 4453 ex-
