2882 5028
348 345 503 425 256
896 342 1792 418 EXCURSUS
1900 343 2049 415 XX

350 547 479 597 tam
523 536 794 597 deorum.
819 535 1024 595 vitam.
1113 533 1292 593 Ducit
1323 532 1579 593 chorum
1620 531 1891 592 Bacchus
1909 577 1927 609 ,
1971 533 2142 593 ducit
2181 532 2434 614 Apollo,
2488 532 2622 593 du-

353 624 440 684 cit
484 622 673 681 Diana
687 665 706 697 ,
775 620 996 681 Venus.
1098 621 1373 699 Inprimis
1421 629 1624 680 autem
1664 619 1960 699 puellares
1999 619 2248 679 choreas
2304 618 2624 679 dederunt

352 718 587 770 veteres
638 706 856 766 Veneri
893 726 1049 773 ‚cum
1099 707 1323 765 Gratiis
1370 716 1433 766 et
1479 703 1803 785 Nymphis3
1860 705 2028 785 quod
2086 725 2165 765 ex
2215 705 2288 765 iis
2333 705 2395 764 in
2432 725 2623 765 suum

355 813 597 854 carmen
651 792 953 852 derivavit
1003 791 1216 851 Horat.
1261 791 1287 850 Ι
1302 835 1319 865 ,
1379 792 1456 868 4,
1516 800 1578 850 et
1629 791 1847 850 Dianae
1888 811 2025 851 cum
2076 789 2405 871 Nymphis,
2447 810 2513 852 v.
2564 811 2620 850 c.

356 878 521 961 apud
562 878 789 939 Gallim.
854 878 919 937 in
959 876 1123 936 Dian.
1174 881 1296 941 170
1356 897 1465 955 sq.‚
1545 876 1708 937 unde
1763 878 1888 936 eius
1939 876 2254 958 Nymphae
2297 871 2623 957 χορήτιδες

354 986 418 1028 v.
469 969 567 1029 13.
612 962 711 1027 14.
800 964 869 1023 ln
905 961 1128 1023 talibus
1171 971 1373 1021 autem
1416 962 1618 1025 choris
1641 962 1808 1021 haud
1855 962 2070 1039 dubie,
2115 983 2268 1041 quae
2298 963 2627 1042 procerior

358 1060 418 1111 et
456 1049 726 1130 pulcrior
772 1058 864 1108 est
908 1066 1189 1128 corpore,
1263 1048 1484 1108 eminet
1526 1068 1708 1129 super
1746 1058 1991 1109 ceteras.
2076 1048 2270 1109 Aliam
2307 1047 2471 1108 viam
2509 1049 2619 1108 in-

357 1155 591 1217 gressus
636 1143 770 1194 erat
808 1134 1075 1214 Apelles,
1120 1133 1225 1212 qui
1255 1137 1540 1195 Dianam
1579 1135 1862 1214 pinxerat
1899 1135 2374 1209 sacrificantium
2409 1137 2618 1215 virgi-

359 1244 507 1282 num
541 1220 718 1279 choro
755 1223 1011 1279 mixtam
1029 1242 1049 1279 .·
1096 1218 1311 1299 quibus
1343 1223 1557 1280 vicisse
1597 1222 1856 1279 Homeri
1895 1243 2096 1280 versus
2145 1219 2466 1280 videbatur
2479 1264 2499 1296 ,
2546 1219 2623 1279 id

361 1312 563 1387 ipsum
605 1305 1001 1365 describentis.
1050 1306 1202 1365 Plin.
1246 1306 1504 1382 XXXV,
1549 1310 1652 1381 36,
1700 1310 1798 1371 17.
1885 1307 2078 1366 Velim
2113 1306 2323 1385 utique
2353 1305 2619 1366 Plinium

363 1402 472 1453 aut
505 1391 789 1451 disertius
827 1401 934 1451 aut
957 1390 1235 1451 subtilius
1265 1411 1393 1451 rem
1420 1391 1798 1470 exposuisse;
1840 1393 1889 1451 si
1929 1413 2099 1451 sacra
2128 1393 2406 1451 facientes
2433 1391 2629 1473 puel-¹

362 1480 456 1539 lae
500 1476 755 1538 chorum
796 1476 1125 1554 ducebant,
1192 1498 1317 1537 non
1360 1478 1513 1538 bene
1559 1478 1944 1557 intelligitur,
2015 1499 2135 1556 quo
2191 1478 2321 1538 iure
2366 1478 2620 1537 Dianam

362 1566 481 1625 illis
519 1567 779 1624 inserere
816 1572 1101 1644 potuerat
1128 1563 1395 1643 Apelles:
1465 1563 1565 1623 cui
1604 1562 1764 1623 enim
1802 1584 1971 1622 sacra
2010 1564 2259 1622 faciebat
2298 1563 2455 1623 dea?
2509 1572 2620 1623 aut

366 1650 671 1730 quomodo
710 1650 895 1709 sacris
940 1668 1048 1708 seu
1090 1649 1213 1707 suis
1248 1669 1355 1708 seu
1398 1649 1605 1708 alienis
1646 1649 1932 1708 interesse
1974 1649 2075 1708 illa
2114 1652 2399 1728 poterat?
2458 1650 2621 1710 Tum

365 1736 672 1816 quomodo
713 1735 928 1796 artifex
960 1733 1212 1795 Homeri
1239 1755 1451 1795 versus
1482 1735 1725 1795 vincere
1757 1735 1877 1795 dici
1920 1736 2123 1815 potuit
2164 1737 2234 1793 id
2266 1738 2465 1815 ipsum
2502 1735 2625 1795 de-

366 1822 712 1882 scribentis!
789 1841 929 1881 cum
967 1820 1265 1879 Homerus
1322 1820 1495 1900 longe
1531 1821 1706 1880 aliam
1742 1821 1965 1880 Dianae
2008 1841 2148 1881 cum
2187 1820 2475 1902 Nymphis
2514 1818 2629 1882 lu...

371 1907 565 1968 dentis
605 1908 860 1987 speciem
904 1906 1282 1986 expresserit.
1369 1906 1784 1986 corruptelam
1827 1908 1892 1966 iu
1934 1927 2083 1967 voce
2142 1908 2627 1982 sacrificantium,

371 2012 656 2072 quaerere
698 2013 836 2052 cum
872 1991 1169 2071 Lessingio
1225 1989 1314 2073 (in
1365 1994 1709 2057 Laocoonte
1755 2013 1815 2072 p.
1864 1991 2016 2075 224)
2057 1993 2164 2053 vix
2206 1994 2427 2071 ausim,
2478 2013 2623 2053 cum

371 2079 537 2139 nulla
581 2077 738 2137 adsit
775 2078 929 2138 ratio
972 2077 1180 2136 critica
1218 2076 1562 2157 probabilis.
1664 2078 1952 2138 Dubitare
2003 2078 2174 2153 licet,
2234 2080 2386 2139 sitne
2427 2083 2626 2138 saeri-

359 2166 693 2241 ficantium
747 2166 1055 2242 virginum
1097 2162 1309 2225 cleonte
1356 2163 1431 2222 de
1468 2161 1655 2222 choro
1708 2164 1951 2244 proprie
2004 2164 2169 2224 dicto
2214 2165 2625 2246 accipiendum

374 2259 445 2311 ut
484 2250 592 2310 inf.
632 2249 709 2308 de
753 2249 1027 2329 Apolline
1068 2248 1164 2325 lv,
1213 2247 1333 2314 145
1384 2251 1810 2328 Instant-atque
1854 2250 2062 2308 choros
2078 2274 2103 2324 ;
2162 2272 2238 2309 an
2267 2252 2479 2310 chorus
2522 2251 2632 2311 ‹li-

376 2346 512 2396 ctus
561 2335 640 2395 sit
678 2355 789 2415 pro
833 2334 1019 2395 turba
1060 2354 1133 2392 ac
1174 2333 1595 2394 multitudine:
1663 2343 1738 2393 ut
1791 2335 1957 2415 apud
2000 2336 2178 2399 ovid.
2224 2337 2272 2395 [Ι
2312 2337 2456 2399 Met.
2493 2336 2622 2401 441

377 2443 505 2501 sqq.
532 2424 690 2481 Ecce
729 2442 837 2479 suo
876 2423 1165 2481 comitata
1207 2420 1385 2479 choro
1427 2422 1744 2499 Dictynna
1761 2443 1881 2500 per
1915 2423 2110 2480 altum
2150 2424 2489 2482 Maenalon
2525 2427 2629 2482 ἰη-

374 2507 653 2589 grediens
710 2516 825 2566 etc.
923 2506 1213 2567 Pinxerat
1265 2507 1422 2567 sorte
1481 2505 1739 2587 Apelles
1765 2528 2004 2567 sacrum
2050 2509 2297 2586 Dianae,
2359 2509 2458 2569 cui
2495 2509 2633 2590 ipsa

380 2594 493 2655 dea
525 2593 812 2654 interesse
842 2591 1085 2673 dignata
1123 2601 1281 2669 erat3
1324 2602 1399 2653 ut
1436 2593 1601 2674 apud
1634 2591 1910 2673 Apollon.
1933 2595 2029 2669 111,
2075 2597 2200 2660 875
2230 2616 2314 2673 sq.
2357 2596 2461 2654 ubi
2489 2595 2631 2655 Me-

381 2682 493 2741 dea
509 2688 925 2787 comparatur
957 2700 1096 2738 cum
1143 2681 1364 2739 Diana
1400 2681 1491 2738 ad
1526 2699 1770 2738 sacr-mn
1804 2694 2197 2758 properante.-
2258 2682 2480 2741 incedit
2527 2682 2632 2742 illa

379 2760 647 2849 τηλόθεν
691 2759 1000 2829 οἷντιόωσα
1039 2767 1450 2828 πολυκνίσσου
1492 2758 1848 2847 ἑκατόμβης.

554 2854 850 2912 Eurotam
893 2849 1115 2910 tribuit
1165 2851 1384 2911 Dianae
1433 2851 1741 2931 Virgilius,
1812 2853 1858 2909 1
1861 2850 2136 2910 aconicae
2175 2851 2464 2930 fluvium,
2525 2853 2636 2931 qui

393 2941 731 3018 Taygetum
783 2949 1041 2995 montem
1095 2937 1262 2996 alluit
1275 2982 1293 3014 ,
1364 2956 1544 3016 quem
1599 2936 1900 2996 Homerus
1956 2948 2416 3000 memoraverat.
2509 2939 2638 2997 Nec

393 3024 657 3104 Cynthus
694 3023 894 3103 inepte
935 3022 1318 3098 nominatur,
1390 3031 1606 3102 utpote
1651 3022 1778 3082 Deli
1828 3023 2059 3083 insulae
2108 3045 2297 3085 mons.
2383 3024 2640 3104 Magnus

385 3127 676 3168 numerus
731 3106 1150 3188 Nympharum
1215 3109 1367 3167 bene
1431 3108 1804 3168 declaratur:
1880 3131 2070 3189 quam
2119 3112 2286 3170 mille
2347 3124 2641 3190 sequutae

386 3196 559 3254 Hine
601 3207 783 3273 atque
822 3193 965 3252 hinc
1000 3195 1416 3272 glomerantur
1451 3195 1734 3254 Oreades.
1827 3194 2249 3276 Nympharum
2284 3198 2639 3257 comitatum

385 3281 679 3339 Latonam
722 3278 1211 3339 circumstantem
1265 3279 1473 3359 pulcre
1516 3280 1692 3339 etiam
1733 3280 2007 3359 Apollon.
2052 3283 2349 3362 expressit
2388 3283 2453 3343 in
2496 3283 2636 3342 loeo

388 3365 605 3444 insigni
647 3363 852 3444 paullo
891 3373 1032 3432 ante
1072 3364 1350 3441 laudato,
1427 3374 1490 3423 et
1529 3386 1665 3426 cum
1705 3364 1826 3426 hoc
1868 3368 2276 3447 comparando
2336 3369 2451 3443 111,
2506 3369 2639 3434 875

392 3448 647 3515 —8842
685 3447 912 3509 incedit
949 3450 1035 3509 ibi
1074 3450 1260 3509 Diana
1299 3470 1488 3510 ctu-ru
1524 3461 1698 3511 vecta
1742 3451 2159 3532 Nympharum
2196 3455 2488 3514 comitatu
2528 3455 2644 3514 sti-

391 3545 555 3618 pata,
599 3556 769 3595 sacro
799 3536 1189 3597 interfutura.
1274 3534 1409 3596 Alio
1448 3537 1697 3597 invento
1720 3537 2095 3598 Penthesilea
2122 3541 2283 3600 inter
2308 3541 2646 3601 Amazones

394 3623 660 3682 eminens
710 3641 849 3682 cum
892 3623 1061 3682 Luna
1099 3623 1260 3682 inter
1300 3622 1498 3682 sidera
1543 3632 1606 3682 et
1657 3644 1798 3683 cum
1855 3625 2094 3685 Aurora
2164 3636 2555 3707 comparatur
2607 3647 2647 3685 a

394 3708 630 3785 Quinto
658 3709 988 3787 Smyrnaeo
1012 3709 1058 3785 1,
1087 3712 1170 3774 36
1195 3729 1345 3787 sqq„
1386 3709 1555 3787 quod
1575 3710 1850 3789 proxime
1878 3711 2112 3770 accedit
2148 3711 2226 3771 ad
2251 3711 2403 3771 illud
2438 3713 2648 3773 Hora-

394 3797 657 3854 tianum:
712 3796 876 3854 velut
913 3797 1068 3853 inter
1105 3797 1278 3873 ignes
1317 3796 1507 3854 Luna
1546 3798 1821 3855 minor-es.
1976 3796 2100 3856 uod
2129 3798 2486 3876 pharetram
2514 3798 2653 3877 sert

394 3881 639 3940 humero
671 3879 893 3955 Diana,
939 3880 1195 3940 otiosum
1233 3878 1623 3963 (quamquam
1657 3882 1752 3940 vel
1794 3796 2213 3962 siffositum,
2259 3894 2508 3944 ornaret
2547 3895 2651 3943 ta·-

395 3985 566 4042 men3
637 3985 775 4025 cum
821 3965 933 4025 dea
974 3965 1053 4024 sit
1098 3965 1386 4065 luxiam-a)
1447 3965 1656 4025 haberi
1699 3967 1939 4045 nequit,
2012 3969 2301 4048 siquidem
2338 3969 2653 4052 Nymphas

396 4055 788 4131 supereminet
824 4073 1065 4110 omnes:
1127 4051 1550 4132 conspicuique
1588 4051 1735 4112 adeo
1789 4064 1935 4113 sunt
1972 4054 2211 4114 humeri
2267 4055 2434 4115 deae.
2522 4057 2652 4116 Iam

396 4134 516 4197 hoc
557 4136 799 4216 quidem
857 4137 1130 4196 ornatius
1169 4137 1454 4197 extulisse
1497 4137 1859 4215 Homerum,
1931 4141 2152 4248 negari
2190 4143 2428 4247 nequit·
2511 4147 2656 4205 Ha-

402 4217 573 4288 σᾶων
618 4222 678 4284 δ’
724 4217 879 4302 ὕπερ
919 4219 1032 4303 ἥγε
1061 4217 1219 4304 κάρη
1266 4223 1383 4303 ἔχει
1425 4217 1540 4304 ηδὲ
1573 4222 1847 4326 μέτωπα,
1903 4221 2057 4289 ‘Parni
2092 4220 2152 4288 τ’
2190 4220 2498 4311 ἀριγνώτη
2540 4227 2655 4292 πέ-

399 4315 607 4381 λεται,
618 4307 797 4371 καλαὶ
829 4306 895 4371 δέ
935 4331 998 4372 τε
1023 4311 1237 4384 πᾶσαι,
1267 4310 1332 4369 in
1361 4310 1624 4388 quibus
1604 4311 1877 4391 inprimis
1908 4310 2229 4372 novissima
2255 4314 2445 4374 verba
2474 4334 2658 4396 prae-

400 4395 559 4457 clare
598 4394 760 4456 dicta
801 4402 966 4456 sunt.
1045 4394 1232 4456 Recte
1270 4395 1474 4476 itaque
1518 4395 1595 4456 ab
1638 4395 1736 4456 his
1773 4396 2072 4459 abstinuit
2106 4410 2289 4480 poeta
2328 4401 2659 4462 Romanus.
