2882 5028
451 410 606 484 204
934 407 1017 483 P.
1062 405 1583 482 VIRGILII
1634 408 2182 484 MARONIS

450 595 887 693 Postquam
901 593 1173 694 prima
1213 592 1438 695 quies
1471 591 1744 693 epuliS,
1778 617 2267 694 mensaeque
2304 594 2723 674 remotae:

452 697 812 771 Crateras
843 720 1177 795 magnos
1201 708 1576 794 statuunt,
1628 710 1706 772 et
1741 698 1919 773 vina
1948 711 2355 775 coronant.

549 871 654 925 723
690 872 833 922 Idem
877 873 994 923 fere
1045 890 1225 923 versus
1274 889 1389 939 sup.
1435 872 1559 925 216.
1712 867 1819 924 724
1850 882 2099 920 crateres
2140 869 2344 939 aliquot
2392 887 2482 936 ap.
2531 869 2721 919 Burin.

450 940 529 1006 (et
559 940 678 993 Alb.
713 940 819 993 vid.
854 944 923 996 V.
956 943 1020 994 L.
1056 944 1125 993 ad
1153 942 1260 994 Ecl.
1299 945 1365 1007 V,
1400 942 1486 995 68.
1536 943 1655 992 Wr.
1748 957 1985 1008 magnas
2017 948 2141 990 tert.
2176 938 2428 990 Rotteud.
2466 949 2520 989 et
2552 938 2720 989 Leid.

448 1008 596 1076 qnasi
630 1029 662 1062 a
695 1024 916 1063 cratera
949 1012 1156 1063 ductum
1192 1012 1279 1063 sit.
1352 1016 1610 1063 Crateras
1664 1009 1777 1059 aen·
1808 1018 1879 1059 se.
1915 1008 2118 1060 Nonius
2154 1019 2208 1059 et
2246 1013 2506 1061 Crateras
2531 1008 2720 1079 longe

448 1090 517 1129 st.
550 1080 823 1146 Lutatius,
858 1099 943 1151 ap.
981 1085 1167 1149 Burni„
1198 1083 1339 1133 forte
1373 1100 1440 1133 ex
1475 1087 1604 1134 Aen.
1639 1079 1757 1142 VII,
1793 1075 1912 1132 147.

446 1237 534 1297 ita
566 1238 896 1320 capiamus·
940 1250 1139 1302 tentat
1176 1261 1377 1302 amore
1406 1240 1530 1300 Ae-

445 1344 591 1383 neae
642 1326 935 1385 Didonem
992 1339 1132 1388 ante
1191 1330 1528 1406 incendere,

445 1430 625 1489 quam
650 1412 871 1491 prioris
896 1415 1096 1473 mariti
1124 1416 1408 1476 memoria
1422 1437 1527 1476 re-

443 1496 712 1557 fricetur.
777 1501 842 1558 V
837 1502 971 1558 ivus
1004 1510 1204 1562 autem
1227 1502 1329 1562 hic
1357 1522 1527 1562 amor

444 1583 638 1642 veteri
677 1583 767 1642 illi
795 1593 853 1643 et
891 1585 1295 1649 intermortuo
1327 1610 1523 1670 oppo-

443 1668 630 1729 nitur.
692 1673 869 1744 Wr.)
964 1693 1167 1733 amore
1217 1678 1356 1734 vivo
1376 1720 1393 1751 ‚
1457 1686 1528 1735 ut

426 1756 702 1832 stamma
738 1761 884 1815 νίνα
902 1782 922 1814 .·
970 1779 1106 1838 opp.
1135 1762 1354 1819 resides
1381 1764 1525 1819 am)-

441 1843 551 1916 mi,
583 1841 818 1901 animus
846 1842 926 1902 ad
957 1845 1299 1922 amandum,
1325 1856 1396 1906 ut
1411 1847 1525 1905 be-

440 1944 515 1984 ne
542 1928 802 2003 Servius,
844 1930 1004 1988 iners
1034 1940 1097 1990 et
1120 1931 1222 2009 qui
1250 1933 1526 1993 desuevit

440 2031 659 2073 amare.
714 2015 909 2073 Amor
931 2025 1130 2076 autem
1154 2018 1348 2096 puber
1368 2017 1430 2079 h.
1462 2019 1522 2095 1.,

439 2107 512 2155 ut
539 2098 602 2155 in
633 2108 755 2158 vet.
784 2100 962 2178 signis
986 2103 1149 2183 apud
1165 2104 1532 2191 winckelm„

445 2184 527 2242 G.
550 2183 613 2241 d.
648 2187 731 2242 K.
768 2205 827 2264 p.
857 2190 1004 2254 238.

521 2272 666 2334 723.
726 2273 1060 2351 Postquam
1099 2278 1305 2353 prima
1349 2280 1519 2358 quies

436 2355 634 2430 epulis
658 2353 720 2414 h.
749 2374 798 2416 e.
832 2360 1231 2440 cumprimum
1259 2365 1516 2443 epulan-

436 2438 500 2497 di
531 2439 666 2498 finis
695 2452 848 2502 esset
875 2445 1086 2506 factus.
1140 2445 1291 2531 (vid.
1330 2449 1407 2524 Q.
1441 2449 1515 2509 V.

434 2526 727 2603 XXVIII,
782 2533 854 2605 3,
910 2532 970 2591 b.
1023 2534 1150 2594 Liv.
1195 2536 1376 2609 XXI,
1426 2536 1518 2601 5.:

433 2632 701 2689 „quum
766 2616 1018 2694 prima
1093 2622 1261 2698 quies
1331 2622 1515 2681 silen-

432 2698 707 2778 tiumque
735 2701 811 2758 ab
841 2701 1118 2765 hostibus
1143 2708 1322 2767 fuit.“
1344 2705 1515 2787 W.)

430 2784 582 2844 Nam
609 2786 819 2847 abacia
847 2789 927 2848 ad
953 2791 1136 2851 finem
1163 2813 1377 2852 coenae
1403 2794 1516 2852 fie-

428 2871 568 2947 bat,
609 2893 675 2932 v.
713 2874 793 2933 ad
832 2895 887 2935 v.
917 2878 1060 2942 705.
1097 2878 1250 2956 VIII,
1293 2879 1415 2944 184
1453 2887 1516 2938 et

430 2960 575 3034 278,
604 2962 757 3036 279,
783 2964 929 3025 280.
1017 2962 1102 3022 De
1126 2966 1319 3044 spatio
1353 2966 1514 3025 inter

427 3042 684 3121 primam
742 3055 802 3104 et
865 3049 1189 3109 secundam
1246 3070 1513 3111 mensam

427 3128 654 3187 frustra
672 3130 865 3190 Cerda
888 3134 1102 3193 multa.
1147 3158 1390 3196 mensae
1415 3160 1515 3197 re-

427 3225 645 3272 motae.
695 3218 767 3275 cs.
795 3216 874 3274 ad
911 3239 970 3278 v.
997 3224 1146 3287 216.

512 3299 656 3363 724.
702 3295 911 3382 Αὕτοῖρ
959 3304 1089 3369 ἐπεὶ
1144 3299 1357 3381 πόσιος
1403 3307 1508 3370 καὶ

425 3379 680 3464 ἐδητύος
738 3386 801 3462 ἐξ
850 3388 990 3470 ἔρον
1040 3389 1205 3464 ἕντο,
1268 3397 1508 3476 Κοῦροι

423 3466 538 3550 μὲν
581 3477 889 3555 κρητῆρας
930 3477 1340 3553 ἐπεστέψαντο
1381 3501 1503 3542 πο·-

421 3561 583 3631 τοῖο,
654 3553 971 3641 Νῶμησαν
1033 3556 1099 3624 δ’
1158 3559 1279 3645 ἄρα
1351 3569 1504 3627 πᾶσι

422 3637 616 3720 (quod
645 3644 888 3722 quidem
925 3647 1027 3707 hic
1053 3649 1226 3709 aliter
1257 3670 1317 3709 v.
1347 3650 1502 3735 729)

417 3726 588 3788 Iliad.
630 3753 687 3804 α,
732 3730 878 3805 470,
919 3733 1066 3799 471.
1150 3735 1322 3796 Alter
1357 3759 1502 3799 ver-

418 3832 520 3873 sus
552 3814 737 3874 etiam
768 3817 910 3877 alibi
938 3822 1254 3900 repetitur,
1284 3834 1358 3884 ut
1382 3824 1501 3885 od.

418 3923 476 3974 α,
512 3900 654 3965 149.
698 3902 753 3977 ὃ,
806 3906 948 3969 339.
1004 3906 1339 3969 Meminisse
1383 3931 1501 3970 au-

416 3993 537 4045 tem
567 4006 801 4046 necesse
829 3998 920 4050 est
952 4011 1030 4052 ex
1053 3993 1335 4070 Homero,
1368 4007 1501 4056 sta-

415 4071 508 4130 tui
540 4072 619 4131 nd
645 4092 893 4134 coenam
919 4079 1149 4138 maiora
1167 4101 1328 4156 vasa,
1362 4104 1501 4143 cra-

412 4165 591 4234 teras,
619 4172 682 4222 et
710 4161 1049 4227 minoribus·
1083 4167 1314 4246 poculis
1336 4190 1411 4228 ex
1431 4170 1503 4229 iis

411 4241 626 4306 hausta
672 4247 817 4307 vina
856 4252 1134 4317 distribui
1178 4256 1341 4316 inter
1373 4256 1502 4315 sin-

409 4333 579 4411 gulos
605 4338 925 4416 convivas,
971 4343 1135 4424 apud
1166 4341 1500 4403 Homerum

409 4419 654 4497 quidem
678 4441 788 4504 per
813 4445 1168 4507 praeconem
1188 4429 1269 4491 nd
1293 4430 1500 4511 singu-

1613 1232 1716 1292 los·
1747 1235 2034 1296 convivas
2077 1234 2487 1312 accedentem,
2543 1256 2607 1296 v.
2652 1256 2712 1295 c.

1614 1319 1829 1399 Odyss.
1875 1329 1955 1397 θ,
2001 1323 2066 1380 in
2110 1321 2342 1380 Alcinoi
2393 1322 2711 1397 convivin,

1611 1406 1779 1483 quod
1821 1406 2099 1487 Virgilius
2140 1408 2422 1488 respexit.
2506 1407 2710 1466 Sede-

1611 1491 1758 1551 bant
1784 1494 1943 1551 enim
1973 1494 2264 1554 convivae
2299 1494 2362 1553 in
2389 1491 2555 1551 soliis
2585 1513 2706 1573 pa-

1607 1580 1820 1637 rietem
1845 1579 2263 1658 ambientibuS,
2282 1589 2342 1638 et
2366 1578 2709 1658 unicuique

1610 1666 2023 1745 apponebatur
2076 1685 2279 1724 mensa
2340 1685 2478 1723 cum
2539 1666 2706 1725 cibo.

1607 1750 1733 1809 lam
1775 1755 1926 1809 vina
1967 1766 2291 1812 coronant:
2345 1771 2464 1828 quo
2512 1770 2707 1810 sensu

1609 1836 1842 1895 dictum
1869 1858 1902 1895 a
1929 1845 2103 1917 poeta
2127 1839 2225 1913 sit,
2267 1836 2374 1897 vix
2402 1836 2549 1894 satis
2581 1836 2703 1896 de·—

1607 1921 1771 1981 finiri
1797 1931 2031 2005 potest..
2099 1924 2163 1983 Si
2201 1922 2280 1981 ad
2318 1922 2567 1981 Homeri
2598 1923 2697 1983 lo-

1607 2028 1745 2067 cum
1762 2053 1779 2084 ,
1839 2008 2002 2069 uude
2054 2010 2283 2088 reliqua
2329 2009 2703 2069 adumbrata

1603 2104 1780 2170 sunt,
1833 2098 2274 2175 respiciendum
2320 2105 2442 2169 est,
2485 2104 2584 2169 et,
2642 2097 2702 2155 si

1599 2186 1906 2263 κρητῆρας
1987 2183 2397 2260 ἐπεστέψαντο
2468 2189 2697 2245 ποτοῖο

1601 2286 1950 2346 expressum
1991 2278 2108 2327 est:
2176 2267 2350 2326 aliter
2388 2286 2571 2344 quam
2615 2267 2703 2326 de

1598 2352 1855 2432 impletis
1879 2361 2069 2432 usque
2093 2353 2170 2412 ad
2200 2375 2306 2412 ora
2329 2354 2565 2433 poculis
2590 2355 2700 2412 in-

1599 2439 1785 2518 telligi
1822 2442 2052 2519 nequit.
2099 2438 2185 2522 (et
2214 2443 2299 2499 sic
2323 2439 2700 2519 Pomponius

1600 2533 1661 2583 et
1701 2527 1981 2603 Servius,
2027 2528 2131 2606 qui
2182 2537 2381 2585 tamen
2423 2536 2486 2584 et
2529 2526 2697 2585 alte-—

1598 2631 1729 2672 ram
1817 2614 2378 2693 interpretationem
2450 2610 2694 2695 habet.)

1600 2698 1699 2756 Sic
1739 2706 1800 2756 et
1831 2700 1999 2758 Iliad.
2034 2707 2101 2775 θ,
2128 2703 2275 2775 232,
2321 2699 2424 2757 ubi
2466 2699 2543 2756 de
2579 2719 2696 2758 co-

1598 2784 1697 2863 pia
1725 2784 1839 2844 cibi
1866 2796 2194 2866 potusque:
2237 2790 2517 2858 πίνοντες
2543 2809 2693 2866 κρη-

1598 2875 1786 2952 τῆρας
1840 2872 2195 2951 ἐπιστεφέας
2249 2871 2460 2933 οἴνοιο.
2552 2871 2696 2930 Alia

1597 2956 1912 3017 brevitatis
1942 2959 2144 3017 studio
2162 2957 2513 3017 omittimus.
2564 2960 2634 3016 V
2630 2961 2695 3015 ἰ-

1595 3063 1681 3118 na
1726 3052 1859 3102 tum
1892 3044 2055 3104 dicta
2085 3053 2226 3103 sunt
2263 3063 2376 3124 pro
2408 3046 2687 3121 poculis,

1596 3149 1857 3206 quorum
1917 3151 2085 3190 oram
2133 3131 2350 3204 ambit,
2404 3140 2691 3206 coronat,

1593 3216 1829 3294 στέφει,
1875 3218 2084 3277 vinum
2120 3217 2402 3278 infusum.
2469 3216 2691 3276 Altera

1589 3302 2012 3382 interpretatio
2067 3313 2159 3363 est
2200 3303 2400 3362 minus
2458 3323 2682 3362 recon-

1591 3386 1748 3462 dita,
1806 3398 1879 3448 ut
1928 3399 2214 3450 coronata
2269 3390 2391 3448 sint
2436 3391 2687 3468 pocula,

1587 3476 1762 3533 sertis
1798 3476 2107 3557 impositis.
2194 3477 2273 3534 De
2309 3477 2555 3535 corollis
2584 3477 2687 3537 his

1591 3562 1854 3639 cogitare
1918 3563 2144 3622 heroici
2206 3563 2489 3645 temporis
2546 3584 2689 3626 mos

1589 3667 1730 3707 sane
1784 3669 1908 3708 non
1965 3649 2214 3729 patitur.
2304 3650 2379 3708 cf.
2452 3649 2685 3713 Athen.

1590 3734 1650 3809 1,
1698 3738 1794 3802 15.
1857 3757 1915 3817 p.
1973 3740 2073 3802 18.
2130 3736 2196 3794 E.
2252 3735 2317 3795 F.
2422 3737 2507 3793 De
2578 3759 2684 3797 se-

1588 3822 1797 3898 quiore
1824 3842 1971 3883 vero
2002 3843 2150 3883 aevo
2179 3842 2299 3882 non
2333 3821 2682 3902 dubitatur,

1585 3918 1658 3969 ut
1699 3911 1916 3990 Georg.
1965 3911 2038 3984 11,
2084 3911 2210 3974 528
2250 3911 2399 3966 socii
2438 3925 2682 3972 emim

1585 4011 1890 4056 coronant.
1983 3997 2117 4056 Hoc
2147 3995 2197 4054 si
2234 4003 2528 4070 tenemus,
2574 3999 2683 4058 di-

1587 4084 1875 4159 cendum,
1936 4092 2172 4163 poetam
2229 4082 2509 4142 maluisse
2581 4086 2678 4145 sui

1585 4170 1875 4251 temporis
1913 4189 2142 4229 morem
2184 4168 2437 4244 inferre,
2489 4191 2678 4247 quam

1586 4257 1897 4334 antiquum
1954 4258 2248 4331 retinere;
2291 4256 2457 4333 quod
2506 4257 2677 4318 idem

1586 4345 1880 4403 commisit
1917 4343 2023 4403 inf.
2070 4344 2170 4402 lib.
2201 4343 2308 4417 Ill,
2338 4343 2465 4408 525
2518 4347 2677 4402 Tum

1572 4443 1756 4511 paler
1780 4431 2075 4490 Anchises
2105 4450 2404 4510 magnum
2436 4444 2672 4490 cmlera
