2882 5028
532 328 1146 408 AEN-amos
1196 329 1412 415 Lm,
1464 329 1597 426 vi,
1654 329 2087 409 θεν-840

2293 335 2443 411 091

186 518 640 618 Ipsumque
662 516 1082 615 Aeaciden,
1107 516 1933 617 genusssarmipotentis
1945 513 2270 612 Achilli3
2297 519 2450 599 840

345 688 576 758 (-84o.
608 685 848 744 Achiuis
879 692 967 755 ω
1005 689 1110 743 via.
1144 693 1213 745 v.
1247 690 1308 743 u
1344 690 1411 744 aa
1445 691 1512 755 11,
1544 645 1664 746 45⁶.
1706 688 1852 758 m.)

187 847 405 925 Argos
434 865 506 905 ac
544 848 844 926 Mycenas
879 848 1181 924 nominat,
1222 849 1290 908 in

189 942 477 993 veterum
515 930 900 992 historiarum
939 934 1286 995 memoriam

188 1017 534 1077 iucundam
561 1017 736 1077 simul
768 1027 831 1077 et
856 1030 1194 1097 augustam:
1219 1028 1290 1080 ut

190 1104 325 1163 iam
369 1103 471 1162 lib.
517 1102 563 1177 Ι,
626 1107 752 1168 283
787 1141 866 1152 —
894 1107 1020 1170 285
1061 1106 1286 1165 sactum

191 1189 500 1264 vidimu83
540 1205 716 1265 quem
747 1188 950 1249 locum
993 1192 1096 1266 cf„
1145 1191 1286 1251 item

194 1272 388 1334 Ovid.
434 1272 596 1333 Fasti
638 1274 737 1349 VI,
787 1274 889 1352 47,
951 1275 1058 1336 ubi
1103 1276 1287 1336 Iuno:

194 1362 532 1420 Paeniteat
630 1360 884 1439 Sparten
969 1363 1289 1441 Argoaque

193 1463 491 1523 measque
548 1446 849 1523 Mycenas
899 1447 984 1506 Et
1040 1461 1292 1507 veterem

196 1533 398 1591 ,Latio
430 1533 812 1607 &apposuisse
847 1532 1108 1592 Samon.-
1153 1531 1215 1591 h.
1239 1551 1289 1593 e.

196 1614 564 1693 subiugasse.
656 1614 1048 1697 Quantopere
1091 1627 1292 1680 autem

195 1700 466 1762 victoria
537 1700 613 1759 de
662 1700 1060 1763 Macedonum
1136 1704 1293 1784 Rege

197 1788 426 1848 Perseo
482 1785 770 1846 afflixerit
809 1788 1155 1863 Graeciam,
1215 1807 1294 1848 ex

195 1871 382 1932 Livio
434 1870 731 1950 intelligas
794 1873 973 1948 XLV,
1036 1879 1110 1938 81
1169 1894 1290 1953 seq.

196 1958 308 2019 Ad
338 1965 607 2038 tempora
637 1956 777 2016 belli
808 1958 1053 2018 Troiani
1075 1979 1110 2017 a
1143 1979 1292 2039 poe-

197 2054 278 2104 ta
335 2042 781 2104 accommodata
833 2054 978 2105 sunt
1042 2044 1292 2124 reliqua,

199 2126 517 2211 praeclare
544 2127 788 2206 utique,
818 2129 867 2190 ai
892 2128 1041 2190 haec
1065 2129 1297 2190 Aeneae

197 2221 659 2294 repraesentata
687 2215 1054 2275 memineris:
1094 2216 1299 2295 itaque

197 2300 493 2362 Perseum
519 2299 753 2359 victum
784 2301 1103 2381 appellavit
1126 2307 1299 2363 Aea·-

201 2385 392 2446 ciden
420 2427 439 2460 ,
507 2384 584 2443 ab
651 2383 880 2444 Achille
939 2386 1299 2465 oriundum3

202 2469 366 2552 quid
402 2469 561 2531 enim
594 2469 675 2531 ad
720 2472 1119 2534 Troianorum
1155 2493 1296 2533 aeu-

203 2577 352 2618 aum
423 2555 637 2616 laetius
717 2558 966 2635 eogitari
1041 2567 1296 2638 poterat,

205 2661 400 2722 quam
423 2640 669 2701 Achillis
686 2651 957 2722 posteros
978 2644 1297 2721 aliquando

204 2728 494 2788 Troianis
555 2746 678 2785 ease
743 2742 964 2807 poenas
1050 2729 1300 2790 daturos

204 2812 570 2874 calamitatis
638 2814 909 2873 Troianis
977 2813 1174 2873 illatae
1240 2824 1303 2874 et

206 2917 460 2959 eversae
504 2897 672 2957 urbis
719 2899 986 2977 adeoque
1041 2900 1300 2979 templo-

204 3003 359 3046 rum
390 2984 601 3043 Troiae
625 2983 992 3044 violatorum
1033 2993 1097 3044 et
1139 2986 1307 3045 dire-

89 3077 95 3081 “
205 3079 493 3153 ptorum3
525 3068 631 3128 sed
657 3069 952 3148 ingeniose
974 3090 1162 3131 unum
1192 3071 1308 3130 ali—

210 3153 391 3235 quod
419 3153 682 3230 sueinus,
726 3163 800 3215 ut
837 3164 1048 3235 poeta,
1092 3166 1155 3217 et
1201 3157 1306 3216 in-

207 3239 434 3323 primis
462 3239 654 3298 Aiacis
679 3240 1046 3320 impietatem
1065 3241 1132 3301 in
1157 3243 1306 3301 Cas-

212 3323 508 3386 sundram
569 3335 865 3385 memorat
896 3370 915 3403 ,
1000 3336 1304 3406 tamquam

211 3409 552 3474 nefandum
592 3411 865 3490 inprimis
908 3412 1128 3488 scelus,
1184 3433 1305 3492 quo

212 3493 443 3560 Achivi
475 3495 726 3556 deorum
757 3497 881 3556 irae
914 3507 977 3556 et
1008 3498 1308 3558 vindictae

214 3599 354 3642 sese
376 3580 844 3641 obstrinxerant.
888 3584 961 3642 cs.
992 3603 1120 3661 sup.
1146 3583 1192 3660 1,
1224 3587 1306 3648 89

214 3686 356 3747 sqq.
422 3665 743 3745 Augustior
769 3668 918 3727 adeo
939 3687 1143 3727 rerum
1172 3687 1309 3748 spe-

216 3754 348 3814 cies
371 3752 647 3812 redditur
681 3753 859 3813 etiam
892 3752 997 3812 hic
1028 3753 1311 3832 religione

216 3838 416 3900 illata.
495 3836 688 3911 Quod
729 3849 927 3899 autem
969 3839 1164 3898 Persei
1204 3857 1312 3917 ge-

218 3941 348 3986 nus
375 3922 453 3982 ad
482 3921 771 3984 Achillem
797 3925 1008 3985 referri
1046 3924 1125 3984 ait
1168 3923 1313 3984 soli*-

219 4018 366 4069 tum
393 4051 412 4084 ,
476 4028 552 4068 ex
598 4009 909 4090 Propertio
944 4010 1312 4070 illustratum

219 4102 325 4154 est
351 4092 432 4154 lv
461 4104 618 4154 extr-
646 4097 759 4159 39:
799 4098 882 4155 Ee
923 4104 1108 4155 testor
1154 4114 1310 4171 eum,

233 4179 368 4257 Qui
419 4182 646 4239 Per-aen
661 4222 681 4255 ,
745 4184 967 4258 proavi
1011 4183 1312 4241 simulam-

219 4277 353 4325 tem
386 4276 598 4342 pectus
640 4264 902 4324 Achiuis
918 4310 938 4341 ,
998 4267 1076 4326 Et
1126 4266 1313 4326 tumi-

221 4349 342 4410 das
358 4369 596 4427 proavo
635 4346 779 4430 (hoc
820 4371 985 4413 nunc
1029 4352 1314 4413 emenda-

1371 848 1495 908 tius
1524 847 1740 927 legitur
1765 846 2007 908 meliore
2044 845 2314 908 Sentenii
2350 845 2453 908 iu-

1372 932 1556 1013 dicio)
1579 933 1814 1013 fregit,
1877 933 2116 993 Achiuo
2135 976 2153 1008 ,
2211 931 2442 1006 domos,

1375 1017 1485 1098 (sic
1507 1020 1823 1098 coniunge:
1864 1016 1929 1078 h.
1962 1038 2011 1078 e.
2054 1019 2329 1078 Paullum
2354 1027 2454 1078 te-

1371 1113 1502 1165 stor
1515 1149 1532 1180 ,
1574 1104 1680 1183 qui
1718 1104 1934 1164 Persen
1973 1102 2123 1166 vicit
2159 1113 2219 1164 et
2251 1102 2455 1162 Mace-

1371 1191 1615 1250 doniam
1643 1190 1899 1270 subegit,
1932 1209 2043 1272 pro
2076 1208 2191 1269 qua
2220 1207 2456 1248 memo-

1371 1285 1472 1336 rat
1520 1284 1757 1356 gentem
1816 1275 2037 1355 regiam
2090 1275 2165 1334 ab
2227 1273 2456 1333 Achille

1373 1362 1625 1440 origines
1681 1360 2007 1442 petentem)
2064 1369 2127 1420 et
2177 1378 2254 1421 ex
2310 1359 2456 1419 Silio

1373 1448 1510 1522 XV,
1536 1450 1682 1514 291.
1712 1451 1837 1514 292
1864 1447 1940 1506 de
1965 1445 2236 1526 Philippo
2260 1443 2457 1504 Persai

1375 1542 1577 1613 patre·
1618 1534 1749 1591 Hic
1777 1540 1956 1611 genta
1984 1534 2293 1611 egngiue,
2343 1551 2455 1590 ve·-

1377 1622 1627 1698 ten'aque
1650 1617 1730 1676 ab
1761 1621 1990 1696 origine
2027 1620 2203 1695 reg-td
2223 1616 2457 1675 Aeaci·-

1374 1704 1523 1762 dum
1544 1705 1789 1780 scopo-ie
1822 1723 2172 1782 proauoque
2196 1700 2460 1760 tumebat
2494 1735 2497 1740 ·

1372 1789 1637 1848 Achille.
1712 1788 2035 1862 Quomodo
2064 1786 2459 1846 Macedonum

1373 1893 1538 1954 reges
1579 1872 1655 1933 ab
1713 1872 1941 1933 Achille
1997 1892 2181 1953 genus
2239 1871 2459 1932 ducere

1373 1959 1718 2040 potuerint,
1757 1960 1861 2039 qui
1884 1958 2235 2019 Heraclidae
2263 1965 2458 2032 erant,

1376 2046 1440 2105 in
1515 2053 1687 2103 tanta
1761 2044 2326 2104 commentariorum
2393 2042 2461 2101 in

1377 2138 1705 2207 utrumque
1728 2129 1930 2191 locum
1969 2128 2126 2189 mole
2163 2127 2461 2188 neminem

1377 2215 1511 2276 vidi
1561 2215 1794 2277 dooere.
1879 2215 2140 2276 Videtur
2198 2214 2277 2274 ad
2328 2232 2461 2270 ma-

1379 2311 1619 2361 ternam
1667 2302 1908 2383 stirpem
1966 2301 2042 2360 ab
2103 2297 2464 2380 Olympiade

1381 2405 1506 2446 ease
1585 2387 1965 2448 redeundum
1996 2432 2013 2462 ,
2111 2405 2264 2465 quae
2332 2392 2464 2444 erat

1377 2472 1782 2551 Neoptolemi,
1826 2473 1993 2554 Epiri
2020 2474 2124 2547 R„
2165 2471 2305 2531 filia.
2336 2469 2464 2531 vid.

1379 2558 1590 2618 lustin.
1615 2557 1738 2633 Vll,
1773 2562 1830 2621 6.
1875 2557 2256 2639 („Manifeato
2287 2574 2470 2635 prae-

1382 2653 1534 2718 stat,
1564 2643 1903 2703 testimonio
1947 2642 2157 2704 Iustiui
2191 2641 2465 2712 XXVIII,

1389 2733 1446 2791 1.
1476 2728 1571 2788 uti
1589 2772 1606 2803 ,
1648 2729 1716 2787 in
1740 2728 2069 2789 derivanda
2096 2725 2212 2785 hac
2247 2745 2468 2804 cogna-

1383 2814 1551 2873 tione
1593 2833 1628 2871 a
1672 2812 1923 2887 Phthia,
1981 2820 2173 2872 matre
2211 2809 2468 2890 Philippi

1386 2898 1510 2974 111„
1553 2899 1773 2978 quippe
1797 2918 1950 2976 quae
1978 2917 2161 2977 genus
2186 2916 2363 2956 suum
2393 2896 2467 2954 ab

1391 2983 1619 3045 Achille
1654 2984 1861 3044 duxit:
1917 2982 2224 3063 Olympiae
2265 2991 2471 3041 autem

1387 3068 1484 3129 his
1547 3069 1930 3129 Macedoniae
1990 3068 2228 3149 regibus
2299 3066 2470 3127 nullo

1385 3156 1795 3236 prognationis
1824 3155 2067 3215 vinculo
2091 3162 2223 3213 erat
2245 3153 2471 3213 iuncta.

1385 3241 1561 3300 Unde
1588 3249 1754 3321 patet
1778 3241 2083 3300 Aeciden
2098 3254 2221 3298 esse
2233 3240 2471 3313 Persen,

1387 3326 1673 3387 ultimum
1698 3326 2081 3386 Macedoniae
2104 3344 2324 3405 regem,
2359 3342 2473 3384 noc

1391 3412 1468 3471 de
1493 3412 1670 3491 Epiro
1702 3412 1945 3491 eiusque
1985 3411 2396 3472 devastatione
2438 3430 2473 3468 a

1389 3497 1599 3557 Paullo
1668 3497 1916 3557 Aemilio
1986 3496 2155 3557 iussu
2218 3499 2474 3556 Senatus

1391 3583 1565 3641 Rom.
1582 3582 1743 3642 facta
1759 3602 2090 3643 sermonem
2106 3601 2230 3641 esse
2247 3584 2474 3662 posae.“

1395 3667 1733 3750 Ruhkopf.)
1807 3668 1938 3728 Hac
1959 3669 2196 3729 ratione
2225 3669 2475 3728 univer-
2596 3700 2614 3716 -

1394 3772 1459 3811 se
1487 3763 1757 3830 servata,
1799 3754 1877 3814 de
1903 3756 2078 3815 Perse
2122 3764 2353 3829 tamen,
2397 3770 2478 3809 an
2564 3816 2589 3831 x

1395 3838 1476 3897 ad
1520 3856 1658 3898 eum
1704 3858 1764 3899 v.
1811 3841 1940 3907 840
1982 3840 2334 3901 referendus
2379 3837 2475 3912 sit,

1394 3922 1597 3984 adhuc
1620 3927 1828 4004 quaeri
1854 3935 2073 4006 potest.
2134 3927 2285 3985 Cum
2316 3923 2477 3981 enim

1394 4009 1587 4070 multo
1630 4012 1813 4092 magis
1844 4012 2091 4071 obvium
2128 4010 2239 4085 ait,
2298 4007 2477 4068 Ennii

1393 4096 1716 4176 exemplo,
1772 4096 2079 4156 Aeac-Men
2128 4094 2203 4154 de
2221 4093 2478 4194 ‘Pyrrho

1393 4181 1561 4262 Epiri
1586 4184 1659 4243 R.
1686 4192 1793 4241 aut
1836 4181 1960 4240 eiua
1993 4179 2272 4260 progenie
2316 4178 2477 4240 ecci-

1394 4286 1569 4347 pere,
1614 4268 1758 4346 quid
1796 4266 1844 4326 si
1868 4265 2085 4345 Regem
2123 4285 2237 4345 pro
2271 4285 2478 4346 regno,

1397 4353 1667 4434 adeoque
1693 4373 1806 4435 pro
1833 4351 2048 4433 Epiro,
2094 4350 2324 4413 dictum
2370 4359 2482 4435 aut
