2882 5028
493 377 1100 454 AENEIDos
1153 379 1367 455 Lm.
1419 380 1550 476 lv,
1605 385 2042 459 243—248

179 563 306 640 llla
332 561 574 640 frctus
602 564 758 662 agit
779 578 1099 652 ventos„
1144 578 1224 641 et
1257 563 1573 640 turbida
1594 578 1850 641 tranat

2198 479 2207 492 f·
2253 388 2406 462 sss

2251 575 2405 650 245

177 667 460 748 Nubila.
578 671 909 768 Iamque
976 667 1252 744 volans
1323 669 1631 768 apicem
1692 681 1776 786 ‘et
1846 667 2086 746 latera
2162 672 2406 750 ardua

1320 772 1573 847 cernit

181 871 483 948 Atlantis
516 872 731 970 duri,
786 872 1102 950 coelum
1133 874 1269 974 qui
1308 876 1603 950 vertice
1624 872 1887 970 fulcit3

182 975 483 1052 Atlantis
500 1037 522 1075 ‚
578 978 925 1053 cinctum
954 977 1280 1054 adsidue
1316 979 1440 1054 cui
1466 977 1811 1054 nubibus
1840 981 2022 1055 atris

301 1150 399 1205 245
434 1161 698 1202 transnat
729 1149 1014 1204 Zulichem.
1051 1162 1105 1203 et
1136 1150 1301 1205 wall.
1337 1169 1451 1204 cum
1488 1151 1753 1203 nonnullis
1800 1151 1976 1204 Pierii.

2050 1151 2184 1220 (Illa
2215 1153 2410 1275 {tetus

2256 1243 2322 1276 ω
2339 1255 2406 1264 -

183 1230 285 1339 ἳῇἵ
299 1230 637 1359 ὀζρῖζήῖἕὲῗ
671 1230 808 1341 Ἐξ
844 1231 1068 1359 31:2⁸2}
1083 1221 1427 1353 :¹⁰53113‘1122
1458 1222 2410 1361 Ἥ(ἶὲἃἰζῗαῑῖξὲ“ῗῧὲῖἓῗιιῑοωω,

181 1356 361 1409 sublata
397 1359 552 1428 plena
589 1369 711 1429 post
746 1362 997 1430 resignas
1030 1359 1471 1428 interpunctione.
1521 1361 1736 1414 Wakef.
1772 1360 1840 1411 ad
1887 1361 2097 1414 Lucret.
2147 1363 2239 1427 JV,
2291 1365 2409 1418 178.

179 1423 430 1493 legendum
465 1436 622 1499 putat
654 1429 805 1490 adim
841 1430 897 1481 id
933 1448 1076 1482 esse:
1113 1447 1219 1481 uon
1253 1429 1401 1481 timet
1435 1430 1676 1498 ingredi,
1711 1429 1798 1481 vel
1830 1429 2070 1498 aggredi.
2135 1431 2239 1483 Sed
2275 1450 2406 1484 con-

179 1493 379 1548 iecturas
405 1497 851 1551 Wakefieldiauas
879 1516 1309 1551 commemorasse
1335 1499 1641 1569 plerumque
1666 1498 1870 1550 sufficit.
1901 1499 2042 1566 Wr.)
2146 1500 2408 1581 2417.Ῑαὶ-

181 1565 244 1614 sit
273 1565 465 1635 aliquot
500 1569 675 1620 Burm-

813 1566 919 1623 248
951 1569 1176 1621 Atlanti
1205 1570 1340 1620 Ven.
1378 1579 1432 1620 et
1470 1568 1632 1620 Goth.
1667 1578 1790 1621 tert.
1828 1586 1859 1620 a
1892 1586 1961 1620 m.
1997 1586 2101 1620 sec.
2174 1587 2265 1639 qm
2295 1589 2406 1622 nu-

182 1631 316 1686 bibus
346 1638 634 1701 Montalb„
669 1637 766 1689 sed
793 1641 883 1689 cui
916 1637 1184 1689 Prudentii
1218 1655 1426 1707 quoque
1472 1637 1762 1689 imitatione
1797 1637 1968 1689 firmat
2006 1637 2187 1689 Heius.

2258 1645 2278 1706 ί
2316 1642 2410 1691 uoi

181 1700 432 1771 legendum
481 1725 601 1759 esse
662 1707 738 1760 ait
797 1707 1013 1762 Wakef.
1064 1707 1134 1760 ad
1194 1708 1403 1760 Lucret.
1455 1709 1549 1774 IV,
1596 1709 1718 1763 932.
1772 1707 1918 1775 Wr.)
1988 1725 2108 1759 cum
2154 1726 2211 1759 n.
2307 1709 2407 1761 eda

182 1789 255 1843 ap.
286 1775 433 1828 eund.

182 1920 350 1976 tanea.
435 1911 770 2001 (Παίς-παι
809 1939 883 1978 ne
920 1917 1081 1980 idem
1120 1938 1241 1979 esse

184 1999 324 2060 dicas
341 2048 357 2078 ‚
415 2004 586 2082 quod
638 2006 906 2079 claudit,
970 2006 1103 2080 vel,
1170 2015 1244 2065 ut

180 2084 398 2149 Iahnius
422 2090 708 2169 explicat,
736 2112 940 2149 rursus
965 2092 1239 2168 occludit,

181 2182 328 2232 vetat
355 2185 639 2235 constans
664 2174 845 2235 huius
875 2176 1047 2237 verbi
1079 2197 1240 2237 usus.

180 2258 341 2339 Saepe
366 2271 568 2322 autem
591 2262 778 2322 verba
804 2282 837 2319 a
861 2283 924 2321 re
951 2263 1242 2342 incipien-

179 2342 260 2401 tia
280 2345 631 2407 adiunctum
658 2346 886 2406 habent
911 2349 1242 2422 ablativum

180 2429 379 2508 nmque
418 2433 863 2513 praepositione
905 2455 948 2492 a
969 2434 1087 2494 ·vel
1130 2455 1241 2504 ex,-

180 2525 242 2575 ut
280 2520 377 2579 Ge.
421 2520 467 2595 1,
506 2519 690 2585 275.:
747 2529 951 2595 „atrae
985 2540 1244 2579 massam

183 2601 310 2679 picis
351 2606 542 2666 urbe
592 2609 920 2684 reportat.“
963 2604 1067 2682 IV,
1103 2609 1241 2670 88.:

185 2689 312 2760 „ubi
346 2691 633 2752 ductores
686 2691 853 2750 acie
915 2711 1246 2753 revoca-

183 2774 373 2835 veris
428 2778 630 2838 ambo.
649 2779 686 2811 “
749 2776 896 2836 Aen.
955 2778 1017 2854 1,
1074 2781 1245 2841 679.:

184 2859 369 2931 „Dona
502 2862 778 2943 pelago
819 2871 882 2921 et
916 2863 1246 2922 flammis

181 2950 550 3009 restantia
608 2948 839 3009 Troiae.
858 2950 904 2982 “·
966 2949 1052 3023 V,
1115 2952 1246 3013 99.:

183 3028 406 3103 „Manes
455 3033 904 3094 Acheronte
960 3034 1247 3094 remis-

185 3133 253 3174 so
265 3122 342 3176 s.“
408 3120 514 3191 IX,
554 3124 693 3185 82:
762 3119 982 3195 „Nilus
1041 3120 1247 3194 Quum

185 3203 447 3266 refluit
513 3205 809 3284 campis
885 3215 946 3265 et
1004 3207 1123 3265 iam
1186 3224 1248 3264 se

187 3289 431 3350 condidit
466 3291 702 3352 alveo.“
746 3292 824 3366 X,
854 3295 1025 3356 380.:
1068 3312 1250 3370 „ga-

186 3368 289 3431 lea
349 3376 778 3459 clipeoque
852 3378 1250 3438 resultant

190 3499 203 3513 .
223 3499 236 3515 .
252 3503 266 3518 .
291 3462 460 3522 tela.“
545 3462 724 3525 Adde
749 3462 820 3537 ΙΙ,
855 3465 995 3528 116.
1024 3473 1086 3523 et
1109 3462 1248 3522 Not.

189 3542 254 3601 td
288 3545 326 3619 1,
352 3551 493 3614 368.
581 3547 807 3608 Eodem
837 3548 1018 3607 modo
1052 3548 1251 3627 expli-

190 3629 331 3690 cabis
359 3633 462 3693 Ge.
493 3634 569 3708 11,
615 3637 763 3698 228.
809 3633 910 3708 ΙΙΙ,
959 3638 1056 3699 11.
1102 3634 1249 3692 Aen.

189 3709 252 3789 V,
283 3720 414 3783 178.
450 3721 599 3786 409.
682 3720 893 3798 Itaque
933 3732 1113 3779 morte
1157 3741 1254 3778 re-

189 3801 377 3877 signal
404 3814 493 3866 est
519 3807 558 3865 i.
590 3826 648 3884 q.
690 3806 950 3885 resignat
977 3825 1010 3862 a
1038 3814 1252 3865 morte.

191 3884 447 3956 Quorum
471 3891 827 3968 verborum,
870 3911 948 3951 ne
975 3890 1137 3950 idem
1161 3891 1254 3951 bis

192 3969 398 4035 dictum
435 3977 875 4053 existimemus,
931 3977 1096 4055 quod
1134 3976 1254 4038 hoc

192 4057 413 4131 quidem
435 4062 571 4123 loco
598 4063 879 4124 vitiosum
892 4107 909 4137 ,
947 4061 1103 4123 banc
1130 4083 1254 4124 esse

192 4159 517 4219 persuasum
591 4147 784 4209 habeo
860 4151 1210 4208 sententiam
1238 4173 1252 4208 ι

191 4224 401 4292 lumina
454 4234 649 4313 aperit
700 4235 941 4295 iamiam
985 4254 1046 4293 se
1085 4235 1254 4295 clau-

195 4309 411 4393 dentia3
451 4329 523 4379 ut
551 4319 887 4380 Mercurius
923 4320 1160 4381 dicatur
1192 4321 1254 4380 in

193 4397 368 4461 vitam
409 4422 695 4467 revocare
738 4406 858 4466 iam
918 4406 1255 4468 morientes.

1325 1919 1484 1980 Hinc
1523 1921 1794 1999 resignat
1830 1931 2012 1978 morte
2071 1918 2109 1977 i.
2155 1938 2211 1996 q.
2257 1919 2409 1977 resi-

1324 2014 1505 2085 gnat,
1562 2025 1636 2064 ne
1679 2005 2069 2080 claudantur3
2123 2004 2299 2084 plane
2338 2012 2409 2064 ut

1323 2092 1481 2150 infra
1512 2090 1581 2165 V,
1610 2092 1784 2155 476.:
1827 2098 2328 2167 „revocatum
2376 2110 2410 2148 a

1324 2185 1574 2235 morte
1598 2176 1904 2253 Dareta‚“
1948 2177 2052 2254 qui
2089 2196 2211 2234 non
2240 2195 2410 2235 mor-

1324 2270 1471 2322 tuus
1508 2270 1668 2338 erat,
1712 2262 1817 2321 sed
1860 2263 2014 2321 mori
2050 2260 2408 2340 prohibitus.

1325 2350 1406 2407 Et
1437 2367 1798 2426 quamquam
1824 2346 1978 2407 nihil
2004 2347 2126 2406 tale
2170 2368 2205 2406 a
2247 2355 2409 2406 cete-

1325 2433 1413 2493 ris
1439 2434 1830 2513 scriptoribus
1864 2433 2161 2507 traditur,
2207 2441 2442 2492 tamen¹

1329 2538 1399 2578 ea
1423 2521 1541 2580 fuit
1570 2521 1771 2600 virgae
1799 2520 1970 2579 istius
1998 2520 2256 2597 magicae
2293 2520 2405 2594 vis,

1328 2614 1402 2665 ut
1439 2626 1507 2664 ea
1545 2625 1643 2665 res
1680 2607 1919 2665 minime
1966 2603 2289 2664 abhorrere
2336 2604 2411 2664 ab

1329 2691 1457 2750 eius
1492 2701 1786 2771 potestate
1818 2691 2129 2764 videatur,
2173 2699 2247 2750 ut
2273 2709 2412 2749 sen-

1313 2776 1407 2835 ‘sit
1435 2778 1616 2836 etiam
1632 2778 1791 2837 AB.
1816 2774 2143 2837 Guenther.
2185 2779 2410 2835 Anim-

1331 2861 1597 2921 adverss.
1694 2867 1759 2921 in
1843 2864 2058 2941 aliqua
2151 2861 2410 2939 Virgilii

1328 2948 1628 3006 Aeneidos
1681 2949 1839 3007 loca.
1903 2946 2170 3024 Gotting.
2227 2949 2412 3010 1817.

1330 3031 1426 3092 ed.
1468 3053 1601 3114 pag.
1665 3038 1743 3098 10
1797 3053 1923 3112 sqq.
1991 3030 2168 3114 Wr.)
2268 3032 2413 3098 245.

1330 3120 1457 3179 Illa
1480 3118 1683 3197 fretus
1703 3163 1722 3195 ,
1769 3127 1844 3179 ut
1896 3118 2072 3177 toties
2115 3116 2412 3176 Homerus

1331 3200 1685 3280 πεποιθώς,
1730 3225 1872 3284 pro,
1926 3225 2064 3262 cum
2100 3204 2211 3262 illa
2232 3248 2250 3278 ,
2298 3201 2414 3261 ha-

1331 3289 1479 3349 bens
1508 3290 1690 3350 illam.
1775 3293 1912 3369 agit
1957 3297 2096 3348 ante
2139 3307 2235 3365 se,
2281 3287 2413 3367 quis

1335 3375 1607 3436 dubitet?
1664 3375 1810 3434 dum
1847 3375 2059 3435 volatu
2097 3393 2204 3454 per
2240 3394 2415 3435 auras

1331 3463 1547 3522 fertur.
1589 3458 1739 3542 (vid.
1771 3462 1840 3523 V.
1866 3462 1929 3521 L.
1982 3457 2159 3543 Wr.)

1418 3548 1807 3612 246—251.
1850 3547 2171 3606 Famosum
2203 3545 2413 3605 Atlan-

1333 3632 1415 3693 tis
1444 3641 1660 3691 nomen
1684 3633 1804 3691 iam
1831 3633 1895 3691 in
1922 3640 2123 3691 vetere
2150 3632 2414 3706 Graecia,

1335 3717 1781 3799 navigantium,
1824 3727 2005 3799 puto,
2049 3718 2299 3795 fabulis,
2343 3725 2416 3776 ut

1338 3812 1571 3865 ceterae
1594 3804 1829 3864 fabulae
1855 3804 2108 3884 Libycae
2124 3849 2141 3881 ,
2183 3825 2329 3864 mox
2353 3802 2416 3862 in

1338 3890 1603 3951 carmina
1661 3889 1735 3949 de
1792 3891 2005 3950 Perseo
2033 3934 2050 3966 ,
2141 3889 2416 3964 Hercule,

1341 3976 1754 4056 Argonauticis
1813 3986 2085 4057 receptae
2134 3986 2198 4035 et
2235 3996 2418 4037 orna-

1334 4073 1464 4123 tae:
1510 4063 1580 4121 cf.
1613 4064 1815 4122 Notas
1838 4066 1930 4122 ad
1962 4061 2245 4141 Apollod.
2288 4072 2421 4143 pag.

1338 4153 1459 4216 681
1497 4148 1635 4207 add.
1662 4169 1722 4228 p.
1748 4146 1891 4213 409.
1938 4147 2132 4208 Obvia
2159 4147 2255 4207 vel
2279 4145 2419 4207 rudi

1336 4233 1654 4295 hominum
1696 4235 1895 4313 generi
1952 4233 2143 4313 imago
2197 4230 2419 4292 montis

1339 4321 1403 4381 iu
1446 4321 1566 4381 viri
1612 4319 1863 4399 effigiem
1906 4319 2205 4394 conversi3
2274 4315 2420 4376 hinc

1343 4406 1528 4468 ducta
1549 4406 1828 4485 frequens
1851 4405 1951 4465 illa
1975 4403 2233 4465 Atlantis
2260 4411 2419 4463 tam-
