2882 5028
733 347 915 430 AD
1022 344 1683 420 LIBRUM
1787 347 1908 421 VI
2250 352 2447 425 1015

194 534 348 592 bore
399 533 597 593 solum
650 533 929 594 Servium
980 533 1223 593 tradere
1259 534 1519 594 memini.
1606 535 1729 594 Nec
1768 543 1971 594 tamen
2005 535 2072 595 id
2123 537 2444 617 quicquam

192 638 514 680 commune
541 639 677 678 cum
705 619 1100 680 Avernalibus
1126 620 1271 680 locis
1297 630 1359 679 et
1389 640 1563 682 ramo
1593 640 1775 682 ameo
1799 622 2187 701 Proserpinae
2220 622 2442 684 habere

191 704 460 765 videtur.
543 705 752 764 Latere
792 704 1018 784 aliquid
1050 705 1318 765 occultae
1351 705 1651 787 religionis
1687 727 1765 765 ex
1808 702 1991 767 initiis
2017 708 2349 786 Eleusiniis,
2391 711 2440 769 si

190 810 338 850 cum
366 789 774 851 Warburtono
802 792 1136 851 coniectare
1159 792 1328 868 velis,
1373 793 1583 853 saltem
1608 792 1687 853 ad
1706 814 1942 853 sacrum
1966 813 2221 870 ramum,
2263 814 2439 873 quem

185 884 397 954 mysta
427 877 720 955 praefert,
782 885 887 936 aut
916 878 994 938 ad
1020 898 1255 938 ramum
1288 878 1622 955 lustralem,
1666 898 1791 938 non
1820 878 1900 937 ad
1927 890 2221 959 myrteam
2262 901 2436 941 coro-

187 981 341 1020 nam
367 962 579 1021 referri
600 981 695 1022 res
728 962 937 1042 debet;
992 983 1160 1039 nam,
1202 963 1310 1024 ubi
1351 963 1431 1024 ad
1464 965 1851 1045 Proserpinae
1887 963 2133 1025 domum
2177 967 2439 1044 accessit,

187 1048 427 1106 Aeneas
464 1069 677 1126 corpus
699 1052 916 1108 reveriti
963 1050 1215 1128 Spargis
1259 1069 1429 1130 aqua
1468 1071 1820 1131 ramumque
1845 1052 2095 1111 adverso
2136 1054 2202 1110 in
2233 1053 2440 1112 lime‘ae

161 1134 340 1211 figit
390 1152 451 1193 v.
498 1137 640 1199 685.
685 1138 828 1210 686,
872 1144 946 1194 ut
984 1136 1276 1214 suspicari
1310 1136 1515 1213 liceat,
1581 1135 1661 1197 ad
1698 1137 2116 1196 lustrationem
2152 1137 2218 1196 in
2257 1138 2440 1198 snex-ia

190 1220 453 1278 deorum
491 1220 824 1279 inferorum
852 1229 915 1279 et
952 1219 1221 1280 Manium
1256 1221 1591 1283 faciendam
1627 1242 1768 1282 eum
1798 1223 2142 1303 respexisse.
2226 1222 2439 1283 Enim-

189 1324 377 1379 vero,
417 1324 589 1364 ramo
634 1304 846 1365 eodem
882 1325 1066 1366 aureo
1103 1327 1323 1385 aquam
1354 1328 1621 1387 sparsam
1646 1318 1707 1368 et
1746 1309 2162 1369 lustrationem
2195 1309 2437 1386 factam,

185 1398 375 1471 poeta
400 1410 527 1450 non
553 1400 794 1469 narrat;
847 1401 1055 1452 narrat
1092 1402 1334 1453 tantum
1376 1393 1524 1453 hoc:
1589 1415 1830 1456 ramum
1872 1398 1936 1454 in
1964 1396 2171 1454 limine
2182 1394 2341 1473 figi,
2382 1406 2439 1453 et

187 1497 335 1534 eum
375 1479 777 1554 Proserpinae
805 1499 1021 1537 munus
1045 1478 1200 1555 ferri
1234 1497 1312 1538 ex
1350 1480 1566 1539 arbore
1607 1481 1722 1561 ipsi
1767 1500 1967 1539 sacra:
2024 1499 2084 1540 v.
2123 1485 2264 1546 137.
2295 1478 2437 1545 142.

187 1562 344 1625 408.
427 1560 552 1636 Qui
588 1584 767 1642 poma
822 1583 1004 1623 aurea
1051 1563 1117 1622 in
1165 1564 1410 1624 Iunonis
1459 1567 1684 1647 nuptiis
1731 1585 1869 1625 cum
1923 1566 2065 1626 Iove
2106 1573 2438 1626 memorata

189 1646 284 1728 (v.
310 1646 450 1707 Not.
476 1647 555 1708 ad
582 1647 860 1729 Apollod.
884 1669 945 1728 p.
974 1648 1129 1732 410)
1159 1650 1547 1728 meminerit,
1571 1647 1938 1711 intercedere
1974 1650 2040 1710 in
2069 1649 2165 1710 his
2196 1670 2303 1711 seu
2330 1670 2438 1709 co-

184 1732 534 1812 gnationem
580 1754 688 1794 seu
744 1733 1190 1795 similitudinem
1233 1736 1492 1815 aliquam
1529 1735 1850 1816 intelliget,
1919 1746 1994 1795 ut
2029 1734 2438 1816 Proserpinae,

187 1829 502 1897 tamquam
529 1820 741 1879 Iunoni
771 1821 1025 1894 interae,
1069 1842 1181 1900 pro
1224 1822 1383 1881 dono
1429 1841 1634 1882 ramus
1673 1841 1889 1882 aureus
1922 1823 2157 1882 feratur
2171 1865 2187 1897 ,
2232 1830 2304 1882 ut
2326 1821 2437 1882 Iu-

184 1905 341 1965 noni
366 1905 592 1964 malum
624 1926 893 1966 aureum.
934 1908 1005 1966 In
1019 1906 1309 1966 Heracliis
1335 1906 1454 1967 hoc
1481 1908 1675 1986 ipsum
1702 1908 1928 1968 malum
1954 1909 2112 1967 forte
2140 1907 2437 1967 eduxerat

188 1989 471 2050 arborem
494 1991 924 2072 Hesperidum,
983 1991 1148 2052 unde
1178 2012 1356 2071 poma
1394 2012 1578 2054 aurea
1618 1992 1991 2074 decerpenda
2020 2001 2082 2051 et
2121 1992 2202 2053 ad
2230 1993 2435 2072 Eury-

184 2074 433 2136 stheum
448 2121 468 2153 ,
531 2077 774 2138 Iunonis
820 2077 1016 2153 iussu,
1076 2079 1151 2137 ab
1187 2077 1449 2138 Hercule
1489 2088 1664 2139 erant
1701 2078 2016 2144 afferenda.
2105 2078 2311 2138 Altera
2359 2097 2437 2137 ex
2483 2105 2489 2112 ·

183 2171 364 2241 parte
398 2165 464 2222 in
496 2163 884 2243 Proserpinae
907 2163 1125 2223 fabulis
1153 2173 1245 2223 est
1267 2165 1550 2224 comestio
1570 2165 1709 2225 mali
1736 2165 1964 2240 Punici,
1988 2184 2107 2243 qua
2135 2164 2238 2224 illa
2265 2184 2435 2223 com-

183 2247 370 2324 misit,
411 2258 486 2309 ut
513 2250 577 2307 in
602 2250 873 2309 Plutonis
902 2248 1296 2309 contubernio
1324 2251 1440 2310 sibi
1464 2251 1830 2311 manendum
1860 2259 2038 2310 esset:
2081 2270 2142 2310 v.
2173 2269 2224 2310 c.
2254 2249 2434 2309 ovid.

185 2334 335 2394 Met.
362 2333 438 2410 V,
480 2335 605 2400 535
637 2355 764 2414 sqq.
806 2334 1032 2415 Hymn.
1056 2335 1123 2395 in
1155 2336 1287 2397 Cer.
1313 2340 1461 2400 371.
1528 2337 1826 2412 Ceterum,
1868 2337 1983 2396 nisi
2019 2345 2198 2416 poeta
2232 2345 2437 2395 noster

183 2421 316 2498 ipse
344 2419 490 2479 doni
522 2420 911 2501 Proserpinae
939 2420 1171 2481 ferendi
1214 2422 1581 2481 mentionem
1626 2441 1968 2502 expressam
1995 2423 2233 2481 fecisset
2248 2466 2266 2498 ,
2321 2421 2437 2480 alia

184 2505 341 2566 esset
368 2525 551 2585 eaque
576 2506 915 2587 expeditior
948 2506 1125 2583 ratio,
1167 2507 1217 2566 si
1240 2528 1479 2567 ramum
1532 2507 1786 2582 ἱκετείας
1813 2508 2075 2568 sollenne
2104 2508 2332 2586 insigne
2358 2506 2436 2567 ad

184 2591 458 2651 animum
480 2611 726 2652 revoces
758 2590 923 2673 (vide
951 2613 1015 2654 v.
1044 2613 1094 2652 c.
1121 2592 1229 2651 ins.
1257 2593 1364 2668 XI,
1412 2591 1583 2674 101),
1628 2601 1698 2652 ut
1726 2592 1876 2653 adeo
1908 2615 2158 2652 aureum
2191 2613 2436 2651 ramum

181 2677 525 2758 praeferens
562 2677 789 2738 Aeneas
813 2679 891 2737 ad
916 2678 1332 2757 Proserpinam
1360 2677 1615 2757 supplex
1655 2678 1931 2753 accedat;
1987 2686 2125 2754 aut,
2180 2677 2231 2734 si
2267 2675 2434 2735 Mer-

183 2762 342 2822 curii
371 2763 719 2841 caduceum,
760 2766 1006 2841 virgam
1029 2784 1315 2839 auream,
1372 2762 1743 2840 memineris,
1802 2783 1922 2841 qua
1968 2762 2065 2821 alii
2098 2771 2308 2841 poetae
2351 2760 2434 2821 ad

182 2848 410 2908 inferos
441 2849 669 2908 animas
707 2849 924 2908 deduci
957 2857 1244 2924 narrant,
1306 2869 1364 2907 v.
1393 2868 1445 2906 c.
1480 2848 1595 2908 Od.
1628 2872 1694 2917 ω,
1740 2851 1783 2913 3
1806 2847 1899 2928 ἔχε
1931 2844 1998 2910 δὲ
2024 2842 2259 2928 ῥάβδον
2286 2843 2435 2927 μετα

181 2932 390 3015 χερσὶν
422 2930 672 3016 Καλήν,
715 2936 1002 3016 χρυσείην
1012 2957 1037 3008 ,·
1085 2953 1224 2993 cum
1247 2932 1610 2993 Mercurium
1654 2932 1940 2992 adhibere
1974 2932 2154 2992 huius
2184 2931 2433 2991 descen-

179 3039 288 3078 sus
328 3018 542 3078 ducem
581 3040 704 3079 non
744 3029 982 3099 posset,
1040 3037 1282 3079 auream
1325 3019 1553 3097 virgam
1590 3018 1825 3078 Aeneae
1867 3018 2161 3097 assignare
2200 3018 2431 3080 maluit.

183 3107 280 3164 lta
308 3105 475 3163 facile
497 3105 809 3185 intelligas,
853 3105 1156 3184 quomodo
1198 3113 1376 3184 poeta
1406 3105 1485 3163 ad
1524 3102 1684 3163 hanc
1718 3106 1807 3164 rei
1857 3104 2205 3183 φαντασίαν
2246 3103 2432 3165 deve-

183 3190 365 3251 nerit.
411 3191 489 3250 Ut
518 3212 767 3250 amum
788 3212 1026 3251 ramum
1051 3191 1116 3249 in
1141 3189 1305 3250 silvis
1329 3189 1647 3250 inventum
1667 3209 1792 3249 esse
1818 3189 2122 3269 proderet,
2163 3189 2225 3249 in
2257 3209 2432 3249 men-
2464 3254 2475 3259 Ἢ

181 3287 311 3336 tem
335 3277 539 3336 venire
564 3276 766 3358 potuit
797 3295 875 3335 ex
896 3274 1198 3356 Apollonii
1238 3274 1463 3334 Rhodii
1486 3276 1739 3335 lectione
1779 3275 1855 3334 de
1884 3273 2106 3335 vellere
2138 3296 2320 3336 aureo
2364 3276 2432 3335 in

180 3362 336 3423 silva
378 3363 576 3423 media
599 3363 702 3423 lib.
729 3363 831 3438 IV,
882 3368 1005 3429 122
1035 3381 1190 3439 sqq.;
1231 3381 1375 3420 nam
1400 3371 1462 3420 et
1491 3361 1542 3420 is
1582 3381 1749 3421 sacer
1775 3362 2028 3421 Hecates
2066 3362 2238 3421 lucus
2284 3371 2429 3422 erat.

178 3450 447 3508 Deorum
470 3458 671 3510 autem
711 3448 911 3507 omnia
943 3455 1090 3507 sunt
1121 3465 1320 3522 aurea,
1365 3447 1545 3506 etiam
1566 3448 1632 3507 in
1674 3447 1819 3507 Delo
1864 3442 2428 3530 χρύσειον-γενέ-

175 3539 366 3597 θλιον
398 3534 571 3614 ἔρνος
593 3534 813 3613 ἐλαίης.
867 3534 1094 3592 callim.
1124 3531 1191 3591 in
1215 3532 1339 3591 Del.
1378 3536 1524 3596 262.
1616 3533 1707 3593 Ex
1738 3533 2069 3593 vetustiore
2096 3542 2294 3593 tamen
2325 3553 2431 3595 seu

177 3621 504 3682 Heracleae
534 3639 640 3680 seu
674 3619 979 3678 Theseidis
1024 3618 1285 3677 carmine
1319 3637 1556 3678 ramum
1600 3638 1849 3679 aureum
1889 3619 2143 3698 petitum
2181 3639 2306 3679 esse
2353 3640 2430 3678 ex

176 3706 284 3766 isso
318 3725 498 3767 versu
525 3706 827 3784 suspicor:
870 3703 1019 3780 409,
1063 3724 1185 3782 quo
1202 3702 1446 3763 Charon
1479 3705 1765 3765 miratur:
1809 3705 2275 3783 donamsatalis
2301 3708 2430 3764 vit*-

171 3814 300 3870 gae
330 3793 512 3870 longo
541 3804 688 3870 post
718 3804 975 3868 tempore
1013 3792 1234 3849 visum.
1324 3789 1517 3868 Igitur
1548 3790 1669 3848 iam
1707 3791 1995 3850 Hercules
2036 3812 2139 3851 seu
2166 3789 2429 3849 Theseus

175 3897 414 3939 ramum
456 3896 705 3937 aureum
747 3874 1159 3956 praetulerant
1199 3875 1506 3951 manibus,
1551 3896 1689 3936 cum
1733 3876 1812 3936 ad
1847 3877 2071 3937 inferos
2101 3874 2479 3971 descende-5

176 3972 334 4024 rent.
422 3965 700 4022 Ceterum
733 3962 854 4023 hoc
873 3962 1120 4020 invento
1148 3960 1301 4020 bene
1328 3981 1471 4021 usus
1498 3972 1588 4021 est
1628 3962 1989 4023 Claudianus
2031 3961 2110 4021 ad
2151 3961 2428 4021 arborem

177 4068 422 4111 auream
459 4049 525 4107 in
579 4049 782 4108 inseris
832 4047 978 4107 locis
1021 4044 1469 4121 florescentem,
1536 4067 1688 4125 quae
1733 4048 1891 4109 inter
1941 4048 2052 4106 alia
2095 4047 2428 4106 inferorum

175 4138 335 4197 bona
357 4135 745 4215 Proserpinae
768 4155 803 4193 a
838 4134 1095 4195 Plutone
1122 4132 1462 4191 ostenditur
1494 4131 1569 4192 de
1592 4135 1667 4193 R.
1690 4122 1857 4195 Pros.
1879 4132 1952 4208 11,
1997 4137 2141 4198 290.
2226 4133 2427 4191 Exor-
2618 4113 2702 4223 N

175 4222 349 4295 navit
375 4219 496 4280 hoc
525 4221 756 4293 arboris
785 4236 1033 4294 aureae,
1078 4236 1231 4295 quae
1262 4218 1657 4297 Proserpinae
1694 4240 1858 4280 sacra
1906 4227 2024 4297 est,
2067 4217 2426 4298 phantasma

174 4312 510 4388 spencerus
533 4308 722 4387 Fcn'ay
759 4307 963 4384 Queen
987 4303 1053 4363 B.
1086 4303 1137 4365 11
1173 4305 1341 4364 Cant.
1369 4303 1496 4365 vn.
1526 4306 1653 4366 LIII
1682 4327 1808 4385 sqq.
