2882 5028
546 358 693 436 156

1025 355 1107 426 P.
1160 350 1684 428 VIRGILII
1750 349 2298 426 MARONIS

539 550 746 620 Aere
771 538 1074 631 trabes;
1125 536 1436 613 foribus
1468 534 1720 612 cardo'
1740 535 2122 612 stridebat
2155 539 2388 616 aenis,

537 650 712 722 Hoc
747 643 1098 744 primum
1132 642 1210 716 in
1246 641 1426 717 luco
1461 665 1666 715 nova
1701 664 1828 715 res
1858 638 2119 715 oblata
2150 644 2528 717 timorem
2636 646 2790 720 450

537 748 837 839 Leniit;
890 745 1399 846 hicprimum
1434 749 1742 820 Aeneas
1775 767 2095 842 sperare
2127 743 2460 820 salutem
2548 759 2553 772 '

538 860 829 943 AusuS,
878 862 959 924 et
991 845 1320 924 adflictis
1353 846 1635 922 melius
1670 844 2083 922 confidere
2117 848 2377 926 rebus,

521 961 937 1056 Namque,
985 952 1132 1027 suh
1185 951 1483 1049 ingenti
1530 948 1806 1025 lustrat
1849 949 2046 1026 dum
2098 951 2402 1050 singula
2450 948 2790 1050 templo,

519 1058 924 1155 Reginam
967 1055 1436 1156 opperiens»,
1494 1053 1723 1146 dum,
1778 1078 1983 1154 quae
2016 1051 2339 1132 fortuna
2370 1056 2468 1129 sit
2500 1052 2714 1148 urbi,

537 1158 1115 1261 Artificumque
1174 1182 1460 1234 manus
1512 1157 1723 1233 inter
1791 1180 1914 1253 se,
1989 1182 2495 1259 operumque
2557 1155 2789 1232 labo·

1702 1283 1904 1357 rem,
2630 1264 2790 1338 455

676 1432 781 1493 449
812 1438 982 1490 cardo
1022 1449 1123 1489 ser.
1172 1437 1386 1489 alaeam
1423 1435 1504 1487 vir
1550 1434 1910 1504 doctussslegit
1940 1434 2166 1488 Miscell.
2212 1435 2363 1487 Obss.
2416 1434 2606 1488 v01.11
2649 1435 2738 1491 Τ.Δ
2770 1435 2788 1484 1

574 1544 590 1559 .
618 1507 717 1570 85,
762 1506 933 1557 inutili
973 1508 1125 1576 plane
1167 1505 1543 1558 emendatione.

1677 1503 1785 1561 450
1819 1507 1926 1556 Hic
1961 1515 2069 1556 tres
2114 1523 2199 1573 ap.
2243 1507 2414 1555 Burm.
2483 1505 2540 1555 in

578 1586 717 1644 uget.
755 1577 848 1644 (H.
869 1594 955 1647 pr.
984 1576 1107 1628 luco
1147 1577 1331 1643 fragm.
1360 1576 1505 1637 Vnt„
1552 1574 1646 1626 sed
1680 1576 1740 1626 in
1777 1576 2203 1643 superscriptum.
2255 1573 2398 1641 Wr.)
2471 1591 2560 1624 rec
2580 1503 2790 1624 ⁶:2⁷⁸!ssss

536 1646 720 1696 Hamb.
746 1663 826 1714 pr.

532 1714 659 1767 lich.
687 1713 849 1766 Goth.
876 1723 999 1766 tert.

966 1645 1067 1700 451
1107 1648 1227 1696 Hoc
1255 1643 1474 1714 primum
1507 1646 1598 1712 (sc.
1624 1643 1676 1694 iu
1700 1642 1839 1711 luco)
1866 1644 2109 1711 Longob.
2136 1643 2314 1695 Pierii.
2385 1655 2636 1723 spectare
2682 1645 2788 1692 Zu-

1134 1714 1238 1769 455
1273 1711 1522 1778 labores,
1583 1713 1725 1781 quod
1755 1713 1809 1764 in
1850 1712 2150 1781 vulgaribus
2198 1712 2461 1763 nonnullis
2499 1712 2618 1763 edd.
2664 1711 2789 1762 visi·

462 1823 465 1827 Α
533 1794 638 1847 tur,
672 1785 777 1835 duo
809 1784 971 1837 Goth.
995 1785 1203 1851 Menag.
1226 1801 1305 1852 pr.
1335 1792 1391 1834 et
1421 1783 1499 1834 sic
1530 1781 1659 1835 alibi
1687 1782 1933 1835 variatur.
1980 1800 2028 1834 v.
2069 1784 2245 1836 Burm.
2316 1782 2453 1834 Vide
2489 1798 2654 1850 porro
2689 1800 2788 1833 au-

533 1871 638 1905 non
665 1852 953 1905 accuratius
985 1853 1360 1921 distinguatur:
1409 1853 1565 1916 dum,
1612 1871 1754 1922 quae
1775 1850 1830 1923 s
1863 1855 1936 1904 sit
1962 1850 2118 1916 urbi,
2169 1852 2550 1920 artificumque
2585 1869 2788 1902 manas

539 1924 686 1974 inter
719 1940 795 1983 se,
832 1924 924 1989 (sc.
953 1940 1087 2003 quae
1121 1923 1246 1988 sint)
1289 1934 1345 1973 et
1372 1921 1535 1988 (dum)
1570 1940 1618 1974 ο.
1651 1922 1689 1973 Ι.
1733 1923 1981 1973 nu‘ratur.
2049 1920 2157 1974 Sed
2188 1923 2423 1973 miratur
2456 1937 2654 1971 munus
2694 1921 2786 1971 in-

536 2004 628 2057 tet:
649 2008 708 2042 se
731 1999 815 2041 est
837 1992 1091 2060 exquisite
1106 2031 1122 2058 ,
1157 2009 1229 2043 sc.
1264 1990 1386 2042 dum
1412 1993 1561 2044 inter
1590 2010 1650 2043 se
1687 2003 1985 2062 comparat.

533 2148 873 2228 gnificentia
913 2158 1044 2208 erat
1082 2150 1395 2228 frequens,
1439 2149 1613 2209 cuius

534 2234 735 2295 adhuc
778 2236 840 2294 in
882 2233 1150 2294 Pantheo
1198 2236 1447 2314 vestigia
1503 2233 1614 2294 de-

532 2320 994 2400 prehenduntur
1010 2366 1027 2396 ‚
1070 2330 1165 2379 ut·
1185 2321 1473 2400 Spencius
1504 2321 1614 2379 be·-

535 2425 610 2464 ne
666 2407 921 2466 monuit.
1036 2407 1424 2465 ornatissime
1497 2427 1613 2466 au-

437 2497 446 2504 ‘
532 2500 652 2551 tem
681 2492 906 2572 singula
941 2493 1173 2553 extulit.
1238 2494 1436 2552 Aer-ea
1457 2513 1610 2570 gm-

531 2577 708 2636 dibus
760 2578 1082 2657 surgebant
1140 2581 1354 2637 limina
1375 2624 1392 2654 ,
1453 2578 1515 2637 h.
1561 2598 1611 2639 e.

530 2664 710 2723 limen
753 2675 886 2725 erat
931 2684 1007 2722 ex
1054 2684 1220 2722 aere:
1263 2684 1371 2723 seu
1413 2674 1487 2723 ut
1528 2667 1611 2722 la·-

530 2771 667 2807 men
713 2770 827 2830 pro
890 2751 1116 2817 foribus
1165 2750 1392 2809 dictum
1450 2750 1610 2808 acci-

484 2905 488 2910 .
527 2835 684 2915 pias,
730 2856 837 2895 seu
858 2844 942 2900 ,ut
974 2839 1216 2914 proprie
1251 2836 1480 2895 dictum
1512 2836 1609 2911 sit,

527 2921 594 2979 id
632 2921 798 2999 quod
838 2922 1028 2998 malo;
1070 2922 1209 2999 quia
1257 2924 1413 2980 sores
1465 2941 1610 2981 mox

528 3016 961 3065 memorantur.
1040 3007 1291 3085 Surgere
1320 3028 1445 3066 non
1472 3029 1608 3065 mo-

531 3090 610 3149 do
668 3091 1032 3165 aedificium,
1075 3093 1181 3149 sed
1231 3101 1292 3151 et
1347 3093 1609 3171 singulae

513 3186 520 3191 '
526 3185 730 3255 partes
755 3176 1059 3249 dicuntur,
1087 3178 1322 3254 quaein
1348 3197 1418 3237 eo
1445 3188 1606 3251 sunt,

526 3262 796 3341 inprimis
821 3262 1016 3320 editae
1040 3272 1101 3320 et
1127 3263 1309 3321 altae:
1352 3272 1607 3340 surgunt
1638 3310 1644 3323 ,

524 3347 726 3424 itaque
760 3347 960 3406 limina
989 3347 1289 3425 gradibus,
1311 3346 1441 3427 'per
1465 3369 1607 3427 gra-

527 3433 658 3507 dus,
705 3433 861 3493 fiunt
882 3432 1163 3493 subiectis
1190 3430 1476 3513 gradibus
1497 3453 1605 3512 per

522 3538 675 3596 quos
723 3519 802 3576 ad
854 3538 921 3576 ea
975 3519 1378 3579 adscenditur.
1482 3520 1602 3577 Sed

523 3603 671 3682 quid
719 3613 810 3662 est
864 3604 1149 3665 alterum:
1216 3627 1407 3664 nexae
1465 3601 1613 3664 aere*

521 3689 715 3748 trabes
761 3689 1084 3767 surgebant
1099 3692 1133 3750 P
1194 3691 1386 3750 trabes
1431 3690 1602 3750 haud

522 3775 704 3834 dubie
747 3784 891 3834 sunt
935 3785 1174 3855 postes3
1228 3800 1363 3836 aere
1409 3798 1599 3836 nexae

522 3861 703 3940 vulgo
750 3862 836 3920 sic
880 3863 1065 3941 accipi
1105 3863 1329 3938 videas,
1374 3871 1447 3921 ut
1474 3883 1598 3941 po-

521 3951 736 4017 stium,
787 3946 848 4006 h.
897 3967 948 4011 e.
994 3950 1257 4008 trabium
1295 3969 1372 4008 ex
1417 3949 1598 4027 ligno,

518 4053 579 4091 v.
606 4053 658 4091 c.
688 4033 1092 4112 abiegnarum,
1126 4035 1365 4094 vincula
1391 4044 1453 4092 et
1475 4035 1602 4093 cla-

518 4119 582 4177 vi
614 4137 717 4178 seu
746 4119 887 4179 unci
916 4121 1035 4178 sint
1066 4140 1141 4178 ex
1169 4141 1320 4180 aere.
1368 4119 1453 4178 At
1484 4121 1601 4178 hoc

516 4225 628 4286 pro
666 4205 897 4283 reliqua
929 4206 1136 4285 templi
1162 4206 1601 4286 magnificentia

519 4312 697 4369 quam
728 4300 883 4350 esset
904 4288 1201 4351 ieiunum:
1246 4292 1411 4371 quod
1435 4300 1602 4352 recte

517 4377 701 4437 sensit
720 4377 1027 4439 Catroeus.
1073 4377 1188 4439 Alii
1217 4376 1464 4439 indutos
1484 4398 1601 4459 po-

1694 2148 2022 2209 stes‘aereis
2044 2147 2284 2208 laminis
2314 2146 2698 2227 intelligunt3
2726 2155 2785 2205 at

1695 2256 1807 2294 nec
1836 2234 1956 2294 boc
1993 2235 2118 2294 sive
2149 2234 2350 2292 sensui
2388 2234 2515 2292 sive
2553 2232 2785 2291 iudicio
2855 2259 2857 2263 ⁴

1696 2330 1905 2380 nostro
1947 2320 2251 2378 satisfacit.
2367 2320 2584 2376 Nexaae
2648 2340 2785 2376 am

1694 2405 1888 2465 trabes
1918 2406 2207 2485 putabam
2251 2402 2409 2462 olim>
2428 2404 2623 2462 dictos
2670 2425 2783 2482 po-

1695 2502 1814 2551 stes
1875 2492 2070 2552 aeneis
2124 2489 2471 2550 cardinibus
2512 2490 2782 2564 iunctos3

1694 2577 1877 2655 idque
1926 2587 2133 2657 patere
2192 2577 2305 2635 vel
2340 2597 2415 2635 ex
2467 2576 2779 2635 Claudiani

1694 2663 2026 2722 imitatione
2065 2661 2359 2735 XXXIII,
2401 2666 2527 2726 237
2550 2662 2784 2739 sen-aei

1680 2762 1887 2828 postes
1897 2772 1926 2822 ,-
1971 2753 2381 2827 immensaqtae
2400 2750 2579 2805 nectit
2598 2750 2779 2806 clau-

1693 2847 1818 2893 stra
1862 2834 2108 2912 chabybs
2128 2879 2143 2907 ,
2191 2831 2252 2891 h.
2298 2851 2349 2892 e.
2396 2852 2474 2890 ex
2525 2832 2782 2912 chalybe

1692 2929 1864 2978 erant
1893 2920 2165 2979 cardines
2191 2919 2616 2979 immensarum
2647 2919 2782 2977 val-

1692 3025 1926 3065 varum.
1988 3006 2122 3064 Non
2154 3004 2423 3064 videram
2450 3004 2784 3064 verborum

1693 3090 1966 3150 ordinem
2018 3109 2141 3149 esse
2202 3087 2394 3148 hunc:
2470 3111 2782 3170 nexaeque

1691 3177 2020 3249 liminibus,
2067 3176 2383 3234 adiunctae
2421 3184 2483 3234 et
2523 3176 2778 3255 imposi-

1690 3271 1786 3320 tae
1827 3262 2017 3320 limini
2061 3261 2285 3337 trabes,
2353 3271 2579 3340 postes,
2642 3282 2781 3319 sur·-

1685 3347 1939 3425 gebant,
1989 3355 2157 3406 erant
2198 3366 2305 3421 ex,
2359 3368 2515 3405 aere.
2610 3348 2779 3405 Tan-

1691 3434 1829 3492 dem
1849 3432 2098 3510 son‘bus
2125 3434 2306 3493 cardo
2346 3432 2632 3490 scr-&lebat
2667 3454 2779 3491 ae-

1686 3523 1804 3593 nis,
1837 3517 1900 3578 h.
1932 3520 2092 3578 sores
2128 3528 2304 3578 erant
2331 3537 2528 3578 aenae.
2586 3519 2782 3592 Quod

1685 3614 1887 3665 autem
1935 3604 2113 3664 toties
2167 3606 2476 3663 materiam
2531 3605 2780 3683 repetit,

1684 3691 1824 3749 sacit
1854 3690 2103 3749 Homeri
2128 3691 2418 3769 exemplo.
2464 3691 2539 3748 cs.
2566 3690 2778 3750 Burm.

1686 3776 1764 3834 ad
1802 3776 1982 3835 Ovid.
2015 3777 2069 3835 11
2100 3776 2240 3835 Met.
2275 3781 2415 3841 107.

1770 3861 1917 3927 452.
1984 3862 2262 3941 Afflictis
2315 3863 2531 3918 meliust
2578 3862 2777 3934 corfi-

1683 3947 1818 4005 dere
1850 3948 2043 4006 rebus.
2095 3947 2169 4005 de
2185 3946 2356 4005 rehu-s·
2384 3947 2647 4025 afflictis
2660 3966 2774 4004 ex-

1684 4033 1810 4113 plet
1838 4036 2009 4095 Serv.
2041 4043 2102 4091 et
2131 4034 2331 4092 ceteri.
2419 4031 2537 4090 Sed
2575 4041 2641 4090 et
2662 4032 2778 4091 ab·

1685 4119 1880 4178 solute
1926 4120 2012 4177 sic
2061 4119 2311 4200 ponitur
2368 4118 2546 4176 etiam
2609 4118 2773 4196 apud

1684 4205 2026 4264 Ciceronem
2039 4227 2056 4280 ;
2084 4224 2248 4263 nuuc
2271 4207 2475 4281 magis
2489 4203 2775 4262 fiduciam

1683 4288 1905 4353 habere
1939 4292 2218 4350 fortunae
2245 4309 2386 4352 suae
2417 4289 2631 4369 coegit,
2661 4290 2773 4348 be-

1684 4395 1762 4457 ne
1799 4376 1875 4435 de
1901 4396 1969 4434 ea
1994 4395 2250 4456 sperare.
