2882 5028
883 406 1984 481 ADLIBRUMI
2415 414 2562 483 261

297 593 498 655 redu
529 615 569 653 a
592 595 816 671 Troia,
866 616 904 654 a
936 607 1115 677 patre
1142 597 1459 658 Telamone
1488 616 1692 677 aspere
1724 605 2034 676 acceptus,
2080 595 2205 656 sive
2244 595 2407 675 quod
2439 597 2567 655 sra-

299 690 456 741 trem
494 679 747 741 Aiacem
781 703 909 741 non
955 692 1113 742 essct
1144 684 1344 759 ultus,
1395 684 1522 744 sive
1557 683 1672 741 alia
1712 682 1787 742 de
1820 702 2025 741 caussa
2067 678 2151 764 (v.
2195 680 2411 764 Serv.),
2455 702 2568 741 ne-

298 787 417 845 que
455 768 524 825 in
563 768 828 827 insulam
871 769 1229 829 Salaminem
1270 769 1593 844 admissus,
1637 778 1799 828 sorte
1838 767 2062 828 Phoebi
2098 777 2374 848 accepta,
2417 788 2568 847 pro-

299 854 528 928 fectus,
572 874 804 923 novam
834 855 1192 913 Salaminem
1220 855 1282 914 in
1323 856 1524 935 Cypro
1553 853 1841 914 condidit.
1925 853 2135 913 Plures
2172 855 2340 913 fuere
2382 852 2566 913 huius

301 940 646 1017 argumenti
676 940 938 1017 tragicae
967 941 1217 999 fabulae.
1305 941 1480 999 Nunc
1512 960 1579 999 ea
1617 939 1690 999 de
1725 960 1791 999 re
1819 939 2044 999 Helena
2069 939 2273 1020 Eurip.
2309 940 2393 1004 89
2437 960 2563 1018 sqq.

307 1023 433 1086 144
459 1044 592 1102 sqq.
633 1033 726 1082 est
775 1026 1156 1086 consulenda.
1240 1027 1600 1086 Extiterunt
1633 1027 1791 1086 forte
1835 1026 2014 1085 etiam
2049 1025 2239 1105 lyrica
2280 1026 2563 1102 carmina,

304 1108 468 1168 unde
494 1109 795 1169 Horatius
821 1111 847 1170 Ι
874 1112 1068 1171 Carm.
1106 1117 1145 1175 7
1187 1113 1512 1193 expressit,
1557 1112 1671 1171 nisi
1713 1112 1763 1171 is
1802 1113 2131 1171 Pacuvium
2177 1120 2316 1170 ante
2359 1111 2565 1190 oculos

305 1192 541 1254 habuit.
603 1216 667 1254 v.
696 1195 819 1254 Cic.
845 1196 899 1255 11
931 1197 1005 1256 de
1040 1198 1144 1258 Or.
1172 1196 1272 1262 46.
1356 1199 1484 1257 Iam
1513 1199 1779 1278 Cyprum
1823 1216 1855 1255 e
1881 1197 2276 1257 Phoenicibus
2319 1197 2564 1256 coloniis

301 1280 490 1339 fuisse
529 1281 1009 1359 frequentatam,
1055 1293 1232 1361 atque
1254 1285 1431 1343 etiam
1482 1283 1709 1342 ditione
1746 1283 2047 1358 habitam,
2091 1284 2191 1344 vel
2227 1278 2354 1361 ipse
2396 1282 2564 1342 insu-

302 1366 398 1425 lae
427 1367 583 1425 situs
620 1367 939 1445 probabile
964 1370 1128 1428 facit.
1215 1370 1396 1429 Forte
1421 1379 1622 1428 tamen
1661 1379 1723 1429 et
1761 1369 2150 1429 historiarum
2179 1377 2566 1428 monumenta

300 1452 723 1528 tradiderant,
768 1474 805 1511 a
832 1454 1030 1534 Tyriis
1064 1455 1162 1515 vel
1197 1455 1490 1529 Sidoniis,
1546 1464 1607 1514 et
1647 1454 1888 1534 quidem
1923 1476 1958 1513 a
1992 1456 2136 1514 Belo
2164 1456 2396 1532 aliquo,
2442 1456 2564 1535 cy·
2598 1464 2614 1479 ”

303 1557 493 1616 prum
528 1538 705 1595 fuisse
751 1539 911 1599 bello
946 1542 1213 1620 petitam.
1321 1541 1529 1600 Paullo
1568 1550 1768 1600 umen
1825 1541 2099 1601 licentius
2144 1542 2207 1601 in
2243 1538 2375 1616 his',
2431 1541 2564 1600 iure

315 1622 566 1699 quidem
599 1643 738 1698 suo,
786 1636 1068 1686 versatur
1097 1635 1298 1706 poeta.
1378 1626 1550 1685 Facit
1588 1627 1746 1703 Beli,
1791 1628 1937 1707 Tyri
1974 1627 2162 1706 regis,
2220 1625 2420 1683 sedem
2461 1628 2563 1684 Si-

317 1708 569 1784 donem,
614 1729 762 1786 quae
784 1721 1007 1787 tamen,
1050 1713 1320 1772 Troianis
1360 1713 1569 1771 saltem
1594 1713 2000 1792 temporibus,
2059 1730 2199 1772 suos
2235 1729 2399 1789 reges
2436 1710 2563 1791 ipsa

313 1791 530 1853 habuit
570 1792 665 1875 (εί
690 1796 773 1855 ad
807 1798 1134 1856 Guthn‘um
1159 1800 1227 1858 T.
1253 1799 1298 1874 1,
1342 1819 1402 1878 p.
1438 1797 1613 1879 489).
1696 1799 1972 1857 Paridem
2016 1797 2298 1856 Sidonem
2333 1796 2564 1855 venisse

315 1889 378 1938 et
427 1880 634 1940 urbem
684 1883 1005 1959 evertisse,
1053 1895 1366 1944 narratum
1411 1892 1545 1943 erat
1579 1885 1643 1943 in
1688 1884 1952 1964 Cypriis,
1995 1892 2066 1942 ut
2111 1902 2188 1941 ex
2230 1882 2561 1960 fragmento

296 1965 494 2026 Procli
519 1968 812 2029 Escurial.
844 1969 1049 2029 didici.
1133 1971 1478 2030 Accesserat
1504 1989 1651 2029 mox
1679 1970 1755 2029 ad
1795 1971 2079 2050 Cinyram
2120 1967 2459 2030 Palamedes
2497 1968 2563 2028 in

295 2052 562 2134 Cyprum
603 2054 827 2114 missus
857 2055 936 2114 ad
965 2059 1301 2116 societatem
1324 2056 1467 2116 belli
1509 2056 1861 2136 petendam:
1904 2055 2068 2134 quod
2099 2074 2176 2113 ex
2206 2053 2444 2131 eodem,
2489 2063 2562 2114 ut

294 2141 596 2219 suspicor,
646 2141 921 2200 carmine
959 2151 1240 2202 narratur
1266 2143 1329 2201 in
1358 2141 1787 2202 Alcidamantis
1818 2142 1923 2202 Or.
1955 2142 2017 2200 in
2046 2140 2339 2201 Palamed.
2367 2160 2427 2220 p.
2458 2143 2560 2204 78.

296 2224 540 2286 Fundus
613 2237 754 2286 erat
795 2227 970 2287 Iliad.
1012 2233 1079 2303 λ,
1123 2232 1422 2293 20-28.
1508 2229 1700 2288 Porro
1757 2229 1905 2287 Beli
1942 2247 2191 2302 nomen,
2253 2236 2560 2304 tamquam

295 2313 554 2388 mollius,
619 2323 793 2372 recte
837 2314 1134 2393 praetulit
1167 2323 1345 2393 poeta
1376 2333 1523 2375 vero
1555 2313 1816 2388 nomini,
1861 2312 2024 2392 quod
2065 2322 2238 2393 pater
2271 2313 2460 2373 Elisae
2499 2321 2562 2371 et

290 2398 722 2477 Pygmalionis,
766 2401 919 2480 Tyri
953 2418 1102 2474 rex,
1145 2398 1359 2459 habuit
1390 2403 1715 2478 Mutgonis
1754 2399 1852 2458 vel
1885 2402 2176 2477 Malgem‘
2201 2419 2296 2479 ap.
2328 2396 2557 2478 Ioseph.

285 2482 582 2566 inApion.
614 2486 660 2561 I,
710 2506 773 2566 p.
808 2490 960 2562 927,
1004 2487 1356 2559 Meumum,
1405 2488 1700 2561 Mettem,
1750 2484 2055 2545 Metlmm
2094 2484 2398 2566 appellunt
2440 2482 2558 2560 alii,

282 2590 337 2631 v.
365 2574 444 2631 ad
468 2574 693 2633 lustin.
726 2572 952 2648 XVIII,
995 2571 1057 2647 4,
1103 2576 1161 2635 3.
1248 2571 1422 2631 Adde
1458 2575 1626 2632 Serv.
1658 2571 1735 2630 ad
1773 2570 1920 2630 Aen.
1947 2570 1991 2645 1,
2032 2571 2175 2636 848.

1235 2840 1617 2849 -——————-
1634 2844 1641 2850 =

750 3045 1607 3137 EXCURSUS
1701 3047 2070 3135 XXIV

1080 3218 1236 3286 De
1321 3221 1777 3286 Ilione.

459 3389 509 3465 Ι,
562 3391 719 3454 658.
795 3391 1121 3449 Praeterea
1179 3405 1474 3471 sceptrum
1493 3438 1509 3466 ,
1587 3393 1780 3452 Ilione
1835 3388 2001 3470 quod
2053 3398 2323 3465 gesserat
2383 3386 2548 3442 olisn.

287 3474 537 3533 [lienem
579 3474 749 3533 inter
794 3475 1011 3535 Priami
1057 3477 1207 3537 filias
1255 3479 1330 3536 ab
1371 3478 1741 3557 Apollodoro
1785 3484 1847 3534 et
1889 3473 2176 3535 similibus
2235 3469 2556 3529 memorari

291 3580 416 3618 non
441 3561 690 3635 videas,
738 3561 813 3618 ab
843 3560 1080 3641 Hygino
1117 3572 1314 3622 tamen
1344 3564 1459 3622 fab.
1492 3566 1616 3629 243
1648 3571 1706 3621 et
1739 3566 1860 3625 109
1890 3581 1966 3618 ex
1990 3557 2296 3637 tragoedia
2333 3555 2557 3616 scilicet

293 3645 664 3705 Graecorum
689 3647 923 3724 aliqua,
969 3668 1121 3726 quae
1159 3649 1409 3709 interiit.
1498 3650 1605 3706 Est
1643 3648 1724 3706 ibi
1760 3647 1861 3706 illa
1892 3642 2327 3724 Polymnestori
2355 3640 2569 3700 Thra-'

293 3750 434 3790 cum
470 3733 592 3811 regi
636 3742 867 3812 nupta,
933 3743 994 3793 et
1022 3733 1101 3792 ad
1140 3754 1266 3793 eam
1303 3736 1495 3794 frater
1526 3733 1863 3813 Polydorus
1895 3729 2243 3790 educandus
2279 3727 2554 3787 mittitur.

290 3816 479 3877 Etiam
529 3819 779 3878 Pacuvii
825 3819 1133 3899 tragoedia
1189 3819 1307 3880 hoc
1351 3819 1593 3879 nomine
1643 3820 1794 3896 fuit3
1885 3827 1944 3875 et
1983 3816 2144 3875 Accii
2191 3815 2427 3874 llionen
2473 3831 2549 3870 ex

284 3903 482 3965 Nonio
508 3905 755 3988 laudari
792 3904 1034 3979 videas,
1079 3906 1230 3965 male
1267 3907 1342 3964 ab
1382 3906 1548 3978 aliis,
1594 3906 1773 3964 etiam
1807 3924 1838 3961 a
1869 3902 2191 3974 Columna,
2237 3899 2398 3959 inter
2430 3898 2555 3957 En·
2596 3963 2601 3970 ‚

284 3991 492 4050 nianas
537 3991 778 4050 fabulas
834 4002 1383 4052 commemoratam.
1485 3992 1576 4050 Ex
1626 4010 1694 4049 ea
1735 3990 1960 4049 dictum
2000 3987 2181 4047 illud:
2239 3988 2451 4044 Macer
2500 3995 2555 4041 te

282 4079 526 4156 appello
567 4099 600 4138 e
641 4078 763 4137 Cic.
812 4077 978 4136 Acad
1045 4078 1164 4151 Qu.
1209 4078 1304 4152 IV,
1348 4082 1432 4141 27
1475 4085 1534 4135 et
1561 4076 1768 4136 Horat.
1802 4076 1855 4135 11
1888 4078 2074 4134 Sei-m.
2104 4077 2164 4147 3,
2210 4075 2284 4136 61
2321 4077 2555 4129 notum.

284 4163 433 4223 adde
460 4167 634 4226 Serv.
670 4165 750 4224 ad
779 4163 842 4224 11.
876 4165 917 4223 l.
960 4172 1021 4221 et
1053 4163 1152 4237 Ill,
1201 4164 1296 4229 15.
1355 4162 1652 4222 Laodicen
1696 4163 1920 4222 frustra
1965 4159 2090 4221 huc
2120 4164 2304 4216 vocat
2342 4153 2554 4227 Cei-da,

280 4249 351 4310 de
388 4274 504 4332 qua
553 4275 615 4313 v.
662 4253 892 4328 Quint.
933 4248 1057 4307 Cal.
1101 4247 1256 4325 xm,
1303 4248 1428 4314 544
1465 4269 1589 4328 sqq.
1648 4246 1979 4330 Tryphiod.
2019 4266 2078 4306 v.
2118 4243 2244 4307 648
2293 4251 2354 4300 et
2396 4240 2554 4298 Pau·

275 4359 390 4400 san.
420 4341 494 4418 X,
545 4344 652 4409 26.
755 4360 770 4370 ·

1243 4464 1647 4473 --————
