<?xml version="1.0" encoding="UTF-8"?>
<!DOCTYPE html PUBLIC "-//W3C//DTD XHTML 1.0 Transitional//EN"
    "http://www.w3.org/TR/xhtml1/DTD/xhtml1-transitional.dtd">
<html xmlns="http://www.w3.org/1999/xhtml" xml:lang="en" lang="en">
 <head>
  <title>
</title>
<meta http-equiv="Content-Type" content="text/html;charset=utf-8" />
  <meta name='ocr-system' content='tesseract 3.04.00' />
  <meta name='ocr-capabilities' content='ocr_page ocr_carea ocr_par ocr_line ocrx_word'/>
</head>
<body>
  <div class='ocr_page' id='page_1' title='image "./pvblivsvirgiliv00sillgoog/pvblivsvirgiliv00sillgoog_0479.png"; bbox 0 0 2882 5028; ppageno 0'>
   <div class='ocr_carea' id='block_1_1' title="bbox 405 314 575 390">
    <p class='ocr_par' dir='ltr' id='par_1_1' title="bbox 405 314 575 390">
     <span class='ocr_line' id='line_1_1' title="bbox 405 314 575 390; baseline 0.012 -2"><span class='ocrx_word' id='word_1_1' title='bbox 405 314 563 390; x_wconf 83' lang='lat'>456</span> <span class='ocrx_word' id='word_1_2' title='bbox 574 353 575 358; x_wconf 40' lang='lat'>¹</span> 
     </span>
    </p>
   </div>
   <div class='ocr_carea' id='block_1_2' title="bbox 893 308 2291 386">
    <p class='ocr_par' dir='ltr' id='par_1_2' title="bbox 893 308 2291 386">
     <span class='ocr_line' id='line_1_2' title="bbox 893 308 2291 386; baseline -0.002 -2"><span class='ocrx_word' id='word_1_3' title='bbox 893 313 977 384; x_wconf 90' lang='grc' dir='ltr'>Ρ.</span> <span class='ocrx_word' id='word_1_4' title='bbox 1031 309 1563 384; x_wconf 88' lang='lat' dir='ltr'>VIRGILII</span> <span class='ocrx_word' id='word_1_5' title='bbox 1613 308 2206 386; x_wconf 69' lang='lat' dir='ltr'>MARONIS&#39;</span> <span class='ocrx_word' id='word_1_6' title='bbox 2257 321 2291 383; x_wconf 78' lang='grc' dir='ltr'>ζ’.</span> 
     </span>
    </p>
   </div>
   <div class='ocr_carea' id='block_1_3' title="bbox 405 493 2687 804">
    <p class='ocr_par' dir='ltr' id='par_1_3' title="bbox 405 493 2687 804">
     <span class='ocr_line' id='line_1_3' title="bbox 405 493 2678 594; baseline -0.003 -19"><span class='ocrx_word' id='word_1_7' title='bbox 405 502 509 576; x_wconf 83' lang='lat' dir='ltr'>Et</span> <span class='ocrx_word' id='word_1_8' title='bbox 533 518 808 594; x_wconf 69' lang='lat' dir='ltr'>geum,</span> <span class='ocrx_word' id='word_1_9' title='bbox 844 507 925 570; x_wconf 84' lang='lat' dir='ltr'>et</span> <span class='ocrx_word' id='word_1_10' title='bbox 947 518 1405 584; x_wconf 82' lang='lat' dir='ltr'>mansuram</span> <span class='ocrx_word' id='word_1_11' title='bbox 1433 494 1766 573; x_wconf 80' lang='lat' dir='ltr'>urbem!</span> <span class='ocrx_word' id='word_1_12' title='bbox 1821 497 2064 571; x_wconf 88' lang='lat' dir='ltr'>Serva</span> <span class='ocrx_word' id='word_1_13' title='bbox 2100 493 2346 571; x_wconf 85' lang='lat' dir='ltr'>altera</span> <span class='ocrx_word' id='word_1_14' title='bbox 2377 497 2678 570; x_wconf 79' lang='lat' dir='ltr'>Troiae</span> 
     </span>
     <span class='ocr_line' id='line_1_4' title="bbox 406 599 2687 700; baseline -0.001 -21"><span class='ocrx_word' id='word_1_15' title='bbox 406 608 790 698; x_wconf 84' lang='lat' dir='ltr'>Pergama</span> <span class='ocrx_word' id='word_1_16' title='bbox 815 659 836 696; x_wconf 87' lang='lat'>‚</span> <span class='ocrx_word' id='word_1_17' title='bbox 902 599 1272 700; x_wconf 83' lang='lat' dir='ltr'>reliquias</span> <span class='ocrx_word' id='word_1_18' title='bbox 1305 603 1676 675; x_wconf 86' lang='lat' dir='ltr'>Danaum</span> <span class='ocrx_word' id='word_1_19' title='bbox 1721 612 1957 699; x_wconf 83' lang='lat' dir='ltr'>atque</span> <span class='ocrx_word' id='word_1_20' title='bbox 2004 600 2299 675; x_wconf 84' lang='lat' dir='ltr'>inmitis</span> <span class='ocrx_word' id='word_1_21' title='bbox 2344 599 2687 677; x_wconf 70' lang='lat' dir='ltr'>Achillis·</span> 
     </span>
     <span class='ocr_line' id='line_1_5' title="bbox 411 702 2677 804; baseline -0.001 -24"><span class='ocrx_word' id='word_1_22' title='bbox 411 709 678 800; x_wconf 83' lang='lat' dir='ltr'><strong>Quem</strong></span> <span class='ocrx_word' id='word_1_23' title='bbox 727 705 1140 804; x_wconf 87' lang='lat' dir='ltr'>sequimur</span> <span class='ocrx_word' id='word_1_24' title='bbox 1168 712 1204 781; x_wconf 77' lang='grc' dir='ltr'><strong><em>ἓ</em></strong></span> <span class='ocrx_word' id='word_1_25' title='bbox 1291 727 1556 804; x_wconf 87' lang='lat' dir='ltr'>quove</span> <span class='ocrx_word' id='word_1_26' title='bbox 1612 705 1730 778; x_wconf 91' lang='lat' dir='ltr'>ire</span> <span class='ocrx_word' id='word_1_27' title='bbox 1790 703 2069 781; x_wconf 84' lang='lat' dir='ltr'>iubes?</span> <span class='ocrx_word' id='word_1_28' title='bbox 2145 702 2284 779; x_wconf 87' lang='lat' dir='ltr'>ubi</span> <span class='ocrx_word' id='word_1_29' title='bbox 2358 728 2677 804; x_wconf 32' lang='lat' dir='ltr'>ponere.</span> 
     </span>
    </p>
   </div>
   <div class='ocr_carea' id='block_1_4' title="bbox 1581 805 1869 884">
    <p class='ocr_par' dir='ltr' id='par_1_4' title="bbox 1581 805 1869 884">
     <span class='ocr_line' id='line_1_6' title="bbox 1581 805 1869 884; baseline 0.01 -3"><span class='ocrx_word' id='word_1_30' title='bbox 1581 805 1869 884; x_wconf 83' lang='lat' dir='ltr'>sedes?</span> 
     </span>
    </p>
   </div>
   <div class='ocr_carea' id='block_1_5' title="bbox 407 908 2670 1011">
    <p class='ocr_par' dir='ltr' id='par_1_5' title="bbox 407 908 2670 1011">
     <span class='ocr_line' id='line_1_7' title="bbox 407 908 2670 1011; baseline 0 -24"><span class='ocrx_word' id='word_1_31' title='bbox 407 915 564 1007; x_wconf 90' lang='lat' dir='ltr'>Da,</span> <span class='ocrx_word' id='word_1_32' title='bbox 601 922 862 1010; x_wconf 85' lang='lat' dir='ltr'>pater,</span> <span class='ocrx_word' id='word_1_33' title='bbox 897 909 1354 1007; x_wconf 81' lang='lat' dir='ltr'>augurium,</span> <span class='ocrx_word' id='word_1_34' title='bbox 1385 922 1625 1011; x_wconf 88' lang='lat' dir='ltr'>atque</span> <span class='ocrx_word' id='word_1_35' title='bbox 1657 911 1937 986; x_wconf 89' lang='lat' dir='ltr'>animis</span> <span class='ocrx_word' id='word_1_36' title='bbox 1970 908 2326 986; x_wconf 85' lang='lat' dir='ltr'>inlabere</span> <span class='ocrx_word' id='word_1_37' title='bbox 2360 910 2670 989; x_wconf 85' lang='lat' dir='ltr'>nostris.</span> 
     </span>
    </p>
   </div>
   <div class='ocr_carea' id='block_1_6' title="bbox 551 1116 2671 1187">
    <p class='ocr_par' dir='ltr' id='par_1_6' title="bbox 551 1116 2671 1187">
     <span class='ocr_line' id='line_1_8' title="bbox 551 1116 2671 1187; baseline -0.001 -14"><span class='ocrx_word' id='word_1_38' title='bbox 551 1118 753 1186; x_wconf 84' lang='lat'><strong>(—86.</strong></span> <span class='ocrx_word' id='word_1_39' title='bbox 790 1135 1100 1169; x_wconf 71' lang='lat' dir='ltr'>mensuram</span> <span class='ocrx_word' id='word_1_40' title='bbox 1128 1117 1283 1187; x_wconf 75' lang='lat' dir='ltr'>prior</span> <span class='ocrx_word' id='word_1_41' title='bbox 1318 1117 1511 1169; x_wconf 83' lang='lat' dir='ltr'>Medic.</span> <span class='ocrx_word' id='word_1_42' title='bbox 1558 1116 1750 1183; x_wconf 84' lang='lat' dir='ltr'>lectio,</span> <span class='ocrx_word' id='word_1_43' title='bbox 1803 1117 1849 1169; x_wconf 86' lang='lat' dir='ltr'>si</span> <span class='ocrx_word' id='word_1_44' title='bbox 1894 1118 2040 1170; x_wconf 78' lang='lat' dir='ltr'>cuius</span> <span class='ocrx_word' id='word_1_45' title='bbox 2092 1117 2317 1169; x_wconf 86' lang='lat' dir='ltr'>interest</span> <span class='ocrx_word' id='word_1_46' title='bbox 2361 1116 2468 1169; x_wconf 84' lang='lat' dir='ltr'>hoc</span> <span class='ocrx_word' id='word_1_47' title='bbox 2516 1117 2671 1171; x_wconf 79' lang='lat' dir='ltr'>seire.</span> 
     </span>
    </p>
   </div>
   <div class='ocr_carea' id='block_1_7' title="bbox 417 1187 563 1253">
    <p class='ocr_par' dir='ltr' id='par_1_7' title="bbox 417 1187 563 1253">
     <span class='ocr_line' id='line_1_9' title="bbox 417 1187 563 1253; baseline -0.021 -12"><span class='ocrx_word' id='word_1_48' title='bbox 417 1187 563 1253; x_wconf 57' lang='grc' dir='ltr'><strong>ιν..)</strong></span> 
     </span>
    </p>
   </div>
   <div class='ocr_carea' id='block_1_8' title="bbox 698 1186 2696 1257">
    <p class='ocr_par' dir='ltr' id='par_1_8' title="bbox 698 1186 2696 1257">
     <span class='ocr_line' id='line_1_10' title="bbox 698 1186 2696 1257; baseline 0.001 -16"><span class='ocrx_word' id='word_1_49' title='bbox 698 1188 767 1241; x_wconf 88' lang='lat'>87</span> <span class='ocrx_word' id='word_1_50' title='bbox 802 1188 1011 1239; x_wconf 78' lang='lat' dir='ltr'>Achilli</span> <span class='ocrx_word' id='word_1_51' title='bbox 1042 1187 1215 1239; x_wconf 82' lang='lat' dir='ltr'>firmat</span> <span class='ocrx_word' id='word_1_52' title='bbox 1250 1187 1432 1238; x_wconf 84' lang='lat' dir='ltr'>Heius.</span> <span class='ocrx_word' id='word_1_53' title='bbox 1488 1197 1543 1238; x_wconf 83' lang='lat' dir='ltr'>et</span> <span class='ocrx_word' id='word_1_54' title='bbox 1591 1188 1645 1239; x_wconf 90' lang='lat' dir='ltr'>h.</span> <span class='ocrx_word' id='word_1_55' title='bbox 1695 1188 1732 1240; x_wconf 87' lang='lat' dir='ltr'>l.</span> <span class='ocrx_word' id='word_1_56' title='bbox 1782 1187 1852 1240; x_wconf 82' lang='lat' dir='ltr'>cf.</span> <span class='ocrx_word' id='word_1_57' title='bbox 1902 1206 2019 1257; x_wconf 85' lang='lat' dir='ltr'>sup.</span> <span class='ocrx_word' id='word_1_58' title='bbox 2068 1189 2109 1254; x_wconf 89' lang='lat'>1,</span> <span class='ocrx_word' id='word_1_59' title='bbox 2156 1189 2245 1254; x_wconf 84' lang='lat'>30,</span> <span class='ocrx_word' id='word_1_60' title='bbox 2294 1186 2364 1239; x_wconf 88' lang='lat' dir='ltr'>al.</span> <span class='ocrx_word' id='word_1_61' title='bbox 2416 1188 2696 1243; x_wconf 69' lang='lat' dir='ltr'>Achillis.</span> 
     </span>
    </p>
   </div>
   <div class='ocr_carea' id='block_1_9' title="bbox 410 1256 1679 1326">
    <p class='ocr_par' dir='ltr' id='par_1_9' title="bbox 410 1256 1679 1326">
     <span class='ocr_line' id='line_1_11' title="bbox 410 1256 1679 1326; baseline 0.001 -18"><span class='ocrx_word' id='word_1_62' title='bbox 410 1261 481 1308; x_wconf 73' lang='lat' dir='ltr'>At</span> <span class='ocrx_word' id='word_1_63' title='bbox 514 1257 756 1324; x_wconf 61' lang='lat' dir='ltr'>Achillei</span> <span class='ocrx_word' id='word_1_64' title='bbox 784 1258 971 1325; x_wconf 78' lang='lat' dir='ltr'>fragm.</span> <span class='ocrx_word' id='word_1_65' title='bbox 1006 1256 1183 1309; x_wconf 74' lang='lat' dir='ltr'>Vatic-</span> <span class='ocrx_word' id='word_1_66' title='bbox 1220 1258 1295 1325; x_wconf 84' lang='lat' dir='ltr'>(et</span> <span class='ocrx_word' id='word_1_67' title='bbox 1327 1257 1491 1309; x_wconf 73' lang='lat' dir='ltr'>Pelet.</span> <span class='ocrx_word' id='word_1_68' title='bbox 1532 1259 1679 1326; x_wconf 80' lang='lat' dir='ltr'>Wr.)</span> 
     </span>
    </p>
   </div>
   <div class='ocr_carea' id='block_1_10' title="bbox 412 1430 1564 1511">
    <p class='ocr_par' dir='ltr' id='par_1_10' title="bbox 412 1430 1564 1511">
     <span class='ocr_line' id='line_1_12' title="bbox 412 1430 1564 1511; baseline -0.008 -13"><span class='ocrx_word' id='word_1_69' title='bbox 412 1436 538 1498; x_wconf 84' lang='grc'>683</span> <span class='ocrx_word' id='word_1_70' title='bbox 560 1464 647 1479; x_wconf 92' lang='lat'>—</span> <span class='ocrx_word' id='word_1_71' title='bbox 662 1436 806 1498; x_wconf 82' lang='grc'><strong>687.</strong></span> <span class='ocrx_word' id='word_1_72' title='bbox 878 1434 1133 1511; x_wconf 79' lang='lat' dir='ltr'>Templa</span> <span class='ocrx_word' id='word_1_73' title='bbox 1158 1453 1310 1490; x_wconf 76' lang='lat' dir='ltr'>saxo</span> <span class='ocrx_word' id='word_1_74' title='bbox 1338 1445 1497 1491; x_wconf 78' lang='lat' dir='ltr'>slm-</span> <span class='ocrx_word' id='word_1_75' title='bbox 1559 1430 1564 1435; x_wconf 49' lang='lat'><strong>⁴</strong></span> 
     </span>
    </p>
   </div>
   <div class='ocr_carea' id='block_1_11' title="bbox 386 1517 1512 4425">
    <p class='ocr_par' dir='ltr' id='par_1_11' title="bbox 386 1517 1512 4425">
     <span class='ocr_line' id='line_1_13' title="bbox 412 1517 1498 1597; baseline 0.001 -21"><span class='ocrx_word' id='word_1_76' title='bbox 412 1531 513 1576; x_wconf 81' lang='lat' dir='ltr'>cta</span> <span class='ocrx_word' id='word_1_77' title='bbox 557 1530 781 1577; x_wconf 79' lang='lat' dir='ltr'>vetusto</span> <span class='ocrx_word' id='word_1_78' title='bbox 801 1561 821 1593; x_wconf 92' lang='lat'>‚</span> <span class='ocrx_word' id='word_1_79' title='bbox 896 1519 1030 1597; x_wconf 85' lang='lat' dir='ltr'>quis</span> <span class='ocrx_word' id='word_1_80' title='bbox 1087 1517 1325 1577; x_wconf 88' lang='lat' dir='ltr'>dubitet</span> <span class='ocrx_word' id='word_1_81' title='bbox 1373 1537 1498 1577; x_wconf 85' lang='lat' dir='ltr'>esse</span> 
     </span>
     <span class='ocr_line' id='line_1_14' title="bbox 411 1603 1498 1683; baseline 0 -20"><span class='ocrx_word' id='word_1_82' title='bbox 411 1616 710 1663; x_wconf 69' lang='lat' dir='ltr'>vetustum</span> <span class='ocrx_word' id='word_1_83' title='bbox 747 1606 1036 1682; x_wconf 82' lang='lat' dir='ltr'>templum</span> <span class='ocrx_word' id='word_1_84' title='bbox 1053 1604 1078 1661; x_wconf 86' lang='lat'>.&#39;</span> <span class='ocrx_word' id='word_1_85' title='bbox 1165 1603 1498 1683; x_wconf 83' lang='lat' dir='ltr'>Argutatur</span> 
     </span>
     <span class='ocr_line' id='line_1_15' title="bbox 413 1687 1510 1767; baseline 0 -18"><span class='ocrx_word' id='word_1_86' title='bbox 413 1698 617 1749; x_wconf 81' lang='lat' dir='ltr'>tamen</span> <span class='ocrx_word' id='word_1_87' title='bbox 644 1687 709 1748; x_wconf 88' lang='lat' dir='ltr'>in</span> <span class='ocrx_word' id='word_1_88' title='bbox 730 1687 851 1749; x_wconf 85' lang='lat' dir='ltr'>hoc</span> <span class='ocrx_word' id='word_1_89' title='bbox 879 1690 1141 1751; x_wconf 83' lang='lat' dir='ltr'>Macrob.</span> <span class='ocrx_word' id='word_1_90' title='bbox 1172 1689 1252 1749; x_wconf 91' lang='lat'>111</span> <span class='ocrx_word' id='word_1_91' title='bbox 1278 1692 1401 1749; x_wconf 85' lang='lat' dir='ltr'>Sat.</span> <span class='ocrx_word' id='word_1_92' title='bbox 1435 1695 1510 1767; x_wconf 83' lang='grc'>6,’</span> 
     </span>
     <span class='ocr_line' id='line_1_16' title="bbox 413 1775 1501 1836; baseline 0.001 -3"><span class='ocrx_word' id='word_1_93' title='bbox 413 1783 477 1833; x_wconf 88' lang='lat' dir='ltr'>et</span> <span class='ocrx_word' id='word_1_94' title='bbox 503 1787 735 1835; x_wconf 73' lang='lat' dir='ltr'>vetusta</span> <span class='ocrx_word' id='word_1_95' title='bbox 761 1795 918 1834; x_wconf 80' lang='lat' dir='ltr'>saxa</span> <span class='ocrx_word' id='word_1_96' title='bbox 948 1796 1086 1835; x_wconf 89' lang='lat' dir='ltr'>cum</span> <span class='ocrx_word' id='word_1_97' title='bbox 1109 1775 1175 1836; x_wconf 86' lang='lat' dir='ltr'>vi</span> <span class='ocrx_word' id='word_1_98' title='bbox 1199 1796 1501 1836; x_wconf 87' lang='lat' dir='ltr'>memora-</span> 
     </span>
     <span class='ocr_line' id='line_1_17' title="bbox 413 1861 1503 1939; baseline 0 -21"><span class='ocrx_word' id='word_1_99' title='bbox 413 1869 477 1918; x_wconf 80' lang='lat' dir='ltr'>ta</span> <span class='ocrx_word' id='word_1_100' title='bbox 536 1880 662 1920; x_wconf 84' lang='lat' dir='ltr'>esse</span> <span class='ocrx_word' id='word_1_101' title='bbox 720 1861 889 1937; x_wconf 77' lang='lat' dir='ltr'>vult,</span> <span class='ocrx_word' id='word_1_102' title='bbox 953 1862 1093 1939; x_wconf 87' lang='lat' dir='ltr'>quia</span> <span class='ocrx_word' id='word_1_103' title='bbox 1143 1881 1256 1921; x_wconf 85' lang='lat' dir='ltr'>nec</span> <span class='ocrx_word' id='word_1_104' title='bbox 1301 1871 1503 1921; x_wconf 85' lang='lat' dir='ltr'>terrae</span> 
     </span>
     <span class='ocr_line' id='line_1_18' title="bbox 414 1946 1504 2007; baseline -0.001 -1"><span class='ocrx_word' id='word_1_105' title='bbox 414 1955 591 2006; x_wconf 83' lang='lat' dir='ltr'>motu</span> <span class='ocrx_word' id='word_1_106' title='bbox 647 1965 760 2007; x_wconf 82' lang='lat' dir='ltr'>nec</span> <span class='ocrx_word' id='word_1_107' title='bbox 810 1946 1087 2007; x_wconf 79' lang='lat' dir='ltr'>incendio</span> <span class='ocrx_word' id='word_1_108' title='bbox 1135 1967 1282 2006; x_wconf 82' lang='lat' dir='ltr'>saxa</span> <span class='ocrx_word' id='word_1_109' title='bbox 1336 1949 1504 2006; x_wconf 82' lang='lat' dir='ltr'>suere</span> 
     </span>
     <span class='ocr_line' id='line_1_19' title="bbox 413 2030 1504 2113; baseline 0.001 -22"><span class='ocrx_word' id='word_1_110' title='bbox 413 2040 649 2091; x_wconf 79' lang='lat' dir='ltr'>mutata</span> <span class='ocrx_word' id='word_1_111' title='bbox 665 2075 684 2108; x_wconf 93' lang='lat'>,</span> <span class='ocrx_word' id='word_1_112' title='bbox 727 2030 832 2090; x_wconf 87' lang='lat' dir='ltr'>sed</span> <span class='ocrx_word' id='word_1_113' title='bbox 857 2051 1091 2113; x_wconf 86' lang='lat' dir='ltr'>semper</span> <span class='ocrx_word' id='word_1_114' title='bbox 1112 2033 1368 2092; x_wconf 82' lang='lat' dir='ltr'>insulam</span> <span class='ocrx_word' id='word_1_115' title='bbox 1397 2053 1504 2092; x_wconf 90' lang='lat' dir='ltr'>eo-</span> 
     </span>
     <span class='ocr_line' id='line_1_20' title="bbox 417 2116 1504 2179; baseline 0.001 -3"><span class='ocrx_word' id='word_1_116' title='bbox 417 2116 557 2176; x_wconf 78' lang='lat' dir='ltr'>dem</span> <span class='ocrx_word' id='word_1_117' title='bbox 585 2116 867 2176; x_wconf 87' lang='lat' dir='ltr'>mansisse</span> <span class='ocrx_word' id='word_1_118' title='bbox 905 2138 1072 2179; x_wconf 76' lang='lat' dir='ltr'>saxo.</span> <span class='ocrx_word' id='word_1_119' title='bbox 1156 2119 1290 2178; x_wconf 86' lang='lat' dir='ltr'>Alio</span> <span class='ocrx_word' id='word_1_120' title='bbox 1319 2119 1504 2178; x_wconf 88' lang='lat' dir='ltr'>modo</span> 
     </span>
     <span class='ocr_line' id='line_1_21' title="bbox 414 2202 1499 2282; baseline 0.002 -21"><span class='ocrx_word' id='word_1_121' title='bbox 414 2211 732 2281; x_wconf 83' lang='lat' dir='ltr'>argutatur</span> <span class='ocrx_word' id='word_1_122' title='bbox 759 2202 1099 2263; x_wconf 78' lang='lat' dir='ltr'>Macrobius</span> <span class='ocrx_word' id='word_1_123' title='bbox 1123 2203 1187 2263; x_wconf 91' lang='lat' dir='ltr'>in</span> <span class='ocrx_word' id='word_1_124' title='bbox 1215 2223 1306 2279; x_wconf 85' lang='lat' dir='ltr'>eo,</span> <span class='ocrx_word' id='word_1_125' title='bbox 1334 2204 1499 2282; x_wconf 92' lang='lat' dir='ltr'>quod</span> 
     </span>
     <span class='ocr_line' id='line_1_22' title="bbox 418 2288 1500 2368; baseline 0.001 -21"><span class='ocrx_word' id='word_1_126' title='bbox 418 2288 644 2347; x_wconf 79' lang='lat' dir='ltr'>Aeneas</span> <span class='ocrx_word' id='word_1_127' title='bbox 676 2308 882 2368; x_wconf 80' lang='lat' dir='ltr'>preces</span> <span class='ocrx_word' id='word_1_128' title='bbox 908 2290 1083 2365; x_wconf 83' lang='lat' dir='ltr'>facit,</span> <span class='ocrx_word' id='word_1_129' title='bbox 1143 2311 1268 2349; x_wconf 91' lang='lat' dir='ltr'>non</span> <span class='ocrx_word' id='word_1_130' title='bbox 1316 2291 1500 2350; x_wconf 85' lang='lat' dir='ltr'>victi-</span> 
     </span>
     <span class='ocr_line' id='line_1_23' title="bbox 416 2375 1503 2436; baseline 0.001 -3"><span class='ocrx_word' id='word_1_131' title='bbox 416 2395 516 2433; x_wconf 90' lang='lat' dir='ltr'>ma</span> <span class='ocrx_word' id='word_1_132' title='bbox 542 2382 716 2432; x_wconf 85' lang='lat' dir='ltr'>antea</span> <span class='ocrx_word' id='word_1_133' title='bbox 735 2394 931 2435; x_wconf 85' lang='lat' dir='ltr'>caesa:</span> <span class='ocrx_word' id='word_1_134' title='bbox 973 2376 1152 2435; x_wconf 84' lang='lat' dir='ltr'>fuisse</span> <span class='ocrx_word' id='word_1_135' title='bbox 1190 2375 1414 2436; x_wconf 87' lang='lat' dir='ltr'>scilicet</span> <span class='ocrx_word' id='word_1_136' title='bbox 1435 2376 1503 2435; x_wconf 88' lang='lat' dir='ltr'>in</span> 
     </span>
     <span class='ocr_line' id='line_1_24' title="bbox 415 2456 1502 2543; baseline 0.002 -24"><span class='ocrx_word' id='word_1_137' title='bbox 415 2460 612 2520; x_wconf 85' lang='lat' dir='ltr'>insula</span> <span class='ocrx_word' id='word_1_138' title='bbox 628 2460 917 2541; x_wconf 80' lang='lat' dir='ltr'>Apollinis</span> <span class='ocrx_word' id='word_1_139' title='bbox 932 2456 1294 2543; x_wconf 77' lang='grc' dir='ltr'><strong><em>γεννήτορας</em></strong></span> <span class='ocrx_word' id='word_1_140' title='bbox 1316 2483 1502 2537; x_wconf 88' lang='lat' dir='ltr'>aram,</span> 
     </span>
     <span class='ocr_line' id='line_1_25' title="bbox 422 2546 1500 2624; baseline 0.004 -19"><span class='ocrx_word' id='word_1_141' title='bbox 422 2546 488 2605; x_wconf 89' lang='lat' dir='ltr'>in</span> <span class='ocrx_word' id='word_1_142' title='bbox 521 2566 640 2624; x_wconf 88' lang='lat' dir='ltr'>qua</span> <span class='ocrx_word' id='word_1_143' title='bbox 687 2547 922 2608; x_wconf 88' lang='lat' dir='ltr'>nullum</span> <span class='ocrx_word' id='word_1_144' title='bbox 965 2549 1233 2609; x_wconf 82' lang='lat' dir='ltr'>animans</span> <span class='ocrx_word' id='word_1_145' title='bbox 1270 2548 1500 2609; x_wconf 86' lang='lat' dir='ltr'>sacrifi-</span> 
     </span>
     <span class='ocr_line' id='line_1_26' title="bbox 419 2633 1505 2694; baseline 0.002 -3"><span class='ocrx_word' id='word_1_146' title='bbox 419 2651 556 2692; x_wconf 86' lang='lat' dir='ltr'>care</span> <span class='ocrx_word' id='word_1_147' title='bbox 594 2633 683 2691; x_wconf 87' lang='lat' dir='ltr'>fas</span> <span class='ocrx_word' id='word_1_148' title='bbox 723 2643 871 2694; x_wconf 87' lang='lat' dir='ltr'>erat.</span> <span class='ocrx_word' id='word_1_149' title='bbox 956 2634 1043 2693; x_wconf 90' lang='lat' dir='ltr'>De</span> <span class='ocrx_word' id='word_1_150' title='bbox 1080 2655 1184 2693; x_wconf 81' lang='lat' dir='ltr'>ara</span> <span class='ocrx_word' id='word_1_151' title='bbox 1222 2633 1335 2693; x_wconf 88' lang='lat' dir='ltr'>hac</span> <span class='ocrx_word' id='word_1_152' title='bbox 1380 2634 1505 2693; x_wconf 89' lang='lat' dir='ltr'>du-</span> 
     </span>
     <span class='ocr_line' id='line_1_27' title="bbox 417 2717 1507 2798; baseline 0 -19"><span class='ocrx_word' id='word_1_153' title='bbox 417 2717 611 2779; x_wconf 84' lang='lat' dir='ltr'>bitare</span> <span class='ocrx_word' id='word_1_154' title='bbox 641 2719 810 2779; x_wconf 85' lang='lat' dir='ltr'>haud</span> <span class='ocrx_word' id='word_1_155' title='bbox 845 2718 1018 2798; x_wconf 76' lang='lat' dir='ltr'>licet5</span> <span class='ocrx_word' id='word_1_156' title='bbox 1060 2740 1273 2781; x_wconf 86' lang='lat' dir='ltr'>verum</span> <span class='ocrx_word' id='word_1_157' title='bbox 1303 2740 1412 2780; x_wconf 88' lang='lat' dir='ltr'>nec</span> <span class='ocrx_word' id='word_1_158' title='bbox 1440 2720 1507 2779; x_wconf 89' lang='lat' dir='ltr'>in</span> 
     </span>
     <span class='ocr_line' id='line_1_28' title="bbox 417 2804 1510 2866; baseline 0.001 -2"><span class='ocrx_word' id='word_1_159' title='bbox 417 2824 664 2864; x_wconf 74' lang='lat' dir='ltr'>escensu</span> <span class='ocrx_word' id='word_1_160' title='bbox 683 2804 748 2865; x_wconf 91' lang='lat' dir='ltr'>in</span> <span class='ocrx_word' id='word_1_161' title='bbox 779 2815 1003 2865; x_wconf 84' lang='lat' dir='ltr'>terram</span> <span class='ocrx_word' id='word_1_162' title='bbox 1046 2807 1246 2866; x_wconf 85' lang='lat' dir='ltr'>statim</span> <span class='ocrx_word' id='word_1_163' title='bbox 1298 2806 1374 2866; x_wconf 87' lang='lat' dir='ltr'>de</span> <span class='ocrx_word' id='word_1_164' title='bbox 1410 2806 1510 2865; x_wconf 88' lang='lat' dir='ltr'>vi-</span> 
     </span>
     <span class='ocr_line' id='line_1_29' title="bbox 419 2890 1512 2973; baseline -0.001 -22"><span class='ocrx_word' id='word_1_165' title='bbox 419 2892 634 2951; x_wconf 87' lang='lat' dir='ltr'>ctimae</span> <span class='ocrx_word' id='word_1_166' title='bbox 666 2890 1076 2952; x_wconf 83' lang='lat' dir='ltr'>immolatione</span> <span class='ocrx_word' id='word_1_167' title='bbox 1108 2893 1367 2973; x_wconf 88' lang='lat' dir='ltr'>cogitare</span> <span class='ocrx_word' id='word_1_168' title='bbox 1396 2911 1473 2951; x_wconf 90' lang='lat' dir='ltr'>ne</span> <span class='ocrx_word' id='word_1_169' title='bbox 1495 2926 1512 2940; x_wconf 88' lang='lat'><strong>·</strong></span> 
     </span>
     <span class='ocr_line' id='line_1_30' title="bbox 419 2977 1511 3038; baseline 0.001 -3"><span class='ocrx_word' id='word_1_170' title='bbox 419 2995 577 3036; x_wconf 87' lang='lat' dir='ltr'>cesse</span> <span class='ocrx_word' id='word_1_171' title='bbox 614 2986 763 3037; x_wconf 86' lang='lat' dir='ltr'>erat.</span> <span class='ocrx_word' id='word_1_172' title='bbox 848 2978 1183 3038; x_wconf 83' lang='lat' dir='ltr'>Adscivisse</span> <span class='ocrx_word' id='word_1_173' title='bbox 1219 2977 1511 3038; x_wconf 88' lang='lat' dir='ltr'>Macrobii</span> 
     </span>
     <span class='ocr_line' id='line_1_31' title="bbox 418 3063 1509 3124; baseline -0.002 0"><span class='ocrx_word' id='word_1_174' title='bbox 418 3071 823 3124; x_wconf 87' lang='lat' dir='ltr'>commentum</span> <span class='ocrx_word' id='word_1_175' title='bbox 839 3063 1082 3124; x_wconf 81' lang='lat' dir='ltr'>videtur</span> <span class='ocrx_word' id='word_1_176' title='bbox 1103 3066 1347 3124; x_wconf 84' lang='lat' dir='ltr'>Servius</span> <span class='ocrx_word' id='word_1_177' title='bbox 1371 3082 1509 3123; x_wconf 89' lang='lat' dir='ltr'>cum</span> 
     </span>
     <span class='ocr_line' id='line_1_32' title="bbox 420 3149 1507 3210; baseline 0 -2"><span class='ocrx_word' id='word_1_178' title='bbox 420 3149 552 3208; x_wconf 87' lang='lat' dir='ltr'>aliis</span> <span class='ocrx_word' id='word_1_179' title='bbox 582 3149 1016 3209; x_wconf 84' lang='lat' dir='ltr'>Grammaticis.</span> <span class='ocrx_word' id='word_1_180' title='bbox 1048 3169 1108 3208; x_wconf 81' lang='lat' dir='ltr'>v.</span> <span class='ocrx_word' id='word_1_181' title='bbox 1136 3152 1306 3209; x_wconf 77' lang='lat' dir='ltr'>Serv.</span> <span class='ocrx_word' id='word_1_182' title='bbox 1335 3149 1413 3209; x_wconf 85' lang='lat' dir='ltr'>ad</span> <span class='ocrx_word' id='word_1_183' title='bbox 1447 3171 1507 3210; x_wconf 88' lang='lat' dir='ltr'>v.</span> 
     </span>
     <span class='ocr_line' id='line_1_33' title="bbox 421 3233 1510 3311; baseline -0.003 -13"><span class='ocrx_word' id='word_1_184' title='bbox 421 3237 524 3298; x_wconf 84' lang='grc'><strong>88.</strong></span> <span class='ocrx_word' id='word_1_185' title='bbox 549 3236 653 3298; x_wconf 85' lang='grc'><strong>84.</strong></span> <span class='ocrx_word' id='word_1_186' title='bbox 738 3236 907 3308; x_wconf 85' lang='lat' dir='ltr'>Da,-</span> <span class='ocrx_word' id='word_1_187' title='bbox 933 3233 1152 3294; x_wconf 86' lang='lat' dir='ltr'>indica.</span> <span class='ocrx_word' id='word_1_188' title='bbox 1195 3244 1269 3293; x_wconf 89' lang='lat' dir='ltr'>ut</span> <span class='ocrx_word' id='word_1_189' title='bbox 1304 3238 1510 3311; x_wconf 87' lang='lat' dir='ltr'>Serv.;</span> 
     </span>
     <span class='ocr_line' id='line_1_34' title="bbox 420 3316 1511 3400; baseline 0.002 -23"><span class='ocrx_word' id='word_1_190' title='bbox 420 3320 571 3377; x_wconf 77' lang='lat' dir='ltr'>data</span> <span class='ocrx_word' id='word_1_191' title='bbox 589 3318 746 3398; x_wconf 82' lang='lat' dir='ltr'>sata</span> <span class='ocrx_word' id='word_1_192' title='bbox 776 3339 908 3398; x_wconf 86' lang='lat' dir='ltr'>sup.</span> <span class='ocrx_word' id='word_1_193' title='bbox 942 3319 988 3395; x_wconf 85' lang='lat'>1,</span> <span class='ocrx_word' id='word_1_194' title='bbox 1030 3322 1176 3384; x_wconf 81' lang='lat'><strong>882.</strong></span> <span class='ocrx_word' id='word_1_195' title='bbox 1239 3316 1388 3400; x_wconf 91' lang='lat' dir='ltr'>(vid.</span> <span class='ocrx_word' id='word_1_196' title='bbox 1432 3319 1511 3379; x_wconf 85' lang='lat' dir='ltr'>de</span> 
     </span>
     <span class='ocr_line' id='line_1_35' title="bbox 386 3402 1509 3484; baseline 0.002 -21"><span class='ocrx_word' id='word_1_197' title='bbox 386 3414 399 3421; x_wconf 76' lang='grc'><em>“</em></span> <span class='ocrx_word' id='word_1_198' title='bbox 419 3402 538 3463; x_wconf 81' lang='lat' dir='ltr'>hac</span> <span class='ocrx_word' id='word_1_199' title='bbox 562 3404 733 3463; x_wconf 81' lang='lat' dir='ltr'>verbi</span> <span class='ocrx_word' id='word_1_200' title='bbox 763 3404 908 3462; x_wconf 81' lang='lat' dir='ltr'>dare</span> <span class='ocrx_word' id='word_1_201' title='bbox 923 3403 1346 3484; x_wconf 85' lang='lat' dir='ltr'>significatione</span> <span class='ocrx_word' id='word_1_202' title='bbox 1369 3405 1509 3466; x_wconf 84' lang='lat' dir='ltr'>Not.</span> 
     </span>
     <span class='ocr_line' id='line_1_36' title="bbox 420 3487 1511 3571; baseline 0.003 -22"><span class='ocrx_word' id='word_1_203' title='bbox 420 3488 500 3549; x_wconf 85' lang='lat' dir='ltr'>ad</span> <span class='ocrx_word' id='word_1_204' title='bbox 524 3487 649 3549; x_wconf 89' lang='lat' dir='ltr'>Ecl.</span> <span class='ocrx_word' id='word_1_205' title='bbox 676 3490 721 3564; x_wconf 90' lang='lat'>1,</span> <span class='ocrx_word' id='word_1_206' title='bbox 759 3493 858 3554; x_wconf 88' lang='grc'>19.</span> <span class='ocrx_word' id='word_1_207' title='bbox 912 3489 1033 3550; x_wconf 88' lang='lat' dir='ltr'>Sed</span> <span class='ocrx_word' id='word_1_208' title='bbox 1054 3490 1331 3552; x_wconf 84' lang='lat' dir='ltr'>hocloco</span> <span class='ocrx_word' id='word_1_209' title='bbox 1361 3513 1511 3571; x_wconf 85' lang='lat' dir='ltr'>pro—</span> 
     </span>
     <span class='ocr_line' id='line_1_37' title="bbox 420 3574 1511 3656; baseline 0.003 -22"><span class='ocrx_word' id='word_1_210' title='bbox 420 3574 552 3656; x_wconf 87' lang='lat' dir='ltr'>prie</span> <span class='ocrx_word' id='word_1_211' title='bbox 603 3575 1059 3654; x_wconf 79' lang='lat' dir='ltr'>accipiendum5</span> <span class='ocrx_word' id='word_1_212' title='bbox 1148 3595 1261 3636; x_wconf 85' lang='lat' dir='ltr'>nec</span> <span class='ocrx_word' id='word_1_213' title='bbox 1308 3577 1511 3655; x_wconf 82' lang='lat' dir='ltr'>video,</span> 
     </span>
     <span class='ocr_line' id='line_1_38' title="bbox 423 3660 1512 3742; baseline -0.003 -17"><span class='ocrx_word' id='word_1_214' title='bbox 423 3660 729 3739; x_wconf 81' lang='lat' dir='ltr'>quomodo</span> <span class='ocrx_word' id='word_1_215' title='bbox 765 3662 950 3722; x_wconf 86' lang='lat' dir='ltr'>verba</span> <span class='ocrx_word' id='word_1_216' title='bbox 985 3663 1071 3722; x_wconf 83' lang='lat' dir='ltr'>da</span> <span class='ocrx_word' id='word_1_217' title='bbox 1106 3684 1303 3742; x_wconf 71' lang='lat' dir='ltr'>genu-s</span> <span class='ocrx_word' id='word_1_218' title='bbox 1339 3663 1512 3722; x_wconf 84' lang='lat' dir='ltr'>aliter</span> 
     </span>
     <span class='ocr_line' id='line_1_39' title="bbox 424 3747 1511 3829; baseline 0.003 -25"><span class='ocrx_word' id='word_1_219' title='bbox 424 3747 612 3826; x_wconf 80' lang='lat' dir='ltr'>accipi</span> <span class='ocrx_word' id='word_1_220' title='bbox 654 3747 908 3827; x_wconf 82' lang='lat' dir='ltr'>possint.</span> <span class='ocrx_word' id='word_1_221' title='bbox 987 3748 1211 3829; x_wconf 85' lang='lat' dir='ltr'>Nempe</span> <span class='ocrx_word' id='word_1_222' title='bbox 1266 3750 1511 3809; x_wconf 85' lang='lat' dir='ltr'>oracula</span> 
     </span>
     <span class='ocr_line' id='line_1_40' title="bbox 423 3832 1511 3910; baseline 0.001 -17"><span class='ocrx_word' id='word_1_223' title='bbox 423 3832 572 3893; x_wconf 87' lang='lat' dir='ltr'>dare</span> <span class='ocrx_word' id='word_1_224' title='bbox 615 3851 717 3909; x_wconf 88' lang='lat' dir='ltr'>ea,</span> <span class='ocrx_word' id='word_1_225' title='bbox 759 3833 798 3894; x_wconf 88' lang='lat' dir='ltr'>i.</span> <span class='ocrx_word' id='word_1_226' title='bbox 836 3853 887 3895; x_wconf 87' lang='lat' dir='ltr'>e.</span> <span class='ocrx_word' id='word_1_227' title='bbox 932 3834 1232 3910; x_wconf 87' lang='lat' dir='ltr'>tribuere,</span> <span class='ocrx_word' id='word_1_228' title='bbox 1288 3834 1511 3894; x_wconf 88' lang='lat' dir='ltr'>dicun-</span> 
     </span>
     <span class='ocr_line' id='line_1_41' title="bbox 422 3919 1511 3998; baseline 0.003 -20"><span class='ocrx_word' id='word_1_229' title='bbox 422 3927 560 3993; x_wconf 85' lang='lat' dir='ltr'>tur,</span> <span class='ocrx_word' id='word_1_230' title='bbox 603 3937 756 3998; x_wconf 86' lang='lat' dir='ltr'>quae</span> <span class='ocrx_word' id='word_1_231' title='bbox 792 3919 1096 3998; x_wconf 88' lang='lat' dir='ltr'>quomodo</span> <span class='ocrx_word' id='word_1_232' title='bbox 1132 3921 1391 3982; x_wconf 85' lang='lat' dir='ltr'>nancisei</span> <span class='ocrx_word' id='word_1_233' title='bbox 1429 3922 1511 3981; x_wconf 90' lang='lat' dir='ltr'>li·-</span> 
     </span>
     <span class='ocr_line' id='line_1_42' title="bbox 425 4004 1510 4084; baseline 0.003 -22"><span class='ocrx_word' id='word_1_234' title='bbox 425 4013 560 4063; x_wconf 81' lang='lat' dir='ltr'>ceat</span> <span class='ocrx_word' id='word_1_235' title='bbox 583 4049 601 4081; x_wconf 89' lang='lat'>,</span> <span class='ocrx_word' id='word_1_236' title='bbox 661 4004 954 4065; x_wconf 82' lang='lat' dir='ltr'>scitantur</span> <span class='ocrx_word' id='word_1_237' title='bbox 980 4049 999 4081; x_wconf 88' lang='lat'><strong>,</strong></span> <span class='ocrx_word' id='word_1_238' title='bbox 1048 4007 1154 4084; x_wconf 84' lang='lat' dir='ltr'>qui</span> <span class='ocrx_word' id='word_1_239' title='bbox 1197 4007 1510 4067; x_wconf 83' lang='lat' dir='ltr'>oraculum</span> 
     </span>
     <span class='ocr_line' id='line_1_43' title="bbox 425 4088 1510 4168; baseline 0.002 -19"><span class='ocrx_word' id='word_1_240' title='bbox 425 4088 781 4166; x_wconf 84' lang='lat' dir='ltr'>consulunt3</span> <span class='ocrx_word' id='word_1_241' title='bbox 821 4090 948 4150; x_wconf 85' lang='lat' dir='ltr'>vid.</span> <span class='ocrx_word' id='word_1_242' title='bbox 990 4111 1078 4150; x_wconf 86' lang='lat' dir='ltr'>vs.</span> <span class='ocrx_word' id='word_1_243' title='bbox 1121 4091 1264 4156; x_wconf 85' lang='lat'><strong>460.</strong></span> <span class='ocrx_word' id='word_1_244' title='bbox 1301 4102 1365 4152; x_wconf 85' lang='lat' dir='ltr'>et</span> <span class='ocrx_word' id='word_1_245' title='bbox 1411 4093 1510 4168; x_wconf 90' lang='lat' dir='ltr'>VI,</span> 
     </span>
     <span class='ocr_line' id='line_1_44' title="bbox 425 4175 1511 4258; baseline 0.003 -23"><span class='ocrx_word' id='word_1_246' title='bbox 425 4179 510 4241; x_wconf 85' lang='lat'>66</span> <span class='ocrx_word' id='word_1_247' title='bbox 549 4197 635 4255; x_wconf 87' lang='lat' dir='ltr'>sq.</span> <span class='ocrx_word' id='word_1_248' title='bbox 691 4176 892 4256; x_wconf 86' lang='lat' dir='ltr'>ibique</span> <span class='ocrx_word' id='word_1_249' title='bbox 944 4175 1150 4236; x_wconf 88' lang='lat' dir='ltr'>Burm.</span> <span class='ocrx_word' id='word_1_250' title='bbox 1197 4186 1259 4236; x_wconf 87' lang='lat' dir='ltr'>et</span> <span class='ocrx_word' id='word_1_251' title='bbox 1312 4178 1511 4258; x_wconf 86' lang='lat' dir='ltr'>Heyn.</span> 
     </span>
     <span class='ocr_line' id='line_1_45' title="bbox 424 4260 1508 4342; baseline 0 -19"><span class='ocrx_word' id='word_1_252' title='bbox 424 4261 710 4323; x_wconf 85' lang='lat' dir='ltr'>Similiter</span> <span class='ocrx_word' id='word_1_253' title='bbox 763 4262 842 4323; x_wconf 88' lang='lat' dir='ltr'>de</span> <span class='ocrx_word' id='word_1_254' title='bbox 887 4260 1164 4342; x_wconf 84' lang='lat' dir='ltr'>Apolline</span> <span class='ocrx_word' id='word_1_255' title='bbox 1209 4262 1366 4323; x_wconf 82' lang='lat' dir='ltr'>infra</span> <span class='ocrx_word' id='word_1_256' title='bbox 1423 4285 1508 4324; x_wconf 87' lang='lat' dir='ltr'>vs.</span> 
     </span>
     <span class='ocr_line' id='line_1_46' title="bbox 429 4346 1512 4425; baseline 0 -18"><span class='ocrx_word' id='word_1_257' title='bbox 429 4346 605 4414; x_wconf 81' lang='lat'><strong>145.:</strong></span> <span class='ocrx_word' id='word_1_258' title='bbox 638 4348 881 4425; x_wconf 82' lang='lat' dir='ltr'>„Quam</span> <span class='ocrx_word' id='word_1_259' title='bbox 922 4348 1085 4408; x_wconf 84' lang='lat' dir='ltr'>sessis</span> <span class='ocrx_word' id='word_1_260' title='bbox 1115 4346 1295 4408; x_wconf 85' lang='lat' dir='ltr'>finem</span> <span class='ocrx_word' id='word_1_261' title='bbox 1331 4349 1512 4416; x_wconf 81' lang='lat' dir='ltr'>rebus</span> 
     </span>
    </p>
   </div>
   <div class='ocr_carea' id='block_1_12' title="bbox 1581 1429 2744 4431">
    <p class='ocr_par' dir='ltr' id='par_1_12' title="bbox 1581 1429 2744 4431">
     <span class='ocr_line' id='line_1_47' title="bbox 1582 1429 2674 1514; baseline 0.001 -23"><span class='ocrx_word' id='word_1_262' title='bbox 1582 1433 1848 1492; x_wconf 83' lang='lat' dir='ltr'>ferat.“</span> <span class='ocrx_word' id='word_1_263' title='bbox 1896 1429 2074 1512; x_wconf 83' lang='lat' dir='ltr'>Wr.)</span> <span class='ocrx_word' id='word_1_264' title='bbox 2156 1436 2674 1514; x_wconf 79' lang='lat' dir='ltr'>propriam‚per-</span> 
     </span>
     <span class='ocr_line' id='line_1_48' title="bbox 1581 1517 2673 1599; baseline 0.004 -23"><span class='ocrx_word' id='word_1_265' title='bbox 1581 1527 1858 1599; x_wconf 87' lang='lat' dir='ltr'>petuam,</span> <span class='ocrx_word' id='word_1_266' title='bbox 1902 1517 2172 1577; x_wconf 80' lang='lat' dir='ltr'>stabilem</span> <span class='ocrx_word' id='word_1_267' title='bbox 2189 1562 2207 1593; x_wconf 92' lang='lat'>,</span> <span class='ocrx_word' id='word_1_268' title='bbox 2250 1519 2488 1578; x_wconf 86' lang='lat' dir='ltr'>firmam</span> <span class='ocrx_word' id='word_1_269' title='bbox 2529 1524 2673 1580; x_wconf 85' lang='lat' dir='ltr'>Ser-</span> 
     </span>
     <span class='ocr_line' id='line_1_49' title="bbox 1581 1604 2675 1683; baseline 0 -19"><span class='ocrx_word' id='word_1_270' title='bbox 1581 1605 1720 1664; x_wconf 76' lang='lat' dir='ltr'>vius</span> <span class='ocrx_word' id='word_1_271' title='bbox 1749 1604 2017 1683; x_wconf 83' lang='lat' dir='ltr'>exponit.</span> <span class='ocrx_word' id='word_1_272' title='bbox 2063 1605 2136 1663; x_wconf 85' lang='lat' dir='ltr'>cf.</span> <span class='ocrx_word' id='word_1_273' title='bbox 2164 1604 2272 1664; x_wconf 78' lang='lat' dir='ltr'>ins.</span> <span class='ocrx_word' id='word_1_274' title='bbox 2306 1605 2403 1682; x_wconf 86' lang='lat' dir='ltr'>VI,</span> <span class='ocrx_word' id='word_1_275' title='bbox 2446 1609 2575 1671; x_wconf 76' lang='lat'>872</span> <span class='ocrx_word' id='word_1_276' title='bbox 2615 1615 2675 1664; x_wconf 88' lang='lat' dir='ltr'>et</span> 
     </span>
     <span class='ocr_line' id='line_1_50' title="bbox 1584 1687 2675 1769; baseline 0.002 -20"><span class='ocrx_word' id='word_1_277' title='bbox 1584 1691 1664 1749; x_wconf 84' lang='lat' dir='ltr'>ad</span> <span class='ocrx_word' id='word_1_278' title='bbox 1694 1690 1818 1750; x_wconf 84' lang='lat' dir='ltr'>Eol.</span> <span class='ocrx_word' id='word_1_279' title='bbox 1860 1687 1983 1763; x_wconf 86' lang='lat' dir='ltr'>VII,</span> <span class='ocrx_word' id='word_1_280' title='bbox 2035 1693 2137 1755; x_wconf 79' lang='lat'>31.</span> <span class='ocrx_word' id='word_1_281' title='bbox 2234 1690 2675 1769; x_wconf 75' lang='lat' dir='ltr'>Thymbraeum</span> 
     </span>
     <span class='ocr_line' id='line_1_51' title="bbox 1583 1774 2676 1856; baseline 0.002 -20"><span class='ocrx_word' id='word_1_282' title='bbox 1583 1775 1646 1836; x_wconf 86' lang='lat' dir='ltr'>h.</span> <span class='ocrx_word' id='word_1_283' title='bbox 1689 1776 1731 1835; x_wconf 96' lang='lat' dir='ltr'>l.</span> <span class='ocrx_word' id='word_1_284' title='bbox 1786 1774 2048 1855; x_wconf 87' lang='lat' dir='ltr'>appellat</span> <span class='ocrx_word' id='word_1_285' title='bbox 2100 1776 2269 1835; x_wconf 88' lang='lat' dir='ltr'>nulla</span> <span class='ocrx_word' id='word_1_286' title='bbox 2324 1777 2438 1837; x_wconf 88' lang='lat' dir='ltr'>alia</span> <span class='ocrx_word' id='word_1_287' title='bbox 2492 1798 2676 1856; x_wconf 84' lang='lat' dir='ltr'>quam</span> 
     </span>
     <span class='ocr_line' id='line_1_52' title="bbox 1586 1861 2677 1942; baseline 0.002 -22"><span class='ocrx_word' id='word_1_288' title='bbox 1586 1861 1824 1942; x_wconf 88' lang='lat' dir='ltr'>poetica</span> <span class='ocrx_word' id='word_1_289' title='bbox 1852 1862 2119 1936; x_wconf 80' lang='lat' dir='ltr'>ratione;</span> <span class='ocrx_word' id='word_1_290' title='bbox 2146 1862 2259 1921; x_wconf 82' lang='lat' dir='ltr'>etsi</span> <span class='ocrx_word' id='word_1_291' title='bbox 2285 1864 2523 1942; x_wconf 83' lang='lat' dir='ltr'>patrius</span> <span class='ocrx_word' id='word_1_292' title='bbox 2544 1873 2677 1923; x_wconf 85' lang='lat' dir='ltr'>erat</span> 
     </span>
     <span class='ocr_line' id='line_1_53' title="bbox 1589 1946 2674 2025; baseline 0.001 -18"><span class='ocrx_word' id='word_1_293' title='bbox 1589 1948 1755 2011; x_wconf 87' lang='lat' dir='ltr'>deus.</span> <span class='ocrx_word' id='word_1_294' title='bbox 1867 1946 2170 2025; x_wconf 74' lang='lat' dir='ltr'>Thymbra</span> <span class='ocrx_word' id='word_1_295' title='bbox 2235 1958 2366 2008; x_wconf 85' lang='lat' dir='ltr'>erat</span> <span class='ocrx_word' id='word_1_296' title='bbox 2420 1950 2674 2010; x_wconf 83' lang='lat' dir='ltr'>Troadis</span> 
     </span>
     <span class='ocr_line' id='line_1_54' title="bbox 1588 2032 2677 2113; baseline 0.003 -20"><span class='ocrx_word' id='word_1_297' title='bbox 1588 2033 1759 2094; x_wconf 87' lang='lat' dir='ltr'>vicus</span> <span class='ocrx_word' id='word_1_298' title='bbox 1830 2051 1969 2091; x_wconf 88' lang='lat' dir='ltr'>cum</span> <span class='ocrx_word' id='word_1_299' title='bbox 2038 2032 2328 2113; x_wconf 81' lang='lat' dir='ltr'>Apollinis</span> <span class='ocrx_word' id='word_1_300' title='bbox 2394 2034 2535 2095; x_wconf 87' lang='lat' dir='ltr'>luco</span> <span class='ocrx_word' id='word_1_301' title='bbox 2605 2056 2677 2095; x_wconf 83' lang='lat' dir='ltr'>ac</span> 
     </span>
     <span class='ocr_line' id='line_1_55' title="bbox 1586 2117 2676 2200; baseline 0.002 -21"><span class='ocrx_word' id='word_1_302' title='bbox 1586 2118 1834 2198; x_wconf 85' lang='lat' dir='ltr'>temp10.</span> <span class='ocrx_word' id='word_1_303' title='bbox 1889 2138 1951 2180; x_wconf 83' lang='lat' dir='ltr'>v.</span> <span class='ocrx_word' id='word_1_304' title='bbox 1995 2117 2212 2180; x_wconf 86' lang='lat' dir='ltr'>Strabo</span> <span class='ocrx_word' id='word_1_305' title='bbox 2242 2119 2401 2195; x_wconf 87' lang='lat' dir='ltr'>XIII,</span> <span class='ocrx_word' id='word_1_306' title='bbox 2444 2142 2502 2200; x_wconf 89' lang='lat' dir='ltr'>p.</span> <span class='ocrx_word' id='word_1_307' title='bbox 2546 2122 2676 2186; x_wconf 84' lang='lat'>598</span> 
     </span>
     <span class='ocr_line' id='line_1_56' title="bbox 1588 2203 2678 2282; baseline 0.002 -19"><span class='ocrx_word' id='word_1_308' title='bbox 1588 2205 1662 2282; x_wconf 81' lang='lat' dir='ltr'>A,</span> <span class='ocrx_word' id='word_1_309' title='bbox 1705 2206 1773 2279; x_wconf 89' lang='lat' dir='ltr'>B,</span> <span class='ocrx_word' id='word_1_310' title='bbox 1841 2204 1914 2262; x_wconf 82' lang='lat' dir='ltr'>cf.</span> <span class='ocrx_word' id='word_1_311' title='bbox 1967 2203 2046 2263; x_wconf 84' lang='lat' dir='ltr'>ad</span> <span class='ocrx_word' id='word_1_312' title='bbox 2092 2205 2196 2263; x_wconf 89' lang='lat' dir='ltr'>Ge.</span> <span class='ocrx_word' id='word_1_313' title='bbox 2238 2206 2335 2281; x_wconf 86' lang='lat' dir='ltr'>lv,</span> <span class='ocrx_word' id='word_1_314' title='bbox 2375 2211 2522 2271; x_wconf 80' lang='lat'><strong>323.</strong></span> <span class='ocrx_word' id='word_1_315' title='bbox 2597 2207 2678 2266; x_wconf 82' lang='lat' dir='ltr'>ad</span> 
     </span>
     <span class='ocr_line' id='line_1_57' title="bbox 1585 2292 2678 2370; baseline 0.003 -21"><span class='ocrx_word' id='word_1_316' title='bbox 1585 2292 1862 2350; x_wconf 84' lang='lat' dir='ltr'>Tzetzam</span> <span class='ocrx_word' id='word_1_317' title='bbox 1898 2309 1955 2368; x_wconf 85' lang='lat' dir='ltr'>p.</span> <span class='ocrx_word' id='word_1_318' title='bbox 2006 2292 2146 2353; x_wconf 80' lang='lat'><strong>132.</strong></span> <span class='ocrx_word' id='word_1_319' title='bbox 2233 2292 2311 2351; x_wconf 90' lang='lat' dir='ltr'>Et</span> <span class='ocrx_word' id='word_1_320' title='bbox 2340 2312 2538 2370; x_wconf 73' lang='lat' dir='ltr'>genus</span> <span class='ocrx_word' id='word_1_321' title='bbox 2575 2294 2678 2352; x_wconf 88' lang='lat' dir='ltr'>in-</span> 
     </span>
     <span class='ocr_line' id='line_1_58' title="bbox 1584 2376 2672 2454; baseline 0.004 -20"><span class='ocrx_word' id='word_1_322' title='bbox 1584 2387 1682 2435; x_wconf 83' lang='lat' dir='ltr'>ter</span> <span class='ocrx_word' id='word_1_323' title='bbox 1735 2384 1969 2434; x_wconf 85' lang='lat' dir='ltr'>cetera:</span> <span class='ocrx_word' id='word_1_324' title='bbox 2037 2376 2282 2434; x_wconf 84' lang='lat' dir='ltr'>domum</span> <span class='ocrx_word' id='word_1_325' title='bbox 2308 2421 2325 2451; x_wconf 94' lang='lat'>,</span> <span class='ocrx_word' id='word_1_326' title='bbox 2407 2383 2672 2454; x_wconf 74' lang='lat' dir='ltr'>moenia,</span> 
     </span>
     <span class='ocr_line' id='line_1_59' title="bbox 1588 2460 2677 2542; baseline 0.002 -20"><span class='ocrx_word' id='word_1_327' title='bbox 1588 2460 1789 2522; x_wconf 71' lang='lat' dir='ltr'>urbem</span> <span class='ocrx_word' id='word_1_328' title='bbox 1805 2506 1824 2537; x_wconf 90' lang='lat'>,</span> <span class='ocrx_word' id='word_1_329' title='bbox 1872 2460 2040 2521; x_wconf 83' lang='lat' dir='ltr'>aliud</span> <span class='ocrx_word' id='word_1_330' title='bbox 2065 2480 2189 2521; x_wconf 85' lang='lat' dir='ltr'>esse</span> <span class='ocrx_word' id='word_1_331' title='bbox 2217 2461 2457 2541; x_wconf 85' lang='lat' dir='ltr'>nequit,</span> <span class='ocrx_word' id='word_1_332' title='bbox 2492 2484 2677 2542; x_wconf 85' lang='lat' dir='ltr'>quam</span> 
     </span>
     <span class='ocr_line' id='line_1_60' title="bbox 1587 2547 2678 2627; baseline 0.004 -20"><span class='ocrx_word' id='word_1_333' title='bbox 1587 2549 1756 2608; x_wconf 87' lang='lat' dir='ltr'>locus</span> <span class='ocrx_word' id='word_1_334' title='bbox 1798 2547 1998 2627; x_wconf 79' lang='lat' dir='ltr'>generi</span> <span class='ocrx_word' id='word_1_335' title='bbox 2021 2548 2262 2626; x_wconf 80' lang='lat' dir='ltr'>futuro,</span> <span class='ocrx_word' id='word_1_336' title='bbox 2318 2549 2487 2608; x_wconf 83' lang='lat' dir='ltr'>sedes</span> <span class='ocrx_word' id='word_1_337' title='bbox 2528 2552 2678 2611; x_wconf 87' lang='lat' dir='ltr'>stir-</span> 
     </span>
     <span class='ocr_line' id='line_1_61' title="bbox 1590 2634 2678 2715; baseline 0.005 -23"><span class='ocrx_word' id='word_1_338' title='bbox 1590 2634 1712 2715; x_wconf 89' lang='lat' dir='ltr'>pis,</span> <span class='ocrx_word' id='word_1_339' title='bbox 1745 2654 1778 2691; x_wconf 86' lang='lat' dir='ltr'>a</span> <span class='ocrx_word' id='word_1_340' title='bbox 1818 2654 1939 2711; x_wconf 91' lang='lat' dir='ltr'>quo</span> <span class='ocrx_word' id='word_1_341' title='bbox 1985 2654 2145 2694; x_wconf 85' lang='lat' dir='ltr'>nova</span> <span class='ocrx_word' id='word_1_342' title='bbox 2191 2636 2511 2715; x_wconf 80' lang='lat' dir='ltr'>posteritas</span> <span class='ocrx_word' id='word_1_343' title='bbox 2548 2637 2678 2696; x_wconf 87' lang='lat' dir='ltr'>ori-</span> 
     </span>
     <span class='ocr_line' id='line_1_62' title="bbox 1589 2720 2678 2801; baseline 0.004 -23"><span class='ocrx_word' id='word_1_344' title='bbox 1589 2721 1787 2799; x_wconf 87' lang='lat' dir='ltr'>ginem</span> <span class='ocrx_word' id='word_1_345' title='bbox 1821 2723 2023 2780; x_wconf 87' lang='lat' dir='ltr'>ducat.</span> <span class='ocrx_word' id='word_1_346' title='bbox 2109 2720 2456 2800; x_wconf 85' lang='lat' dir='ltr'>Respondet</span> <span class='ocrx_word' id='word_1_347' title='bbox 2492 2722 2678 2801; x_wconf 83' lang='lat' dir='ltr'>igitur</span> 
     </span>
     <span class='ocr_line' id='line_1_63' title="bbox 1589 2805 2678 2891; baseline 0 -23"><span class='ocrx_word' id='word_1_348' title='bbox 1589 2810 1677 2891; x_wconf 68' lang='lat'>²93</span> <span class='ocrx_word' id='word_1_349' title='bbox 1698 2805 1912 2865; x_wconf 69' lang='lat' dir='ltr'>domus</span> <span class='ocrx_word' id='word_1_350' title='bbox 1929 2851 1948 2881; x_wconf 89' lang='lat'><em>‚</em></span> <span class='ocrx_word' id='word_1_351' title='bbox 1996 2827 2149 2885; x_wconf 88' lang='lat' dir='ltr'>quae</span> <span class='ocrx_word' id='word_1_352' title='bbox 2188 2807 2313 2867; x_wconf 88' lang='lat' dir='ltr'>sine</span> <span class='ocrx_word' id='word_1_353' title='bbox 2345 2816 2507 2867; x_wconf 86' lang='lat' dir='ltr'>certa</span> <span class='ocrx_word' id='word_1_354' title='bbox 2538 2808 2678 2868; x_wconf 85' lang='lat' dir='ltr'>sede</span> 
     </span>
     <span class='ocr_line' id='line_1_64' title="bbox 1590 2892 2677 2972; baseline 0.002 -21"><span class='ocrx_word' id='word_1_355' title='bbox 1590 2910 1714 2951; x_wconf 87' lang='lat' dir='ltr'>esse</span> <span class='ocrx_word' id='word_1_356' title='bbox 1742 2901 1937 2972; x_wconf 83' lang='lat' dir='ltr'>potest</span> <span class='ocrx_word' id='word_1_357' title='bbox 1967 2892 2152 2954; x_wconf 88' lang='lat' dir='ltr'>nulla.</span> <span class='ocrx_word' id='word_1_358' title='bbox 2216 2894 2503 2972; x_wconf 65' lang='lat' dir='ltr'>reliqzaas</span> <span class='ocrx_word' id='word_1_359' title='bbox 2528 2897 2677 2953; x_wconf 84' lang='lat' dir='ltr'>Da-</span> 
     </span>
     <span class='ocr_line' id='line_1_65' title="bbox 1591 2975 2677 3058; baseline 0.003 -22"><span class='ocrx_word' id='word_1_360' title='bbox 1591 2999 1818 3053; x_wconf 83' lang='lat' dir='ltr'>naum,</span> <span class='ocrx_word' id='word_1_361' title='bbox 1868 2979 1941 3036; x_wconf 84' lang='lat' dir='ltr'>cf.</span> <span class='ocrx_word' id='word_1_362' title='bbox 1981 2998 2110 3057; x_wconf 91' lang='lat' dir='ltr'>sup.</span> <span class='ocrx_word' id='word_1_363' title='bbox 2153 2978 2200 3050; x_wconf 89' lang='grc' dir='ltr'>Ι,</span> <span class='ocrx_word' id='word_1_364' title='bbox 2244 2982 2352 3055; x_wconf 78' lang='grc'><strong>30.</strong></span> <span class='ocrx_word' id='word_1_365' title='bbox 2436 2975 2677 3058; x_wconf 87' lang='grc'><strong>(--88.</strong></span> 
     </span>
     <span class='ocr_line' id='line_1_66' title="bbox 1602 3063 2677 3143; baseline 0.005 -23"><span class='ocrx_word' id='word_1_366' title='bbox 1602 3064 1794 3140; x_wconf 77' lang='lat' dir='ltr'>Quem</span> <span class='ocrx_word' id='word_1_367' title='bbox 1848 3067 2154 3143; x_wconf 81' lang='lat' dir='ltr'>sequimur</span> <span class='ocrx_word' id='word_1_368' title='bbox 2179 3065 2214 3122; x_wconf 73' lang='grc' dir='ltr'><em>Ρ</em></span> <span class='ocrx_word' id='word_1_369' title='bbox 2286 3063 2412 3124; x_wconf 84' lang='lat' dir='ltr'>vid.</span> <span class='ocrx_word' id='word_1_370' title='bbox 2471 3066 2548 3139; x_wconf 95' lang='lat' dir='ltr'>Q.</span> <span class='ocrx_word' id='word_1_371' title='bbox 2609 3065 2677 3125; x_wconf 85' lang='lat' dir='ltr'>V.</span> 
     </span>
     <span class='ocr_line' id='line_1_67' title="bbox 1591 3147 2678 3231; baseline 0.003 -24"><span class='ocrx_word' id='word_1_372' title='bbox 1591 3149 1822 3224; x_wconf 87' lang='lat' dir='ltr'>XXXI,</span> <span class='ocrx_word' id='word_1_373' title='bbox 1860 3152 1918 3215; x_wconf 79' lang='grc'><strong>4.</strong></span> <span class='ocrx_word' id='word_1_374' title='bbox 1969 3147 2147 3231; x_wconf 76' lang='lat' dir='ltr'>lVr.)</span> <span class='ocrx_word' id='word_1_375' title='bbox 2216 3150 2326 3207; x_wconf 79' lang='lat' dir='ltr'>Da</span> <span class='ocrx_word' id='word_1_376' title='bbox 2347 3164 2536 3227; x_wconf 76' lang='lat' dir='ltr'>paler</span> <span class='ocrx_word' id='word_1_377' title='bbox 2558 3174 2678 3209; x_wconf 82' lang='lat' dir='ltr'>au-</span> 
     </span>
     <span class='ocr_line' id='line_1_68' title="bbox 1589 3234 2680 3314; baseline 0.005 -23"><span class='ocrx_word' id='word_1_378' title='bbox 1589 3237 1837 3314; x_wconf 76' lang='lat' dir='ltr'>gurium</span> <span class='ocrx_word' id='word_1_379' title='bbox 1864 3277 1883 3309; x_wconf 88' lang='lat'><strong>,</strong></span> <span class='ocrx_word' id='word_1_380' title='bbox 1944 3234 2218 3313; x_wconf 78' lang='lat' dir='ltr'>exemplo</span> <span class='ocrx_word' id='word_1_381' title='bbox 2275 3235 2499 3295; x_wconf 80' lang='lat' dir='ltr'>Priami</span> <span class='ocrx_word' id='word_1_382' title='bbox 2562 3237 2680 3297; x_wconf 83' lang='lat' dir='ltr'>iter</span> 
     </span>
     <span class='ocr_line' id='line_1_69' title="bbox 1594 3318 2683 3402; baseline 0.003 -23"><span class='ocrx_word' id='word_1_383' title='bbox 1594 3322 1657 3379; x_wconf 90' lang='lat' dir='ltr'>in</span> <span class='ocrx_word' id='word_1_384' title='bbox 1717 3329 1914 3379; x_wconf 85' lang='lat' dir='ltr'>castra</span> <span class='ocrx_word' id='word_1_385' title='bbox 1978 3318 2351 3380; x_wconf 85' lang='lat' dir='ltr'>Achivorum</span> <span class='ocrx_word' id='word_1_386' title='bbox 2410 3323 2683 3402; x_wconf 81' lang='lat' dir='ltr'>parantis</span> 
     </span>
     <span class='ocr_line' id='line_1_70' title="bbox 1597 3406 2682 3485; baseline 0.002 -20"><span class='ocrx_word' id='word_1_387' title='bbox 1597 3406 1761 3466; x_wconf 85' lang='lat' dir='ltr'>Iliad.</span> <span class='ocrx_word' id='word_1_388' title='bbox 1790 3430 1860 3482; x_wconf 85' lang='grc' dir='ltr'>ω,</span> <span class='ocrx_word' id='word_1_389' title='bbox 1900 3410 2026 3471; x_wconf 83' lang='grc'>810</span> <span class='ocrx_word' id='word_1_390' title='bbox 2067 3426 2194 3485; x_wconf 86' lang='lat' dir='ltr'>sqq.</span> <span class='ocrx_word' id='word_1_391' title='bbox 2295 3409 2398 3471; x_wconf 85' lang='lat'>89.</span> <span class='ocrx_word' id='word_1_392' title='bbox 2454 3412 2682 3467; x_wconf 73' lang='lat' dir='ltr'>animis</span> 
     </span>
     <span class='ocr_line' id='line_1_71' title="bbox 1593 3492 2682 3572; baseline 0.004 -22"><span class='ocrx_word' id='word_1_393' title='bbox 1593 3492 1837 3551; x_wconf 80' lang='lat' dir='ltr'>illabere</span> <span class='ocrx_word' id='word_1_394' title='bbox 1871 3494 2105 3549; x_wconf 63' lang='lat' dir='ltr'>nostris.</span> <span class='ocrx_word' id='word_1_395' title='bbox 2194 3492 2440 3572; x_wconf 85' lang='lat' dir='ltr'>Proprie</span> <span class='ocrx_word' id='word_1_396' title='bbox 2481 3493 2682 3554; x_wconf 84' lang='lat' dir='ltr'>Phoe·</span> 
     </span>
     <span class='ocr_line' id='line_1_72' title="bbox 1593 3576 2682 3641; baseline 0.003 -3"><span class='ocrx_word' id='word_1_397' title='bbox 1593 3578 1708 3638; x_wconf 85' lang='lat' dir='ltr'>bus</span> <span class='ocrx_word' id='word_1_398' title='bbox 1746 3576 2058 3636; x_wconf 86' lang='lat' dir='ltr'>descendit</span> <span class='ocrx_word' id='word_1_399' title='bbox 2098 3578 2162 3638; x_wconf 85' lang='lat' dir='ltr'>in</span> <span class='ocrx_word' id='word_1_400' title='bbox 2212 3588 2477 3638; x_wconf 84' lang='lat' dir='ltr'>mentem</span> <span class='ocrx_word' id='word_1_401' title='bbox 2529 3581 2682 3641; x_wconf 73' lang='lat' dir='ltr'>vatis</span> 
     </span>
     <span class='ocr_line' id='line_1_73' title="bbox 1596 3664 2680 3742; baseline 0.004 -20"><span class='ocrx_word' id='word_1_402' title='bbox 1596 3664 1734 3740; x_wconf 83' lang='lat' dir='ltr'>sui;</span> <span class='ocrx_word' id='word_1_403' title='bbox 1812 3664 2079 3722; x_wconf 86' lang='lat' dir='ltr'>insinuat</span> <span class='ocrx_word' id='word_1_404' title='bbox 2143 3683 2236 3739; x_wconf 87' lang='lat' dir='ltr'>se,</span> <span class='ocrx_word' id='word_1_405' title='bbox 2309 3685 2483 3726; x_wconf 85' lang='lat' dir='ltr'>suam</span> <span class='ocrx_word' id='word_1_406' title='bbox 2515 3668 2680 3742; x_wconf 80' lang='lat' dir='ltr'>&#39;vim‚</span> 
     </span>
     <span class='ocr_line' id='line_1_74' title="bbox 1596 3738 2744 3827; baseline 0.004 -19"><span class='ocrx_word' id='word_1_407' title='bbox 1596 3749 1723 3809; x_wconf 81' lang='lat' dir='ltr'>eius</span> <span class='ocrx_word' id='word_1_408' title='bbox 1775 3750 2014 3825; x_wconf 79' lang='lat' dir='ltr'>anim03</span> <span class='ocrx_word' id='word_1_409' title='bbox 2083 3746 2148 3808; x_wconf 90' lang='lat' dir='ltr'>h.</span> <span class='ocrx_word' id='word_1_410' title='bbox 2208 3750 2250 3810; x_wconf 90' lang='lat' dir='ltr'>l.</span> <span class='ocrx_word' id='word_1_411' title='bbox 2307 3744 2510 3810; x_wconf 63' lang='lat' dir='ltr'>etiam*</span> <span class='ocrx_word' id='word_1_412' title='bbox 2547 3753 2681 3827; x_wconf 80' lang='lat' dir='ltr'>illis,</span> <span class='ocrx_word' id='word_1_413' title='bbox 2733 3738 2744 3753; x_wconf 55' lang='lat'><em>⁶</em></span> 
     </span>
     <span class='ocr_line' id='line_1_75' title="bbox 1594 3833 2682 3914; baseline 0.003 -18"><span class='ocrx_word' id='word_1_414' title='bbox 1594 3834 1812 3914; x_wconf 85' lang='lat' dir='ltr'>quibus</span> <span class='ocrx_word' id='word_1_415' title='bbox 1838 3843 1998 3894; x_wconf 89' lang='lat' dir='ltr'>sorte</span> <span class='ocrx_word' id='word_1_416' title='bbox 2027 3833 2172 3893; x_wconf 85' lang='lat' dir='ltr'>data</span> <span class='ocrx_word' id='word_1_417' title='bbox 2210 3854 2339 3896; x_wconf 87' lang='lat' dir='ltr'>rem</span> <span class='ocrx_word' id='word_1_418' title='bbox 2364 3837 2682 3898; x_wconf 72' lang='lat' dir='ltr'>obscuram</span> 
     </span>
     <span class='ocr_line' id='line_1_76' title="bbox 1596 3919 2674 4007; baseline 0.003 -28"><span class='ocrx_word' id='word_1_419' title='bbox 1596 3921 1859 4002; x_wconf 79' lang='lat' dir='ltr'>explicat</span> <span class='ocrx_word' id='word_1_420' title='bbox 1926 3929 1988 3979; x_wconf 89' lang='lat' dir='ltr'>et</span> <span class='ocrx_word' id='word_1_421' title='bbox 2053 3921 2341 3997; x_wconf 85' lang='lat' dir='ltr'>illustrat,</span> <span class='ocrx_word' id='word_1_422' title='bbox 2432 3919 2674 4007; x_wconf 72' lang='grc' dir='ltr'><strong>φράζει.</strong></span> 
     </span>
     <span class='ocr_line' id='line_1_77' title="bbox 1597 4004 2679 4093; baseline 0.003 -28"><span class='ocrx_word' id='word_1_423' title='bbox 1597 4004 1731 4088; x_wconf 77' lang='lat' dir='ltr'>(cIr.</span> <span class='ocrx_word' id='word_1_424' title='bbox 1751 4008 1909 4085; x_wconf 90' lang='lat' dir='ltr'>Eleg.</span> <span class='ocrx_word' id='word_1_425' title='bbox 1941 4005 2018 4065; x_wconf 87' lang='lat' dir='ltr'>ad</span> <span class='ocrx_word' id='word_1_426' title='bbox 2045 4006 2273 4067; x_wconf 85' lang='lat' dir='ltr'>Messal.</span> <span class='ocrx_word' id='word_1_427' title='bbox 2300 4029 2360 4089; x_wconf 89' lang='lat' dir='ltr'>p.</span> <span class='ocrx_word' id='word_1_428' title='bbox 2375 4010 2481 4074; x_wconf 83' lang='lat'>50.</span> <span class='ocrx_word' id='word_1_429' title='bbox 2514 4008 2679 4093; x_wconf 81' lang='lat' dir='ltr'>Wr.)</span> 
     </span>
     <span class='ocr_line' id='line_1_78' title="bbox 1596 4091 2681 4174; baseline 0.006 -24"><span class='ocrx_word' id='word_1_430' title='bbox 1596 4095 1928 4172; x_wconf 74' lang='lat' dir='ltr'>aug-arima</span> <span class='ocrx_word' id='word_1_431' title='bbox 1955 4112 2103 4153; x_wconf 84' lang='lat' dir='ltr'>vero</span> <span class='ocrx_word' id='word_1_432' title='bbox 2130 4091 2193 4153; x_wconf 84' lang='lat' dir='ltr'>h.</span> <span class='ocrx_word' id='word_1_433' title='bbox 2216 4094 2255 4154; x_wconf 89' lang='lat'>1.</span> <span class='ocrx_word' id='word_1_434' title='bbox 2282 4114 2399 4174; x_wconf 90' lang='lat' dir='ltr'>pro</span> <span class='ocrx_word' id='word_1_435' title='bbox 2417 4097 2681 4171; x_wconf 83' lang='lat' dir='ltr'>oraculo,</span> 
     </span>
     <span class='ocr_line' id='line_1_79' title="bbox 1598 4178 2682 4243; baseline 0.006 -5"><span class='ocrx_word' id='word_1_436' title='bbox 1598 4188 1670 4238; x_wconf 88' lang='lat' dir='ltr'>ut</span> <span class='ocrx_word' id='word_1_437' title='bbox 1709 4178 1885 4237; x_wconf 88' lang='lat' dir='ltr'>etiam</span> <span class='ocrx_word' id='word_1_438' title='bbox 1922 4178 2088 4240; x_wconf 79' lang='lat' dir='ltr'>alibi.</span> <span class='ocrx_word' id='word_1_439' title='bbox 2175 4179 2441 4240; x_wconf 83' lang='lat' dir='ltr'>Oraculo</span> <span class='ocrx_word' id='word_1_440' title='bbox 2485 4193 2682 4243; x_wconf 78' lang='lat' dir='ltr'>autem</span> 
     </span>
     <span class='ocr_line' id='line_1_80' title="bbox 1596 4264 2681 4345; baseline 0.003 -18"><span class='ocrx_word' id='word_1_441' title='bbox 1596 4264 1838 4345; x_wconf 85' lang='lat' dir='ltr'>proprie</span> <span class='ocrx_word' id='word_1_442' title='bbox 1865 4274 1996 4324; x_wconf 85' lang='lat' dir='ltr'>erat</span> <span class='ocrx_word' id='word_1_443' title='bbox 2023 4264 2191 4326; x_wconf 83' lang='lat' dir='ltr'>locus</span> <span class='ocrx_word' id='word_1_444' title='bbox 2207 4310 2224 4341; x_wconf 90' lang='lat'>,</span> <span class='ocrx_word' id='word_1_445' title='bbox 2268 4267 2466 4327; x_wconf 83' lang='lat' dir='ltr'>veteri</span> <span class='ocrx_word' id='word_1_446' title='bbox 2502 4287 2681 4342; x_wconf 83' lang='lat' dir='ltr'>more,</span> 
     </span>
     <span class='ocr_line' id='line_1_81' title="bbox 1595 4351 2681 4431; baseline 0.004 -21"><span class='ocrx_word' id='word_1_447' title='bbox 1595 4352 1657 4409; x_wconf 88' lang='lat' dir='ltr'>in</span> <span class='ocrx_word' id='word_1_448' title='bbox 1687 4351 1860 4411; x_wconf 87' lang='lat' dir='ltr'>novis</span> <span class='ocrx_word' id='word_1_449' title='bbox 1896 4351 2136 4411; x_wconf 83' lang='lat' dir='ltr'>sedibus</span> <span class='ocrx_word' id='word_1_450' title='bbox 2173 4353 2551 4431; x_wconf 83' lang='lat' dir='ltr'>quaerendis.</span> <span class='ocrx_word' id='word_1_451' title='bbox 2609 4355 2681 4413; x_wconf 81' lang='lat' dir='ltr'>cs.</span> 
     </span>
    </p>
   </div>
  </div>
 </body>
</html>
