2882 5028
510 362 631 435 250
899 356 1240 450 DISQU.
1291 357 1368 435 11
1415 358 1554 434 DE
1609 357 1983 435 RERUM
2032 359 2142 436 IN
2190 361 2417 439 AEN.

531 552 779 625 terris.
847 542 1057 623 conf.
1105 552 1207 625 47
1212 554 1282 625 8.
1324 550 1423 627 47
1429 553 1501 627 9.
1601 545 1856 625 Recte
1899 544 2108 623 adeo
2151 550 2460 626 Aeneas
2511 547 2791 629 dicere

529 661 847 749 poterat
892 647 1022 729 lib.
1054 651 1189 744 111,
1244 657 1292 730 7
1340 671 1428 726 se
1478 648 1720 726 Troia
1766 646 2180 748 profectos
2211 656 2584 747 Incertus,
2635 683 2794 753 quo

506 758 703 853 sata
750 758 1025 852 serant
1043 810 1064 840 ‚
1152 756 1275 828 ubi
1349 757 1618 831 sistere
1671 758 1911 830 detur.
1997 751 2210 834 conf.
2271 757 2579 834 Excurs.
2631 762 2796 838 XV

529 855 631 933 ad
678 854 812 936 lib.
851 858 949 934 11.
1048 859 1354 933 Verum
1410 854 1493 932 in
1545 855 1722 956 ipso
1772 881 2050 934 rerum
2109 871 2596 936 narratarum
2647 885 2794 938 or-

531 958 720 1036 dine
771 958 986 1060 apud
1039 973 1366 1059 poetam
1430 959 1790 1059 primum
1848 958 1981 1040 lib.
2049 963 2166 1058 11,
2218 969 2374 1042 281
2428 987 2466 1038 s
2523 1025 2540 1041 .
2607 965 2788 1044 He-

530 1063 771 1140 ctoris
808 1063 1097 1139 umbra
1146 1068 1469 1141 Aeneae
1515 1087 1667 1169 per
1709 1087 2092 1141 somnum
2149 1065 2431 1143 suadet
2511 1089 2792 1167 ugam,

523 1196 932 1266 novamque
988 1173 1063 1243 in
1134 1172 1296 1243 aliu
1335 1181 1551 1244 terra
1567 1223 1589 1261 ,
1650 1174 1862 1246 ultra
1918 1197 2133 1247 mare
2150 1226 2172 1261 ‚
2254 1168 2479 1269 quod
2524 1174 2792 1249 Troa-

527 1271 723 1348 dem
784 1269 1042 1367 alluit‚
1122 1276 1482 1349 coloniam
1546 1272 1960 1371 promittit.
2075 1276 2265 1351 Mox
2315 1273 2792 1373 auspicium,

524 1376 881 1475 primum
937 1370 1309 1451 flammae
1348 1373 1431 1451 in
1483 1372 1636 1452 Iuli
1681 1374 1971 1475 capite,
2035 1377 2134 1471 11,
2191 1382 2366 1468 681,
2419 1388 2612 1455 tum
2651 1402 2792 1457 ex-

525 1479 682 1554 orti
732 1477 994 1554 subito
1040 1478 1383 1555 meteori
1441 1502 1511 1556 v.
1560 1485 1715 1559 692
1757 1491 2176 1579 receptum
2223 1478 2325 1555 ad
2368 1477 2556 1559 Idae
2592 1506 2793 1559 mu—

522 1583 688 1660 nita
743 1579 918 1660 loca
988 1593 1071 1657 et
1120 1611 1324 1680 spem
1375 1588 1852 1680 posteritatis
1919 1610 2013 1660 ax
2068 1588 2234 1660 Iulo
2300 1582 2792 1675 ostendunt;

522 1709 676 1763 nec
746 1709 918 1763 non
979 1687 1276 1765 Creusa
1352 1690 1804 1785 Hesperiam
1865 1684 2150 1762 sedem
2213 1683 2604 1781 futuram,
2703 1703 2792 1767 et

522 1788 859 1890 quidem
906 1794 1149 1865 (liberi
1186 1785 1430 1866 fluvio
1480 1813 1701 1868 nunc
1741 1788 2095 1889 primum
2136 1789 2598 1885 nominato,
2652 1790 2792 1867 in-

520 1904 1005 1993 terpretatur
1065 1918 1137 1972 v.
1193 1900 1344 1971 781
1411 1916 1586 1995 sqq.
1660 1892 1844 1988 (uhi
1894 1895 2210 1974 Excurs.
2273 1897 2420 1971 XV
2484 1893 2792 1973 viden-

523 1994 729 2095 dus).
830 1998 926 2073 In
972 1993 1178 2073 Delo
1215 1994 1529 2074 Phoebi
1579 1994 1994 2073 oraculum
2045 2020 2224 2074 eam
2269 2008 2568 2073 terram
2626 1995 2793 2078 de-

521 2098 763 2178 clarat
806 2123 978 2178 esse
1026 2097 1521 2195 adeundam,
1578 2124 1623 2179 e
1667 2125 1823 2200 qua
1871 2105 2177 2178 Troiam·
2224 2107 2585 2199 originem
2629 2109 2792 2183 du-

520 2218 738 2292 σηκὶς
770 2208 872 2282 ibe·
898 2232 1260 2303 maguum
1292 2209 1674 2304 impet-im
1710 2210 2240 2284 constituturos
2284 2233 2446 2283 esso
2475 2212 2796 2287 Aeneae

507 2322 856 2409 posteros
911 2310 1047 2399 111,
1100 2315 1202 2388 94
1248 2329 1461 2409 sqq„
1529 2331 1769 2409 quae,
1827 2332 2010 2384 cum
2056 2306 2168 2385 illi
2228 2320 2552 2387 auctore
2607 2314 2793 2387 An·-

519 2410 773 2506 chise,
955 2411 982 2486 i
1034 2413 1441 2489 Teucrum
1496 2435 1543 2489 e
1592 2414 1828 2490 Creta
1889 2410 2326 2489 oriundum
2372 2413 2791 2491 memine-

514 2528 676 2611 rat,
729 2436 953 2592 male]
1008 2512 1112 2591 de
1181 2518 1413 2592 Creta
1495 2516 1981 2616 acciperent,
2060 2517 2307 2617 inque
2363 2512 2512 2594 hac
2575 2541 2792 2594 con-

515 2617 783 2698 sidere
833 2617 1165 2714 vellent,
1234 2622 1575 2697 Penates
1616 2644 1769 2719 per
1809 2641 2194 2696 somnum
2240 2624 2562 2698 Aeneae
2620 2620 2793 2698 ob-

514 2722 649 2800 lati
708 2721 813 2801 de
868 2721 1092 2803 ltalia
1154 2719 1653 2801 manifestius
1706 2734 2157 2821 exponunt,
2250 2748 2321 2803 v,
2384 2731 2530 2807 168
2596 2748 2791 2825 sqq.

517 2850 692 2902 esse
754 2838 1091 2919 terram,
1138 2826 1609 2925 Hesperiam
1665 2826 1984 2904 Graecis
2044 2825 2376 2922 dictam,
2447 2827 2792 2927 antiqua

513 2926 769 3020 fama;
833 2927 982 3006 soli
1031 2925 1476 3026 fertilitate,
1543 2927 1989 3012 incolarum
2038 2930 2330 3008 virtute
2379 2928 2793 3027 nobilem,

515 3032 994 3109 Oenotriam
1043 3031 1246 3108 olim
1277 3031 1607 3128 dictam,
1658 3057 1875 3111 nunc
1908 3032 2213 3113 Italiam
2262 3033 2361 3111 ab
2405 3032 2578 3110 Itali
2616 3033 2798 3112 du-

515 3136 625 3214 cis
667 3136 1041 3214 nomine=
1091 3135 1281 3212 hinc
1325 3135 1791 3216 Dardanum
1829 3136 2259 3238 aliquando
2305 3134 2796 3244 profectum

516 3238 807 3317 Troiae
864 3238 1042 3318 loca
1112 3236 1436 3326 adiisse;
1503 3265 1677 3319 esse
1734 3240 1819 3318 in
1880 3265 1973 3320 ea
2026 3255 2237 3319 terra
2294 3238 2795 3337 Corythum,

511 3367 659 3420 seu
713 3342 1009 3422 urbem
1056 3366 1203 3420 seu
1263 3343 1643 3441 heroem,
1715 3357 1797 3421 et
1849 3344 2268 3443 regionem
2326 3343 2798 3424 Ausoniam

514 3446 881 3524 Troianis
942 3445 1534 3547 exquirendam.
1637 3449 2011 3549 Inprimis
2071 3449 2578 3546 ingeniosum
2624 3462 2796 3544 est,

511 3550 739 3651 quod
812 3550 1351 3629 Troianorum
1414 3551 1761 3648 origines
1841 3576 1936 3631 ex
1996 3552 2215 3631 Italia
2287 3563 2802 3652 repetuntur

570 3677 663 3732 er
702 3652 1205 3750 Dardanum,
1291 3654 1424 3734 lib.
1478 3658 1626 3752 111,
1704 3664 1848 3739 167
1894 3678 2067 3757 sqq.
2137 3658 2309 3751 VH,
2361 3660 2517 3734 205
2563 3678 2799 3757 sqq„

509 3679 803 3836 Fabulis
844 3756 1132 3836 diversi
1168 3760 1486 3857 generis
1533 3757 1908 3854 confusis,
1960 3757 2106 3838 sed
2152 3757 2525 3858 exemplo
2568 3756 2801 3835 alio-

508 3882 735 3941 rumz
797 3887 869 3942 v.
916 3864 1234 3941 Excurs.
1288 3866 1400 3943 vl
1469 3862 1568 3942 ad
1628 3860 1762 3942 lib.
1821 3866 1959 3942 111.
2062 3862 2371 3957 Quibus
2429 3866 2802 3941 narratis

509 3963 611 4041 ab
670 3971 946 4043 Aenea
1011 3964 1395 4044 Anchises
1469 3967 2022 4044 vaticiniorum
2087 3965 2574 4047 Cassandrae
2669 3965 2800 4044 de

509 4066 883 4147 adeunda
910 4069 1292 4168 Hesperia
1339 4083 1421 4149 et
1455 4069 1675 4150 Italia
1711 4070 2247 4149 reminiscitur
2285 4097 2356 4151 v.
2405 4080 2554 4154 183
2590 4094 2802 4172 sqq.

505 4174 701 4247 Post
741 4170 941 4247 haec
994 4185 1212 4248 recte
1262 4173 1421 4249 iam
1464 4173 1592 4250 illa
1642 4175 1738 4250 ab
1786 4180 2059 4251 Aenea
2107 4173 2261 4250 dici
2315 4186 2803 4275 potuerunt

513 4275 643 4353 lib.
689 4278 767 4371 I,
848 4284 1003 4356 380
1078 4299 1251 4379 sqq.
1387 4283 1702 4355 Italiam
1760 4307 2040 4379 quaero
2082 4285 2430 4380 patriam
2492 4284 2807 4357 Matre

462 4431 483 4442 ⁴-
506 4385 659 4458 dea
715 4395 1179 4460 monstrante
1231 4386 1467 4478 viam,
1531 4389 1732 4461 data
1757 4387 1962 4484 sata
2009 4397 2378 4485 sequana
2482 4386 2803 4462 Unum
