2882 5028
625 374 761 446 DE
822 372 1297 447 CARMINE
1348 371 1661 447 EPICO
1718 371 2090 449 VIRGIL.
2438 380 2487 449 5

230 574 437 631 mare
479 571 559 633 et
594 583 936 633 movere
969 558 1212 637 vides.
1316 564 1500 658 Non
1534 556 1878 634 difficilis
1908 570 2027 632 est
2055 556 2154 633 ad
2185 565 2484 657 cogno'-
2567 630 2572 637 .

221 660 613 736 scendum
648 664 732 737 in
768 661 1191 736 rhetoricis
1228 674 1306 736 et
1333 663 1666 762 poeticis
1697 662 1920 737 locus
1949 661 2051 736 de
2088 664 2479 760 magnitu-

221 763 448 854 dine;
506 789 664 839 nec
715 779 984 840 tamen
1029 766 1292 839 omnis
1335 765 1805 864 magnitudo
1865 765 2084 866 epici'
2119 768 2484 842 carminis

215 866 469 941 indoti
528 882 650 944 est
700 867 1340 960 accommodata,
1411 868 1558 950 sed
1610 894 1700 944 ea
1750 865 2132 965 maxime,
2186 895 2390 971 quae
2439 896 2480 945 a

214 971 587 1047 sensibus
623 986 705 1047 et
750 998 791 1047 a
840 971 1518 1072 phantasmatibus
1559 970 2125 1073 proficiscitur,
2179 974 2479 1074 quippe

214 1099 421 1173 quae
475 1074 771 1150 eadem
828 1074 928 1149 ad
981 1076 1288 1149 animos
1339 1076 1792 1152 movendos
1842 1088 1920 1149 et
1954 1075 2477 1152 admiratione

210 1177 713 1253 imbuendos
743 1179 1107 1279 inprimis
1130 1178 1375 1269 valet;
1425 1179 1571 1255 sed
1604 1179 1801 1255 haec
1834 1178 2163 1279 quidem
2189 1180 2477 1280 passim

222 1306 262 1353 a
288 1283 481 1356 viris
520 1281 788 1357 doctis
818 1283 999 1357 satis
1035 1282 1327 1358 diserte
1364 1298 1552 1358 sunt
1588 1283 1954 1384 exposita.

413 1389 563 1463 ΙΙΙ.
616 1388 788 1461 Iam
815 1399 1094 1460 natura
1118 1388 1220 1460 ita
1244 1384 1438 1481 sert,
1491 1399 1618 1482 ut,
1674 1388 1808 1487 qui
1850 1413 2184 1485 mag-nae
2230 1401 2303 1461 et
2337 1393 2475 1460 mi*

212 1496 525 1564 madae
569 1496 683 1564 rei
724 1497 1238 1565 narrationem
1276 1490 1642 1586 instituit,
1711 1491 1880 1566 eius
1931 1488 2474 1585 magnitudine

212 1605 682 1667 contactum
736 1604 817 1667 et
860 1594 1197 1690 graviter
1251 1591 1634 1669 affectum
1702 1595 2058 1668 animum
2111 1591 2280 1691 ipse
2333 1592 2476 1667 ha-

209 1692 430 1786 beat,
510 1709 945 1796 motusque
1017 1696 1220 1772 adeo
1266 1698 1508 1772 animi
1572 1697 1692 1771 sui
1728 1695 1987 1791 vultu,
2040 1707 2300 1791 gestu,
2354 1696 2476 1770 in-

208 1798 661 1899 primisque
697 1808 1032 1877 oratione
1066 1801 1391 1900 prodat;
1451 1799 1841 1876 laborabit
1872 1822 2145 1892 menS,
2199 1822 2472 1874 rerum

207 1903 479 2001 specie
552 1927 957 2002 percussa,
1028 1915 1154 1999 ut,
1224 1928 1430 2005 quae
1488 1904 1764 1999 sentit,
1832 1901 1997 1978 aliis
2052 1903 2473 2002 impertiat,

208 2004 518 2079 incidet
547 2006 629 2080 in
673 2030 879 2082 nova
907 2032 1185 2083 rerum
1220 2007 1803 2107 phantasmata,
1854 2004 2264 2081 adhibebit
2306 2018 2473 2080 tro-

208 2132 549 2207 porum,
606 2106 1080 2207 figurarum,
1135 2113 1491 2208 gravium
1521 2123 1655 2187 aut
1685 2123 2154 2185 ornatorum
2180 2109 2472 2184 verbo-

204 2236 390 2285 rum
424 2226 838 2313 tamquam
876 2214 1285 2289 machinas
1326 2213 1427 2289 ad
1464 2211 1985 2289 efficiendum
2020 2211 2243 2313 quod
2280 2211 2468 2291 vultss

206 2314 481 2407 Altera
526 2340 620 2389 ex
646 2331 870 2416 parte
902 2342 1072 2392 non
1101 2319 1366 2392 minus
1395 2319 1476 2393 in
1504 2330 1794 2418 aperto
1821 2329 1960 2409 est,
2009 2328 2104 2390 ut
2140 2315 2471 2391 admira-

205 2419 429 2493 tione
486 2431 708 2494 tanto
767 2423 1020 2518 magis
1061 2434 1428 2497 teneatur
1467 2420 1859 2496 audientis
1890 2421 2236 2514 animuS,
2271 2443 2468 2494 ·non

203 2521 464 2597 modo
495 2548 670 2599 rem
704 2539 1048 2622 gestam,
1102 2550 1305 2627 quae
1349 2537 1749 2615 narratur,
1805 2537 1886 2599 et
1933 2524 2329 2599 actionem
2368 2548 2466 2599 eo

206 2638 819 2726 attemperatam
879 2653 1051 2704 esse
1097 2628 1437 2723 debere,
1470 2682 1473 2685 -
1503 2641 1595 2703 ut
1638 2628 2146 2702 mirationem
2197 2624 2466 2722 faciatg

205 2754 489 2803 verum
524 2731 764 2804 etiam
796 2740 1264 2809 narrationis
1289 2761 1529 2836 gegms
1561 2748 1632 2808 et
1674 2728 2183 2807 rationem-ad
2210 2729 2467 2807 admi-

202 2833 605 2909 rationem
681 2832 1192 2911 efficiendam
1246 2835 1399 2911 rvel
1460 2834 1844 2910 tuendam
1901 2833 2277 2908 idoneam
2334 2859 2468 2908 re-

206 2936 431 3035 quiri.
544 2940 715 3030 Qua
749 2937 852 3014 de
879 2963 970 3015 re
998 2939 1225 3040 plura
1257 2962 1597 3013 monere
1626 2936 1825 3013 nihil
1869 2935 2164 3015 attinet.
2235 2949 2244 2964 ⁶
2271 2938 2466 3031 Quis

207 3041 417 3114 enim
469 3064 638 3114 non
694 3040 949 3136 videt,
1011 3043 1392 3119 orationis
1437 3064 1688 3139 genus
1750 3064 1921 3116 esse
1970 3039 2271 3115 debere
2312 3063 2464 3115 nec

204 3140 510 3218 humile
560 3168 714 3220 nec
771 3147 1060 3239 molle,
1129 3145 1275 3222 sed
1317 3147 1571 3242 forte,
1639 3169 1854 3241 acre,
1922 3137 2461 3241 magnificum,

208 3260 617 3341 ornatum,
670 3249 816 3323 etsi
843 3275 995 3350 pro
1036 3251 1480 3350 argumenti
1515 3249 1816 3324 diversa
1848 3260 2125 3322 natura
2153 3246 2462 3323 diverse

207 3361 858 3450 attemperatum,
928 3367 1009 3429 et
1072 3375 1274 3453 quae
1320 3365 1512 3429 sunt
1545 3351 1708 3430 alia.
1814 3349 1935 3427 Ab
1985 3349 2269 3425 eadem
2312 3350 2461 3426 hac

207 3477 460 3528 caussa
494 3452 1028 3554 proficiscitur
1066 3456 1192 3531 illa
1238 3457 1699 3547 necessitaS,
1756 3468 1847 3529 ut
1880 3460 2208 3530 carmine
2241 3454 2460 3529 insti-

206 3557 497 3632 tuenda
549 3560 651 3632 sit
691 3562 1077 3650 narratio;
1146 3558 1809 3661 quandoquidem
1856 3556 1936 3632 id
1978 3580 2232 3654 genus
2280 3581 2459 3631 ora-

205 3661 435 3735 tionis
462 3675 583 3734 est
613 3666 1379 3762 praestantissimum
1430 3669 1879 3766 (perfeetum
1917 3662 2167 3735 nostri
2193 3659 2459 3763 homi-5

206 3787 376 3857 neS,
461 3762 623 3840 hoc
678 3778 799 3841 est
867 3768 1026 3842 suis
1096 3768 1453 3843 numeris
1527 3765 2011 3852 absolutum,
2122 3764 2456 3862 dicunt),

202 3866 579 3969 idemque
623 3872 1276 3969 potentissimum
1328 3870 1427 3946 ad
1469 3868 1870 3945 tenendos
1912 3881 1992 3943 et
2050 3866 2457 3942 delectan-

205 3969 341 4045 dos
371 3973 684 4047 animos
720 3973 1246 4067 audientium,
1282 3974 1382 4051 ad
1412 3998 1690 4049 sensus
1718 3995 2052 4070 magnos
2082 3968 2456 4047 affectus-

205 4098 349 4173 que
376 4076 874 4168 movendos,
935 4093 1372 4179 rerumque
1402 4076 1882 4154 mirabilium
1911 4074 2454 4175 phantasmata

204 4201 369 4253 cum
403 4180 797 4257 elicienda
836 4193 918 4255 et
947 4178 1364 4268 conflanda
1409 4195 1583 4257 tum
1633 4179 2145 4280 exprimenda
2191 4178 2454 4255 vivide

204 4293 277 4354 et
314 4285 758 4363 animanda.
873 4282 1202 4360 Nullum
1250 4298 1518 4360 autem
1567 4296 2019 4359 metrorum
2062 4305 2315 4379 genus
2350 4280 2451 4357 ad

198 4392 724 4467 narrationem
764 4386 1083 4488 epicam
1125 4389 1451 4465 virtutes
1490 4387 1793 4463 habere
1834 4399 2000 4461 tam
2051 4384 2337 4461 multas
2372 4397 2452 4460 et
