2882 5028
443 365 642 439 1004
1039 358 2083 434 EXCURSUSI

434 551 589 612 alius
630 549 885 622 Haase,
933 568 977 608 s.
1020 549 1242 624 Orcus,
1286 547 1347 608 h.
1389 568 1439 609 e.
1483 548 1729 608 omnino
1753 549 1886 607 loca
1926 549 2148 608 infera:
2194 529 2511 627 inquiffius
2540 566 2673 626 pro-

434 638 659 697 miscue
699 634 978 695 habitant
1019 636 1249 695 animae
1290 654 1431 694 cnm
1474 635 1710 714 piorum
1766 644 1900 694 tum
1938 635 2290 714 impiorum·
2353 634 2514 693 cons.
2555 633 2677 691 Not.

433 723 515 783 ad
559 743 617 783 v.
663 725 789 787 608
832 718 1012 781 huius
1055 721 1211 781 libri.
1296 721 1627 780 Exornavit
1667 720 1932 799 Elysium
1975 720 2305 794 Hesiodus,
2354 719 2503 780 inde
2546 719 2678 776 Pin·

434 808 619 868 darus
661 805 755 865 Ol.
800 806 871 882 ll,
922 812 1041 873 123
1071 826 1263 886 seqqa
1306 806 1383 865 de
1426 806 1641 884 quibus
1670 807 1785 866 alio
1825 807 1958 866 loco
1991 806 2219 866 dictum
2264 804 2619 903 (opusc-T.
2642 803 2679 876 l,

433 914 495 974 p
534 896 660 958 397
687 910 814 990 ⁵qq5
843 890 1018 973 400).
1104 891 1187 951 At
1228 892 1291 951 in
1335 892 1498 951 Orco
1537 893 1709 951 novis
1751 892 1969 952 fabulis
2011 892 2367 951 exornando
2411 890 2680 988 inprimis

429 976 745 1039 hominum
787 977 1020 1056 ingenia
1060 997 1122 1038 se
1163 997 1519 1054 exercuere,
1564 997 1701 1037 cum
1738 979 1802 1037 in
1849 978 2239 1053 carminibus,
2297 987 2439 1036 tum
2486 978 2554 1035 in
2596 975 2681 1055 pi·

432 1065 657 1136 cturis,
699 1071 774 1122 ut
815 1062 1020 1162 paullo
1063 1073 1202 1123 ante
1237 1063 1469 1124 dictum
1513 1074 1619 1123 est.

602 1151 737 1209 Non
781 1149 965 1228 igitur
1003 1169 1132 1209 rem
1181 1170 1401 1210 novam
1445 1157 1503 1206 et
1546 1148 1880 1208 inauditam
1911 1158 2285 1208 commentus
2327 1145 2541 1207 videri
2582 1145 2683 1203 de-

432 1237 535 1296 bet
576 1244 782 1317 poeta,
826 1254 965 1295 cum
1008 1236 1357 1296 descensum
1397 1235 1630 1295 Aeneae
1683 1235 1762 1293 ad
1809 1236 2031 1295 inferos
2073 1234 2327 1295 carmini
2367 1233 2682 1291 intexeret.

432 1322 754 1383 Enimvero
797 1320 1017 1400 ingenii
1058 1323 1150 1381 sui
1192 1322 1383 1382 divini
1427 1321 1769 1381 felicitatem
1814 1320 2141 1382 declaravit
2182 1323 2245 1379 in
2289 1318 2448 1394 hoc,
2508 1316 2683 1396 quod,

430 1427 570 1468 cum
612 1426 682 1467 eo
726 1425 875 1466 aevo
919 1406 1185 1483 viveret,
1260 1428 1381 1508 quo
1424 1409 1709 1467 Graeciae
1756 1407 2033 1467 doctrina
2089 1415 2149 1466 et
2191 1367 2492 1503 sapientia
2551 1402 2684 1460 satis

429 1493 547 1553 iam
598 1491 842 1571 vulgata
903 1503 1067 1563 erat,
1140 1514 1263 1553 non
1317 1495 1383 1553 in
1439 1494 1656 1553 sabulis
1697 1492 2046 1553 Homericae
2103 1492 2318 1552 aetatis
2365 1488 2683 1567 acquievit,

429 1579 537 1638 nd
579 1597 809 1638 novum
850 1597 993 1638 suae
1030 1580 1283 1659 Necyiae
1325 1590 1639 1656 ornatum,
1687 1597 1941 1658 eumque
1982 1579 2290 1652 eximium,
2334 1576 2590 1655 paravit
2617 1594 2685 1631 ex

427 1662 836 1764 philosophiae
879 1664 1152 1744 inprimis
1197 1666 1533 1725 Platonicae
1573 1665 1835 1745 placitis3
1879 1685 1956 1724 ex
2004 1666 2249 1745 quibus,
2301 1663 2412 1720 etsi
2444 1661 2684 1720 omnino

427 1750 589 1810 inter
630 1768 980 1847 magnorum
1024 1761 1334 1831 poetarum
1375 1752 1624 1812 inventa
1669 1751 1849 1811 etiam
1891 1751 2008 1811 hoc
2048 1760 2156 1826 est,
2201 1757 2274 1809 ut
2308 1749 2598 1826 vulgares
2629 1753 2684 1803 et

427 1836 701 1897 indoctas
751 1834 1058 1914 opiniones
1099 1837 1177 1897 ad
1233 1836 1703 1920 philosophicam
1756 1836 2014 1914 aliquam
2056 1836 2402 1895 doctrinam
2450 1851 2683 1891 accom-

427 1923 705 1982 modent:
746 1919 867 1980 hoc
906 1931 1108 1983 tamen
1148 1924 1424 2003 inprimis
1467 1933 1871 2002 consequutus
1909 1934 2017 1998 est,
2059 1932 2133 1982 ut
2159 1941 2286 1982 non
2317 1919 2531 1994 modo,
2558 1918 2683 1976 Ho-

357 2079 370 2084 ,
425 2008 576 2068 meri
616 2006 921 2087 exemplo,
965 2028 1099 2084 eos,
1141 2010 1245 2087 qui
1286 2011 1408 2069 iam
1451 2020 1592 2069 ante
1632 2009 1891 2069 Aeneam
1935 2009 2257 2080 obiissent,
2305 2025 2533 2064 verum
2574 2024 2675 2083 po—

426 2095 758 2153 steritatem
802 2112 1038 2172 quoque
1081 2056 1143 2154 in
1187 2095 1511 2154 Aeneidem
1567 2097 1819 2170 inferre,
1872 2096 2077 2172 reique
2133 2091 2408 2152 novitate
2478 2100 2679 2148 tanto-

424 2198 681 2258 rumque
723 2177 993 2238 virorum
1038 2181 1409 2255 nominibus,
1456 2182 1882 2242 auctoritatem
1923 2180 2168 2239 carmini
2212 2187 2276 2236 et
2320 2177 2681 2235 suavitatem

425 2281 773 2343 comparare
813 2274 1029 2342 posset.
1117 2266 1368 2343 Sequuti
1403 2267 1566 2327 idem
1597 2268 1909 2328 inventum
1947 2276 2092 2324 sunt
2125 2264 2504 2324 recentiores
2538 2281 2681 2340 poe·

422 2359 520 2409 tae
564 2350 745 2427 epici;
806 2350 880 2407 de
938 2350 1156 2427 quibus
1197 2351 1356 2411 infra
1412 2373 1522 2413 suo
1588 2353 1720 2411 loco
1779 2353 2054 2424 (Excurs.
2103 2348 2271 2430 XIII)
2323 2348 2678 2408 videbimus.

421 2435 740 2494 Intellectu
781 2433 984 2512 itaque
1025 2435 1199 2494 facile
1243 2447 1334 2498 est
1352 2482 1367 2512 ,
1426 2438 1599 2498 varia
1653 2446 1718 2496 et
1758 2437 1949 2497 multa
2005 2436 2348 2496 eruditione
2392 2433 2561 2493 hunc
2601 2433 2681 2491 li-

420 2522 600 2581 brum
643 2539 767 2580 esse
807 2523 1116 2582 refertum.
1201 2525 1359 2584 Bene
1403 2526 1644 2585 Servius
1690 2523 1771 2582 ad
1813 2545 1872 2585 v.
1922 2531 1950 2589 1
2012 2527 2196 2583 Totus
2238 2522 2491 2603 quidem
2530 2522 2678 2580 Va·-

417 2608 611 2687 gilius
653 2611 904 2666 scientia
935 2610 1158 2685 plenus
1199 2624 1308 2687 est,
1354 2614 1420 2669 in
1464 2632 1586 2691 qua
1623 2611 1726 2668 laic
1749 2609 1898 2668 liber
1925 2610 2195 2687 possidet
2223 2611 2673 2685 principatum,

422 2698 596 2753 cuius
639 2715 713 2751 ex
755 2695 1021 2752 Homero
1071 2716 1225 2773 pars
1282 2700 1479 2754 maior
1532 2708 1735 2754 sumta
1792 2709 1898 2754 est.
1986 2697 2067 2754 Et
2123 2695 2411 2752 dicuntur
2464 2693 2677 2770 αἰίᾳιια

422 2780 778 2857 simpliciter
795 2823 814 2854 ‚
862 2782 1056 2838 macca
1097 2781 1172 2839 de
1212 2782 1466 2840 historia
1479 2826 1496 2856 ,
1539 2784 1731 2839 mulla
1761 2802 1881 2859 per
1928 2783 2120 2840 altam
2160 2781 2487 2837 scientiam
2516 2777 2679 2836 Pha·-

422 2866 807 2943 losophorum
863 2865 1358 2943 Theologicomm
1406 2868 1844 2945 Aegyptiorum
1864 2911 1881 2941 ,
1945 2868 2095 2925 adeo
2150 2878 2220 2923 ut
2266 2866 2553 2943 plerique
2609 2862 2679 2920 de

420 2950 520 3009 his
563 2952 826 3029 singulis
867 2950 1047 3008 huius
1088 2952 1227 3010 libri
1275 2955 1541 3031 ituegras
1578 2955 1916 3030 scripserint
1953 2956 2387 3035 πραγματείας.
2497 2949 2679 3008 Forte

419 3055 498 3094 ex
543 3035 635 3095 his
680 3036 967 3095 nonnulla
1009 3036 1168 3095 inter
1225 3038 1641 3115 grammaticas
1700 3037 2039 3116 quisquilias
2096 3036 2288 3095 Servii
2346 3044 2500 3093 sunt
2549 3056 2677 3093 ser·

418 3130 561 3180 vata
581 3167 598 3197 ,
675 3122 783 3181 etsi
845 3140 920 3181 ex
975 3121 1044 3180 iis
1103 3123 1387 3201 pleraque
1443 3134 1653 3202 poetae
1709 3132 1770 3181 et
1812 3122 2160 3182 sententiam
2216 3131 2277 3180 et
2321 3121 2677 3201 elegantiam

416 3207 714 3266 offuscant
756 3206 991 3287 potius,
1033 3228 1211 3285 quam
1252 3209 1579 3270 illustrant.
1663 3208 1758 3267 Ad
1802 3218 2013 3287 poetae
2048 3217 2238 3267 artem
2276 3218 2339 3267 et
2366 3207 2677 3287 ingenium

411 3293 793 3353 referendum
838 3292 983 3351 mihi
1028 3293 1271 3354 videtur
1313 3304 1373 3353 et
1412 3294 1564 3371 hoc,
1625 3294 1821 3372 quod,
1867 3315 2004 3353 cum
2053 3315 2087 3353 a
2129 3293 2572 3354 vaticiniorum
2615 3302 2675 3351 et

412 3379 895 3457 praedictionum
938 3380 1283 3459 ambagibus
1323 3382 1650 3441 maximum
1693 3379 1806 3439 sibi
1848 3381 2045 3459 epicae
2089 3380 2478 3455 narrationis,
2524 3398 2675 3458 quae

414 3466 644 3524 animos
701 3484 904 3524 rerum
948 3466 1236 3525 mirarum
1280 3468 1719 3546 exspectatione
1764 3466 2089 3541 detineret,
2158 3465 2530 3545 praesidium
2568 3485 2675 3546 pe-

410 3552 628 3626 tiisset,
701 3571 863 3610 nunc
917 3570 1155 3629 quoque
1212 3553 1476 3632 primum
1520 3552 1914 3612 Troianorum
1975 3551 2055 3611 ad
2091 3551 2326 3610 Italiam
2369 3572 2675 3611 accessum

410 3657 718 3697 sacrorum
764 3645 826 3694 et
868 3638 1253 3697 oraculorum
1295 3639 1578 3717 religione
1623 3639 1792 3715 quasi
1836 3638 2235 3713 consecravit,
2276 3639 2493 3715 reique
2522 3639 2675 3697 adeo

412 3744 677 3784 summae
720 3722 933 3782 miram
979 3724 1362 3801 dignitatem,
1422 3734 1484 3783 et
1525 3724 1661 3784 fatis
1706 3723 1782 3783 ad
1826 3725 2053 3783 exitum
2094 3724 2215 3782 iam
2257 3725 2673 3803 spectantibus

411 3832 633 3872 novam
677 3822 880 3873 tamen
923 3829 998 3870 ex
1042 3812 1217 3870 novis
1246 3810 1508 3889 Sibyllae
1538 3810 1835 3891 responsis
1870 3809 2383 3892 exspectationem
2413 3813 2669 3891 paravit.
