2882 5028
483 383 637 459 798
974 380 1054 452 Ρ.
1115 378 1636 453 VIRGILII
1701 380 2241 457 MARONIS

486 561 825 645 Sidonio
859 575 977 637 est
1009 563 1364 640 invectus
1395 590 1646 666 equo,
1717 590 1966 667 quem
1993 567 2328 644 candida
2351 567 2543 644 Dido

487 670 678 741 Esse
710 667 831 742 sui
866 665 1200 743 dederat
1242 683 1876 745 monumentum
1911 684 1996 746 et
2018 673 2302 771 pignus
2336 674 2618 749 amoris.
2659 741 2670 753 .

491 773 774 846 Cetera
813 772 1234 847 Trinacriis
1272 771 1530 872 pubes
1563 773 1900 849 senioris
1930 783 2257 852 Acestae

488 878 775 947 Fertur
802 876 1048 975 equis,

486 976 905 1075 Excipiunt
931 978 1212 1077 plausu
1240 979 1592 1079 pavidos»,
1637 981 2152 1082 gaudentque
2182 995 2494 1057 tuentes
2581 985 2702 1058 5⁷5

490 1078 1013 1179 Dardanidae,
1040 1096 1569 1184 veterumque
1603 1085 2109 1183 adgnoscunt
2140 1110 2280 1160 ora
2309 1098 2701 1185 parentum

491 1186 924 1284 Postquam
976 1211 1307 1261 omnem
1358 1186 1538 1263 laeti
1588 1212 2053 1265 consessum
2099 1189 2529 1290 oculosque
2553 1211 2701 1263 suo-

1661 1319 1845 1368 rum

492 1400 959 1472 Lustravere
997 1394 1079 1468 in
1116 1395 1377 1494 equis:
1429 1396 1747 1493 signum
1784 1395 2137 1472 clamore
2177 1396 2462 1497 paratis

491 1498 869 1599 Epytides
904 1496 1143 1595 longe
1177 1497 1434 1594 dedit,
1489 1500 2005 1601 insonuitque
2031 1499 2375 1598 flagello.

492 1601 656 1680 Olli
694 1602 1137 1676 discurrere
1173 1627 1436 1701 pares,
1494 1616 1733 1705 atque
1765 1605 2076 1701 agmina
2113 1605 2330 1679 terni
2585 1606 2699 1680 580

491 1705 850 1783 Diductis
890 1703 1201 1781 solvere
1249 1703 1549 1804 choriS,
1600 1732 2036 1809 rursusque
2079 1708 2340 1783 vocati

632 1898 733 1953 571
773 1897 1109 1966 Sidonioque
1148 1899 1263 1949 inv.
1298 1907 1412 1949 tres
1456 1916 1541 1967 ap.
1590 1900 1758 1950 Burm.
1832 1900 2072 1951 Sidoneo
2108 1900 2353 1952 scribunt
2387 1894 2626 1952 nonnulli.
2658 1901 2699 1941 Ι*

495 1969 788 2020 aethereus
836 1983 934 2037 pro
992 1968 1288 2018 aetherius.
1356 1968 1463 2021 vid.
1504 1968 1640 2020 Pior.
1782 1968 1888 2022 573
1938 1970 2267 2021 Trinacriae
2347 1967 2475 2020 abes
2514 1961 2697 2034 plerique

493 2037 630 2091 Pier.
666 2049 721 2089 et
746 2037 822 2088 sic
849 2035 1039 2088 Medic.
1066 2054 1180 2087 cum
1210 2036 1278 2092 al.
1309 2038 1488 2090 Heius.
1529 2056 1590 2090 ac
1633 2039 1803 2089 Bur-m.
1837 2037 1945 2090 Erf.
1987 2038 2235 2108 binisque
2330 2038 2441 2089 oth.
2485 2037 2555 2102 (et
2589 2037 2626 2086 1.
2656 2033 2696 2085 7.

496 2109 549 2161 8.
578 2112 659 2163 11.
703 2109 783 2160 12.
825 2109 909 2159 W
902 2105 969 2173 r.)
1047 2108 1325 2159 Trinacrii
1364 2110 1516 2159 Rom.
1564 2125 1680 2158 cum
1718 2109 1931 2175 Menag.
1975 2125 2056 2177 pr.
2105 2119 2165 2159 et
2206 2126 2291 2177 pr.
2333 2104 2570 2159 Rottend.
2623 2099 2698 2150 Sd

565 2178 652 2227 uis
683 2175 869 2227 deberi
903 2175 1212 2243 epitheton,
1260 2193 1366 2227 non
1409 2186 1491 2227 est
1530 2176 1674 2245 quod
1724 2177 1949 2229 dubites.
2017 2179 2359 2245 (Trinacriis
2396 2174 2548 2227 Palat.
2591 2168 2696 2233 Wr.)

494 2247 530 2299 5
566 2246 602 2300 5
636 2258 861 2296 ruentes
891 2244 1072 2295 vitium
1097 2245 1181 2296 ed.
1206 2247 1336 2297 Dan.
1380 2245 1562 2298 Heius.
1595 2264 1644 2297 v.
1683 2248 1855 2297 Burm.
1994 2248 2101 2302 576
2135 2247 2312 2299 corda
2340 2265 2403 2318 p.
2441 2254 2539 2295 tre·
2570 2243 2695 2292 Bum-

495 2315 600 2368 577
635 2332 822 2366 omnes
844 2313 977 2365 alter
1003 2314 1209 2382 Menag.
1280 2333 1623 2377 concessum,
1664 2334 1985 2368 consensum
2009 2326 2063 2368 et
2081 2316 2172 2368 hio
2216 2317 2501 2369 aberratur.
2562 2314 2697 2375 (mnne

495 2382 717 2447 Medic„
777 2393 831 2433 et
870 2401 902 2434 ι
943 2401 1012 2434 m.
1094 2401 1137 2435 r.
1174 2402 1509 2437 cos-tensum.
1567 2385 1714 2449 Wr.)
1802 2385 2049 2455 oculique
2083 2385 2226 2437 alter
2268 2384 2452 2437 Hamb.
2489 2402 2518 2435 a
2549 2400 2605 2432 m.
2637 2395 2696 2446 pr·

494 2454 601 2509 578
645 2453 902 2525 parentis
951 2401 1143 2503 Mmi’ic.
1200 2472 1231 2505 a
1271 2473 1342 2505 m.
1391 2474 1475 2525 pr.
1612 2456 1733 2510 580.
1767 2456 1870 2509 581
1910 2456 2177 2506 Deductis
2221 2456 2467 2525 scriptum
2503 2452 2553 2502 in
2583 2452 2696 2500 Ron-

496 2523 705 2586 Medie„
740 2533 794 2573 et
815 2521 886 2575 al.
903 2561 917 2588 ,
953 2524 1011 2591 (i.
1039 2541 1084 2574 e.
1109 2528 1287 2593 Sprot.
1312 2534 1371 2575 et
1397 2523 1616 2576 Mentel.
1644 2524 1735 2576 alt.
1766 2543 1797 2577 a
1819 2544 1886 2576 m.
1916 2544 2015 2593 pr.,
2050 2525 2246 2594 quibus
2268 2525 2468 2578 accedit
2495 2526 2563 2576 11.
2590 2513 2694 2580 W.)

496 2594 637 2645 forte
690 2592 898 2644 doctius
986 2610 1047 2643 ro
1092 2594 1272 2645 ductis
1320 2593 1650 2663 simpliciter.
1723 2595 1831 2646 Sed
1872 2594 1941 2645 de
1989 2595 2330 2649 aberratione
2367 2593 2486 2646 satis
2522 2597 2691 2643 eonstit-

498 2663 637 2715 Vide
663 2663 820 2713 modo
852 2680 902 2713 v.
933 2613 1037 2717 &9
1060 2664 1304 2715 delectus
1324 2664 1381 2715 in
1409 2665 1597 2715 eodem
1622 2664 1883 2716 Mediceo.
1924 2665 2251 2732 („Deduetis
2273 2665 2310 2719 i.
2334 2682 2380 2715 e.
2407 2656 2694 2716 seductis,

492 2731 873 2796 discretis,
904 2742 1131 2802 propter
1163 2732 1317 2784 codd.
1348 2734 1718 2785 auctoritatem
1743 2734 1987 2803 scripsi.“
2055 2736 2204 2786 Haec
2229 2733 2452 2787 Iahnius.
2514 2736 2573 2782 At
2600 2721 2691 2803 illflf!

496 2803 670 2872 ipsum
694 2802 963 2867 seductis,
998 2803 1282 2867 discretis,
1318 2812 1401 2853 est
1440 2803 1479 2855 i.
1522 2822 1572 2873 q.
1612 2804 1826 2855 diducti
1834 2823 1884 2866 τ,
1930 2820 2038 2854 non
2076 2804 2347 2856 deductis.
2415 2805 2480 2854 Et
2511 2798 2692 2873 didm&

496 2871 725 2942 requirit
740 2871 857 2943 ipsa
881 2871 1162 2936 sententia,
1198 2871 1356 2940 idque
1386 2874 1530 2925 tueri
1559 2873 1802 2926 videntur
1829 2872 1957 2924 libri
1983 2883 2038 2923 et
2072 2872 2289 2943 plurimi
2319 2882 2374 2926 et
2415 2873 2468 2923 in
2501 2869 2573 2921 his
2604 2878 2692 2933 q*

503 3068 740 3110 numor.
775 3046 906 3107 Vol.
942 3049 1011 3124 V,
1038 3070 1098 3129 p.
1137 3046 1257 3113 145
1289 3048 1364 3107 de
1389 3051 1588 3109 numis
1674 3050 1885 3128 Georg.
1935 3053 2056 3113 106
2086 3077 2092 3084 ·
2122 3051 2322 3109 Corda
2362 3069 2549 3127 pavor
2584 3039 2690 3119 pul·

498 3135 691 3213 gentis
730 3132 925 3194 Atiae.
1052 3134 1198 3200 571.
1272 3136 1589 3194 Sidonium
1664 3156 1831 3197 sans,
1878 3134 1954 3193 cf.
1987 3134 2166 3194 Silius
2214 3136 2375 3210 XVI,
2416 3132 2548 3196 481.
2583 3126 2690 3192 514-

499 3241 721 3300 equum
769 3219 966 3279 dicere
1008 3219 1211 3299 potuit
1262 3221 1446 3279 etiam
1485 3222 1591 3299 qui
1672 3222 1818 3286 479.
1904 3220 2027 3279 Nec
2053 3229 2260 3281 tamen
2288 3215 2586 3281 iniucunda
2607 3227 2694 3280 ΝΒ

496 3326 579 3364 ex
622 3305 822 3365 Africa
864 3316 1034 3364 esset.
1120 3304 1271 3364 Nam
1325 3305 1589 3368 Phoeni-
1671 3305 1720 3364 si
1757 3304 2002 3384 puerilis
2039 3309 2255 3367 aetatis
2290 3307 2578 3386 ingenuam
2613 3312 2694 3353 W·

496 3393 623 3451 cios
654 3411 841 3469 equos
870 3413 995 3451 non
1041 3393 1287 3450 memini
1323 3393 1590 3469 Μηδεὶς
1670 3390 2021 3450 recundiam
2061 3394 2318 3473 exprimi
2349 3402 2523 3471 putes.
2582 3381 2693 3442 Mox

499 3496 616 3537 nec
637 3478 796 3536 tanti
834 3496 930 3536 res
971 3487 1132 3552 erat,
1174 3486 1249 3536 ut
1295 3477 1589 3537 curiosius
1674 3495 1773 3535 eos
1806 3477 1997 3554 cogita
2017 3478 2195 3558 longo
2231 3479 2437 3538 ordine
2463 3468 2689 3533 inoedw‘

499 3556 564 3623 in
597 3582 725 3621 eam
750 3563 1145 3641 inquirerem,
1189 3583 1302 3621 nee
1327 3562 1590 3623 Phoeni·
1673 3573 1764 3621 tes
1791 3582 2066 3641 campum
2090 3565 2154 3623 iu
2181 3566 2381 3624 orbem
2402 3559 2602 3619 obiisse.

504 3650 630 3709 ciae
684 3648 880 3707 solum
941 3649 1106 3727 equis
1168 3649 1398 3708 alendis
1447 3649 1588 3708 ido·
1758 3648 1885 3711 580
1928 3669 2055 3728 sqq.
2130 3650 2308 3710 Hunc
2364 3649 2545 3706 locum
2585 3654 2686 3697 cm!

498 3755 699 3810 neum.
805 3738 950 3808 572.
1004 3756 1128 3792 esse
1166 3755 1199 3793 e
1246 3735 1589 3794 Graecismo
1669 3733 1997 3793 subiuncta
2051 3734 2482 3815 comparatione
2516 3747 2544 3785 e
2580 3721 2684 3804 pair

500 3821 804 3881 abundat:
864 3822 1026 3882 δῶκε
1079 3823 1354 3900 ξεινήϊον
1413 3817 1588 3884 εἶναι.
1675 3820 1940 3879 cen-rimis
1955 3840 2080 3880 esse
2103 3832 2256 3902 puto
2285 3819 2474 3880 vivida
2501 3812 2682 3871 adm?

498 3911 645 3973 573.
691 3906 935 3966 Curiose
957 3904 1108 3964 haec
1144 3906 1377 3965 adiecta
1414 3917 1591 3982 sunt5
1673 3924 1808 3964 sum
1836 3909 2376 3988 repraesentatione
2395 3902 2476 3963 rei
2499 3896 2566 3956 td
2588 3893 2683 3985 ψ·

502 3993 722 4070 alioqui
751 3992 909 4052 enim
932 3993 1138 4070 quaeri
1162 4003 1435 4071 poterat,
1468 4013 1589 4054 un-
1671 3991 1889 4069 quium
1924 3993 2200 4053 diffidlis.
2268 3992 2577 4067 occupatus
2595 3980 2681 4036 [ω

502 4081 579 4140 de
613 4077 886 4139 Troianis
926 4077 1107 4137 classe
1148 4077 1445 4155 advectis,
1489 4079 1591 4137 in·-
1670 4076 1738 4136 in
1803 4075 1924 4137 hoc
1999 4079 2147 4138 ludo
2224 4069 2549 4137 declarando
2608 4069 2680 4118 εἰ·

500 4166 710 4246 primis
733 4165 848 4224 ista
879 4172 1102 4239 aetate,
1144 4174 1243 4223 tot
1279 4165 1418 4243 equi
1439 4184 1590 4243 sup-
1674 4181 1790 4240 que
1821 4164 2000 4223 etiam
2044 4162 2385 4225 delineanda
2419 4160 2508 4216 Ge.
2533 4150 2677 4210 flm—

500 4261 713 4332 petere
730 4249 1053 4331 potuerint.
1676 4249 1759 4307 N
1753 4249 1945 4308 &leden
1982 4261 2189 4311 noster
2234 4249 2320 4332 (iu
2345 4231 2678 4305 fflldmdfi

587 4339 732 4403 575.
770 4336 1053 4414 pavidos.
1113 4327 1391 4397 Servius:
1458 4333 1591 4413 glo·
1677 4335 2144 4414 Anmerkungen
2172 4331 2509 4395 wAeneis:
2532 4318 2670 4378 (2¹⁸⁰-

498 4425 621 4484 riae
667 4422 992 4502 cupiditate
1027 4421 1344 4498 sollicitos,
1400 4428 1473 4480 ut
1509 4419 1592 4482 111
1675 4419 2000 4502 Encyclop.
2037 4423 2104 4482 P.
2125 4422 2213 4504 Υ.
2255 4419 2372 4498 vot
2408 4414 2447 4477 1.
2484 4428 2534 4488 P·
2573 4399 2670 4468 332
