2882 5028
408 310 567 386 506
900 307 982 381 P.
1037 303 1562 382 VIRGILII
1631 303 2187 380 MARONIS

408 493 657 591 Erigit
685 491 1064 583 alternOS,
1123 503 1203 565 et
1231 488 1490 564 sidera
1520 489 1886 564 verberat
1904 489 2142 567 unda.

412 603 515 674 At
545 594 880 692 Scyllam
913 594 1161 669 caecis
1192 591 1517 668 cohibet
1549 593 1924 693 spelunca
1961 593 2300 688 latebriS,

415 704 576 776 Ora
606 710 1164 788 exsertantem,
1215 710 1295 772 et
1327 698 1542 772 navis
1569 698 1646 772 in
1689 722 1857 772 saxa
1896 697 2369 772 trahentem.
2509 699 2656 776 425

411 804 672 879 Prima
704 799 1054 875 hominis
1084 798 1361 890 facies,
1423 813 1505 874 et
1534 797 1812 900 pulcro
1838 813 2167 902 pectore
2203 802 2423 897 virgo

349 927 352 930 ’
410 906 633 982 Pube
667 917 937 996 tenus;
992 916 1395 1002 postrema
1426 905 1723 978 inmani
1763 929 2100 1004 corpore
2139 904 2424 1004 pistrix,

408 1007 901 1109 Delphinum
943 1005 1228 1082 caudas
1262 1021 1495 1082 utero
1526 1008 1912 1082 conmissa
1950 1007 2347 1108 luporum.

546 1216 652 1271 423
686 1216 878 1284 Egerit
906 1214 1151 1281 legebant
1184 1214 1281 1265 viri
1318 1214 1464 1266 docti
1505 1215 1580 1283 (et
1612 1214 1686 1266 sic
1710 1215 1918 1282 cerda),
1952 1214 2092 1282 apud
2109 1212 2349 1276 Pieriam,
2387 1212 2480 1279 qui
2515 1221 2657 1262 recte

408 1295 614 1348 monet,
650 1283 922 1352 sequentia
954 1284 1223 1352 postulare
1258 1286 1466 1354 Erigit3
1503 1285 1647 1352 quod
1683 1295 1735 1335 et
1768 1302 1863 1352 per
1898 1303 1955 1335 se
1994 1303 2055 1334 ex
2096 1282 2300 1334 uisitius
2336 1293 2430 1333 est.
2469 1283 2539 1332 cf.
2566 1280 2656 1331 ins.

406 1355 475 1405 ad
502 1373 545 1405 v.
562 1357 682 1408 576.
721 1354 881 1404 Elicit
900 1353 1083 1404 Hamb.
1142 1371 1181 1403 r.
1252 1354 1354 1406 424
1376 1359 1476 1403 Ast
1505 1363 1625 1405 tert.
1656 1354 1906 1405 Rottend.
1935 1371 2048 1404 cum
2117 1353 2230 1403 oth.
2252 1370 2333 1420 pr.
2404 1352 2515 1404 425
2547 1355 2658 1400 Ora

407 1437 743 1474 exercentem
790 1422 924 1473 alter
979 1424 1107 1473 Ham
1148 1459 1179 1481 .,
1228 1423 1370 1489 quod
1419 1441 1450 1473 a
1495 1422 1751 1474 monacho
1799 1422 2109 1476 rbvthmicis
2161 1421 2399 1472 versibus
2432 1420 2655 1470 adsueto

408 1494 701 1560 profectum
739 1490 916 1560 lepide
951 1492 1198 1542 monebat
1236 1493 1569 1542 Burmannus.
1640 1481 1985 1543 exhalantem
2013 1494 2145 1542 Ven.
2275 1491 2379 1544 426
2424 1490 2657 1571 pulchro

408 1561 543 1613 alter
578 1562 762 1612 Hamb.
834 1579 1059 1631 corpore
1093 1561 1348 1612 Montalb.
1487 1563 1592 1615 427
1624 1564 1824 1642 pistris
1859 1562 2126 1612 revocavit
2174 1561 2353 1610 Heius.
2400 1559 2657 1609 hbrorum

406 1631 749 1692 uinctoritate,
797 1630 885 1698 qui
933 1630 1017 1680 vel
1059 1632 1295 1700 pri-strix
1344 1629 1426 1680 vel
1467 1633 1672 1702 pisas-tx
1721 1630 2003 1687 exhibentz
2055 1630 2211 1696 vulgo
2247 1648 2373 1699 pars
2408 1627 2564 1679 codd.
2600 1636 2655 1676 et

408 1699 528 1751 cdd.
556 1702 768 1772 pristis.
831 1700 897 1750 cs.
937 1698 1115 1750 Heius.
1195 1702 1391 1770 pistris
1422 1719 1519 1768 per
1555 1717 1584 1751 s
1623 1716 1729 1750 non
1767 1718 1862 1766 per
1896 1721 1932 1751 x
1968 1700 2204 1762 defendit
2243 1700 2498 1766 Pompou.
2532 1696 2653 1750 Sub.

407 1770 472 1821 ad
512 1770 562 1821 h.
600 1770 637 1821 l.
707 1770 1088 1819 Commemorat
1131 1768 1303 1819 locum
1353 1773 1551 1820 Seneca
1598 1768 1696 1838 Ep.
1746 1771 1815 1823 92
1852 1781 1912 1820 ιιι
1948 1771 2028 1819 aie
2067 1769 2335 1839 Virgilius
2368 1780 2564 1818 noster
2595 1768 2652 1815 in

407 1840 611 1907 Scylla.
684 1841 801 1901 Quo
847 1855 998 1889 sensu
1051 1838 1154 1888 hoc
1203 1838 1397 1889 dictum
1435 1837 1535 1900 sit,
1600 1857 1648 1890 v.
1683 1838 1736 1887 iu
1778 1841 2018 1890 prooem.
2057 1839 2130 1889 ad
2168 1840 2330 1889 Cir-in.
2403 1837 2651 1902 (Priseix,

407 1909 547 1976 quod
577 1919 750 1958 tamen
789 1926 818 1957 e
853 1907 995 1957 nullo
1034 1907 1151 1958 cod.
1189 1917 1453 1958 enotatum
1490 1908 1679 1970 video,
1716 1907 1873 1959 scribi
1909 1908 2057 1959 iubet
2089 1905 2368 1960 Salmasius
2404 1906 2474 1955 ad
2511 1904 2649 1955 Flor.

404 1979 492 2036 ln,
529 1979 579 2029 5.
615 1978 826 2028 Pistrix
870 1975 925 2027 h.
972 1975 1006 2026 l.
1046 1975 1235 2027 Medic.
1269 1976 1408 2044 apud
1452 1979 1642 2044 Fogg.;
1711 1987 1766 2027 et
1798 1994 1951 2046 quum
1987 1994 2108 2028 suos
2156 1975 2312 2028 codd.
2349 1983 2651 2026 constanter

396 2048 635 2120 pri-strix
671 2045 921 2096 exhibere
956 2046 1149 2096 referat
1184 2045 1458 2110 Heinsius,
1509 2045 1717 2107 nescio,
1780 2065 1846 2097 an
1875 2049 2080 2117 pistrix
2128 2043 2353 2097 voluerit
2401 2044 2648 2104 scribere,

421 2117 633 2168 ›ristrix
676 2113 929 2165 festinans
993 2114 1218 2165 calamus
1280 2114 1469 2166 vitiose
1519 2116 1837 2177 exaraverit3
1889 2124 1944 2166 et
1987 2118 2189 2187 pistrix
2239 2123 2407 2164 exstat
2456 2114 2511 2163 iu
2560 2111 2645 2162 alt.

396 2136 568 2252 iaips„
597 2186 839 2255 pix-strix
876 2182 927 2234 in
964 2184 1107 2252 Lips.
1145 2182 1251 2234 obl.
1322 2185 1635 2251 Agnoscitur
1669 2186 1867 2254 pistrix
1902 2183 2055 2236 etiam
2091 2203 2120 2234 a
2155 2185 2370 2246 Servio,
2408 2181 2646 2249 aliisque,

404 2271 535 2323 quos
557 2252 738 2303 laudat
752 2252 1013 2305 Heinsius.
1052 2251 1253 2314 Quibus
1281 2254 1682 2305 auctoritatibus
1710 2254 1981 2321 refragari,
2018 2253 2321 2321 religiosum
2351 2250 2644 2302 videbatur.

404 2325 606 2375 Pristis
632 2332 711 2372 est
740 2322 794 2372 in
811 2322 1044 2374 Palatino
1069 2341 1082 2382 ς
1106 2332 1161 2371 et
1185 2322 1278 2383 sic,
1305 2323 1511 2390 quoties
1541 2341 1726 2373 nomen
1754 2322 2055 2390 estuavigii,
2084 2324 2141 2374 in
2167 2321 2286 2389 ipso
2302 2321 2548 2371 Mediceo
2566 2319 2645 2369 le-

401 2393 560 2461 gitur,
587 2392 1372 2452 infraV‚116.156.187.218.;
1417 2397 1471 2443 et
1489 2392 1616 2443 ibid.
1651 2393 1766 2446 154.
1798 2411 1950 2460 quum
1977 2413 2004 2442 a
2034 2411 2099 2443 m.
2117 2409 2198 2459 pr.
2222 2393 2421 2461 pistris
2438 2388 2647 2440 exhibi—

399 2472 509 2513 tum
527 2470 684 2523 esset,
720 2460 887 2511 altera
905 2462 1099 2530 pristis
1123 2461 1379 2520 restituit3
1410 2464 1629 2543 pristim
1664 2472 1850 2518 tamen.
1893 2473 2058 2512 metro
2096 2461 2356 2529 exigente,
2391 2458 2550 2510 etiam
2583 2459 2646 2509 de

401 2532 577 2583 bellua
601 2530 796 2582 marina
812 2533 884 2593 X,
909 2533 1032 2585 211.
1067 2530 1135 2579 Et
1162 2548 1316 2597 quum
1328 2535 1544 2600 prutina
1557 2550 1739 2583 navem
1768 2532 1986 2583 abellua
2003 2532 2229 2582 eiusdem
2248 2530 2491 2591 nominis,
2518 2546 2647 2597 quae

402 2610 518 2653 erat
552 2618 648 2670 pro
688 2616 989 2667 parasemo,
1042 2598 1236 2649 dictam
1285 2618 1399 2650 esse
1434 2612 1716 2669 appareat,
1762 2600 2041 2670 suspiceris
2097 2599 2373 2666 Virgilium
2422 2600 2490 2650 ab
2538 2597 2645 2648 usi-

399 2682 511 2722 tata
549 2680 603 2721 et
635 2668 835 2736 vulgari
869 2666 1224 2737 appellatione
1259 2669 1532 2721 discedere
1568 2670 1821 2733 noluisse,
1859 2682 2041 2722 contra
2075 2669 2128 2720 in
2167 2668 2509 2736 significanda
2536 2666 2645 2736 ipsa

400 2739 574 2790 bellua
618 2737 956 2808 exquisitiore
995 2738 1222 2789 fortasse
1265 2737 1487 2790 nominis
1537 2739 1688 2790 huius
1731 2740 1898 2790 forma
1943 2740 2019 2789 uti
2066 2738 2324 2790 maluisse.
2405 2737 2644 2788 Ceterum

400 2808 504 2860 vid.
536 2810 600 2859 K.
634 2809 695 2859 L.
722 2806 1033 2859 Schneideri
1061 2808 1343 2859 Grammat.
1364 2809 1481 2859 Lat.
1514 2808 1635 2859 vol.
1673 2811 1711 2860 1.
1786 2845 1800 2861 .
1826 2810 1948 2865 353.
1981 2819 2036 2859 et
2062 2810 2126 2859 11.
2157 2827 2208 2876 p.
2242 2808 2360 2862 104.
2385 2824 2466 2876 sq.
2504 2806 2642 2873 Wr.)

398 2877 504 2934 428
541 2879 775 2930 caudam
804 2878 937 2930 Ven.
1007 2878 1294 2929 commixta
1318 2878 1484 2931 wan.
1517 2827 1793 2949 etxZulicli).
1821 2897 1854 2930 a
1878 2895 1946 2931 m.
1977 2896 2082 2931 sec.
2130 2877 2288 2929 Male.
2321 2896 2370 2929 v.
2406 2879 2580 2929 Barm-

397 3056 614 3133 quitas,
658 3050 941 3130 quoniam
973 3050 1100 3110 loon
1129 3054 1304 3131 plena
1334 3063 1481 3113 sunt
1562 3053 1724 3128 fieri,
1795 3060 2060 3132 repetere
2100 3073 2222 3113 non
2268 3052 2475 3132 potuit
2514 3050 2640 3110 Ho-

397 3138 683 3199 monstris
730 3136 992 3195 marinis.
1064 3139 1135 3195 cs.
1182 3141 1349 3198 Serv.
1397 3138 1478 3197 ad
1561 3158 1778 3199 merus.
1865 3138 2016 3197 Nam
2053 3138 2321 3218 Ulysses,
2379 3137 2446 3196 in
2499 3157 2640 3199 vor·

397 3229 541 3289 420.
600 3226 901 3282 Dextrum
924 3220 1064 3280 freti
1088 3223 1286 3281 Siculi.
1353 3227 1475 3281 im-

383 3312 664 3389 placata,
694 3328 806 3386 pro
835 3306 1235 3385 implacabilis,
1281 3316 1348 3366 ut
1374 3330 1475 3367 so-

393 3395 525 3454 lent
561 3403 783 3473 poetae,
815 3412 1007 3451 saeva.
1052 3392 1256 3468 sorbet,
1285 3395 1472 3475 ἀναῤ-

396 3482 659 3560 ροιβδεῖ,
710 3482 774 3536 in
807 3476 1160 3555 abruptum,
1210 3481 1474 3557 prosun-

395 3567 543 3625 dum
572 3565 838 3642 adeoque
879 3581 1180 3643 praeceps.
1237 3565 1312 3624 cf.
1341 3584 1472 3645 sup.

394 3652 451 3727 Ι,
530 3651 648 3715 105
708 3670 797 3726 sq.
901 3651 1113 3727 erigit,
1207 3642 1474 3730 ἀνίησιν,

393 3738 645 3811 emittit,
689 3735 792 3793 sed
834 3753 971 3793 cum
1014 3736 1095 3793 vi.
1154 3754 1215 3794 v.
1257 3736 1472 3817 Odyss.

393 3825 430 3882 l.
461 3845 511 3882 c.
540 3847 599 3903 μ,
647 3822 783 3895 105,
830 3820 933 3879 ubi
961 3832 1049 3878 ter
1086 3822 1153 3877 in
1177 3821 1298 3895 die,
1344 3822 1475 3899 τρὶς

394 3903 498 3971 ἐπ’
555 3904 776 3987 ἤματι,
847 3904 914 3963 id
964 3904 1094 3963 fieri
1164 3906 1276 3968 ait:
1366 3908 1472 3966 sed

318 4017 324 4024 ·
392 3994 509 4054 hoc
575 3993 732 4051 idem
819 3990 1016 4048 omisit
1078 3990 1266 4049 altero
1339 3994 1470 4052 loco

389 4086 514 4149 239
551 4099 656 4157 sq.,
699 4085 767 4136 ut
810 4075 959 4135 adeo
998 4094 1105 4133 nec
1137 4076 1198 4134 in
1230 4076 1470 4156 Virgilio

393 4168 676 4226 omissum
722 4160 987 4221 mireris:
1031 4161 1092 4219 in
1131 4182 1250 4237 quo
1293 4166 1470 4223 sufii-

389 4255 503 4330 cit,
548 4267 635 4312 cer
657 4253 936 4325 deitweps
974 4245 1091 4304 hoc
1125 4246 1269 4306 fieri.
1337 4249 1470 4329 (ΑΙ-

389 4352 519 4400 tero
562 4341 694 4399 loco
739 4333 866 4402 235
891 4365 974 4379 --
999 4331 1145 4399 240.
1195 4346 1283 4394 ter
1318 4337 1472 4396 illud

1558 3225 1745 3284 ticoso
1811 3224 2184 3284 conflictatus
2240 3224 2397 3283 freto
2416 3266 2434 3294 ,
2520 3240 2639 3282 non

1557 3319 1776 3370 totum
1817 3311 1904 3369 ibi
1938 3309 2269 3371 consumsit
2308 3308 2502 3382 diem,
2571 3316 2639 3366 nt

1557 3409 1647 3455 ter
1667 3395 1733 3455 id
1765 3395 1897 3455 fieri
1914 3396 2392 3456 animadvertere
2419 3404 2637 3474 potue·

1557 3484 1657 3541 rit.
1709 3484 1814 3543 W
1804 3481 1927 3562 ch.)

1643 3565 2027 3630 424—428.
2073 3566 2162 3625 Cf.
2208 3564 2353 3625 ibid.
2390 3568 2495 3629 98.
2542 3561 2637 3628 94.

1559 3655 1660 3716 99.
1734 3656 1873 3716 100.
1982 3652 2287 3711 Prominet
2359 3652 2637 3729 spelunca

1558 3737 1754 3816 Scylla
1801 3736 2108 3816 superiore
2148 3736 2422 3817 corporis
2475 3745 2639 3813 parte

1557 3833 1620 3882 et
1652 3841 1832 3881 naves
1873 3824 1950 3881 ad
1977 3842 2038 3881 se
2066 3822 2337 3882 attrahit.
2427 3824 2636 3880 Prima

1555 3909 1860 3988 superiore
1888 3910 2156 3986 corporis
2203 3918 2396 3988 parte.
2466 3919 2635 3987 post-

1554 4017 1720 4053 rema
1739 4038 1754 4069 ,
1820 3995 2114 4055 insen-iore.
2184 3996 2408 4071 pistrix
2443 3992 2632 4052 omni·

1560 4102 1638 4140 no
1670 4101 1778 4159 pro
1811 4082 2008 4139 bellua
2040 4080 2290 4154 marina,
2320 4084 2632 4138 conmu'ssa

1556 4168 1786 4225 emulos·
1845 4167 2193 4244 delphinum
2247 4177 2412 4223 utero
2463 4168 2633 4241 lupo-

1557 4273 1725 4323 rum,
1786 4250 1845 4311 h.
1897 4272 1944 4311 e.
2004 4252 2228 4311 habens
2287 4252 2630 4309 coniunctas

1558 4337 1908 4418 delphinum
1958 4340 2178 4400 caudas
2230 4338 2456 4416 lupinis
2499 4354 2629 4394 eum
