2882 5028
593 322 1207 399 AENEIDOS
1260 325 1472 403 LIB.
1513 327 1607 420 V,
1654 331 1988 407 37—49
2283 337 2432 410 731

185 512 561 585 Gratatur
587 507 961 602 reduces,
1015 523 1095 587 et
1124 533 1311 610 gaza
1349 511 1603 587 laetus
1640 513 1921 610 agresti
2340 522 2442 598 40

179 610 526 710 Excipit,
571 636 659 688 ac
688 609 942 688 sessos
971 615 1257 715 opibus
1288 614 1588 691 solatur
1614 616 1903 694 amicis,

181 718 516 789 Postera
552 741 803 816 quum
837 718 1102 816 primo
1133 718 1393 794 stellas
1427 712 1761 795 Oriente
1788 715 2095 817 fugarat

187 817 418 907 Clara
451 817 656 907 dies;
710 822 967 895 socios
998 821 1080 896 in
1115 836 1435 898 coetum
1468 821 1700 897 litore
1738 821 1835 896 ab
1867 822 2091 897 omni

188 920 549 999 Advocat
575 926 884 1000 Aeneas
904 985 924 1019 ‚
980 925 1433 1027 tumulique
1476 949 1567 1002 ex
1598 948 1879 1023 aggere
1910 923 2157 1003 satur:

292 1025 795 1103 Dardanidae
845 1031 1113 1127 magni
1143 1090 1164 1127 ,
1245 1052 1498 1129 genus
1570 1029 1728 1105 alto
1790 1054 1831 1106 a
1892 1028 2268 1126 sanguine
2329 1031 2450 1107 di-

895 1179 901 1185 ·
1354 1156 1545 1208 vom
2348 1140 2450 1217 45

185 1235 525 1307 Annuus
553 1233 833 1308 exactis
863 1232 1286 1335 conpletur
1310 1193 1725 1311 mensibus
1757 1232 1992 1329 orbis,

183 1337 301 1411 Ex
335 1359 500 1435 quo
529 1335 901 1436 reliquias
928 1336 1333 1439 divinique
1371 1362 1544 1415 ossa
1571 1339 1919 1439 parentis

189 1438 726 1515 Condidimus
760 1452 1000 1538 terra,
1053 1457 1554 1543 maestasque
1589 1442 2059 1516 sacravimus
2091 1466 2277 1521 aras,

184 1544 526 1645 Iamque
559 1542 750 1641 dies,
795 1545 945 1620 nisi
993 1541 1253 1644 fallor,
1303 1545 1548 1640 adest,
1607 1569 1854 1646 quem
1879 1568 2202 1646 semper
2233 1570 2445 1625 acer-

1357 1648 1582 1746 bum,

295 1753 420 1830 49.
471 1772 555 1827 m
592 1771 808 1830 ruz.

329 1952 404 2009 40
451 1958 726 2009 Graculus
774 1957 941 2010 Goth.
989 1975 1093 2010 see.
1176 1958 1366 2031 (ἔστω
1412 1956 1625 2021 Medic„
1687 1955 1782 2009 sed
1830 1955 2010 2027 priore
2058 1976 2089 2009 z
2133 1958 2455 2021 transfossa3

191 2022 299 2077 vid.
336 2027 404 2077 V.
440 2027 500 2077 1..
537 2026 607 2077 ad
641 2031 772 2078 Aen.
820 2029 881 2087 11,
929 2029 1052 2082 763.
1108 2029 1256 2096 Wr.)
1395 2028 1462 2083 41
1522 2039 1575 2079 et
1652 2063 1666 2077 .
1720 2026 1921 2096 aliquot
1967 2026 2105 2078 Pier.
2164 2026 2358 2097 sessos
2387 2056 2456 2066 -

190 2098 397 2151 amicos
431 2096 492 2146 it.
528 2097 768 2147 Parthas.
805 2096 1009 2164 aliquot
1042 2114 1128 2164 ap.
1168 2098 1321 2150 eund.
1360 2110 1412 2149 et
1447 2106 1557 2147 tres
1632 2113 1777 2160 urm„
1817 2100 1951 2163 (cum
1988 2097 2039 2151 3.
2077 2099 2127 2151 8.
2173 2097 2317 2163 Wr.)
2360 2096 2457 2149 sed

191 2163 391 2237 opibus
423 2167 607 2217 amicis
641 2165 782 2217 haud
816 2166 975 2217 dubie
1023 2166 1340 2234 elegantius,
1395 2164 1633 2234 inprimis
1681 2166 1732 2215 in
1780 2165 2040 2231 carmine,
2087 2166 2140 2216 h.
2192 2184 2240 2219 e.
2291 2167 2457 2234 gratis

190 2245 249 2285 et
287 2235 516 2302 optatis,
565 2234 759 2287 utiam
794 2235 995 2287 Pierius
1032 2236 1297 2305 praetulit.
1444 2237 1514 2290 44
1559 2241 1772 2287 Avocat
1818 2237 1990 2298 Van„
2037 2235 2133 2286 sed
2184 2254 2231 2288 v.
2283 2239 2455 2288 Burm.

191 2303 505 2424 σωηιιὶιὲιιε
538 2322 644 2387 seq.
690 2306 896 2374 Menag.
969 2304 1037 2356 ab
1086 2323 1292 2387 aggere
1338 2306 1502 2358 Witt.
1653 2305 1723 2358 45
1780 2323 1816 2355 a
1863 2304 2015 2356 deest
2059 2305 2234 2356 multis
2282 2308 2457 2362 Burm.

192 2372 264 2425 ab
304 2382 356 2426 s:
424 2391 491 2425 uo
528 2375 708 2427 Heius.
776 2395 846 2427 ex
881 2393 926 2426 a.
964 2375 1067 2426 duo
1106 2376 1212 2426 alii.
1283 2392 1328 2426 s.
1367 2376 1587 2426 ductum
1622 2372 1790 2426 wall.
1839 2391 1937 2441 pro
1987 2391 2095 2426 var.
2145 2374 2269 2427 lect.
2340 2394 2375 2426 a
2410 2393 2456 2426 a.

201 2444 407 2496 Teucri
441 2443 643 2512 aliquot
683 2462 770 2512 ap.
806 2444 944 2497 Pier.
1014 2445 1124 2497 Sed
1159 2444 1421 2512 vulgatum
1473 2442 1795 2512 generosius.
1884 2445 2087 2510 (—46.
2134 2443 2290 2496 orbes
2335 2446 2458 2495 Me-

192 2512 301 2566 dic.
346 2514 493 2582 Wr.)
635 2514 704 2568 48
738 2527 925 2566 terrae
956 2524 1065 2566 tres
1106 2516 1378 2566 Bnrmanu.
1415 2532 1530 2565 curu
1566 2512 1731 2566 Goth.
1766 2530 1847 2582 pr.
1935 2518 2071 2565 Sane
2107 2514 2271 2566 condi
2306 2527 2459 2566 term

196 2594 251 2635 et
287 2596 478 2635 terrae
510 2582 614 2635 dici
651 2584 817 2647 solet,
852 2595 911 2635 ut
943 2587 1116 2637 Burm.
1154 2585 1220 2635 ad
1256 2585 1449 2635 Lucan.
1487 2585 1527 2645 1,
1579 2584 1681 2637 607
1729 2594 1781 2633 et
1828 2581 1917 2634 elii
1965 2581 2092 2633 alibi
2142 2583 2458 2646 docueruut;

194 2652 305 2704 hoc
365 2663 539 2704 tamen
601 2653 907 2722 exquisitius
972 2672 1086 2705 esse
1148 2655 1369 2705 videtur.
1440 2653 1565 2722 (vid.
1632 2652 1774 2703 Cort.
1837 2652 1904 2702 ad
1956 2652 2109 2702 eund.
2160 2650 2260 2703 loc.
2314 2656 2459 2714 lVr.)

193 2724 268 2778 ⁴9
305 2724 421 2774 nisi
443 2722 497 2794 s
530 2723 679 2774 multi
714 2723 851 2775 Pier.
888 2723 1065 2775 Heius.
1133 2726 1269 2793 (nisi
1300 2723 1356 2773 in
1390 2721 1765 2773 vetustioribus
1812 2740 1870 2772 se
1921 2721 2334 2789 deprehendisse
2386 2721 2463 2773 ait

195 2792 480 2850 Heinsius3
515 2802 673 2860 atque
708 2792 812 2844 hoc
846 2792 1053 2844 invenio
1089 2791 1143 2843 in
1179 2792 1372 2843 Medic.
1399 2794 1548 2842 Rom.
1581 2801 1807 2859 utroque
1833 2790 2009 2860 Lips.;
2044 2791 2182 2840 idem
2210 2790 2463 2842 exhibent

200 2866 249 2918 1.
288 2865 342 2917 7.
377 2864 431 2916 8.
470 2865 587 2923 1o.;
649 2863 710 2913 ni
755 2871 931 2912 tuetur
979 2867 1123 2914 Serv.
1173 2863 1363 2913 Dresd.
1435 2859 1699 2912 Particulu
1748 2862 1860 2912 nisi
1911 2859 2163 2927 Virgilius
2219 2877 2325 2911 non
2376 2869 2461 2911 est

198 2949 357 2994 usus,
395 2930 496 2981 nisi
529 2949 837 3000 praegressa
873 2932 1186 2999 negatione;
1236 2932 1303 2983 cf.
1338 2930 1451 2984 Ecl.
1500 2931 1641 2990 vlu,
1691 2932 1775 2984 67.
1824 2930 1921 2993 IX,
1975 2928 2055 2983 14.
2105 2930 2200 2980 Ge.
2249 2931 2287 2991 1,
2343 2930 2461 2984 155.

197 3007 335 3054 Aen.
369 3003 467 3066 xl,
509 3003 656 3063 1123
703 3002 911 3071 saepius
953 3001 1087 3052 enim
1124 3003 1235 3054 nisi
1266 3001 1406 3070 apud
1457 2998 1737 3068 Virgilium
1784 2998 1893 3066 legi
1944 3016 2050 3050 non
2099 2998 2324 3050 memini.
2392 3004 2465 3051 At

197 3179 366 3240 penu
414 3159 755 3234 rusticano,
802 3159 1139 3239 explicatur
1179 3178 1328 3238 per-
1372 3156 1674 3236 ingenium
1700 3154 1764 3214 in
1801 3175 1870 3215 eo
1900 3175 2181 3235 agnoscas
2225 3175 2461 3232 moneo,

199 3267 387 3325 opaes;
451 3253 674 3304 ornant
723 3247 918 3304 laetus
964 3255 1024 3303 et
1056 3245 1285 3324 fissos.
1375 3243 1540 3321 quod
1570 3242 1640 3301 iis
1669 3241 1849 3301 rebus
1890 3242 1970 3302 ad
2011 3243 2292 3323 pietatem
2333 3263 2467 3301 ma-

203 3331 458 3412 (-42.
486 3351 573 3409 sq.
632 3333 880 3389 Postera
922 3332 1095 3388 clam
1134 3331 1285 3405 dies,
1373 3330 1540 3389 xime
1590 3328 1822 3387 Aeneae
1883 3327 1976 3387 sui
2042 3327 2462 3388 declarandam

201 3416 333 3476 vid.
375 3416 443 3477 V.
467 3417 531 3475 L.
569 3415 648 3474 ad
691 3436 779 3476 vs.
803 3416 908 3480 24.
943 3418 1087 3476 Wr.
1375 3435 1520 3475 usus
1553 3422 1657 3473 est.

292 3499 396 3564 44.
455 3502 674 3560 tumuli
713 3521 786 3559 ex
825 3522 1049 3580 aggere
1079 3414 1292 3581 gorna·
1454 3497 1567 3565 '45.
1613 3499 1737 3557 alto
1783 3519 1825 3557 a
1872 3502 2173 3575 sanguine
2221 3497 2455 3572 divum,

203 3599 303 3663 te,
345 3607 459 3667 pro
489 3607 566 3648 ex
603 3586 903 3668 tumulo),
961 3587 1152 3648 socios
1199 3586 1296 3645 al·
1379 3594 1632 3665 propter
1693 3583 2037 3643 Dardanum
2094 3583 2251 3642 lovis
2304 3584 2344 3642 f.
2408 3603 2469 3642 v.

203 3675 515 3752 loquitur3
560 3692 727 3732 more
770 3673 1043 3748 militari,
1086 3682 1159 3731 ut
1196 3681 1300 3731 to-
1381 3672 1482 3746 111,
1517 3674 1661 3734 167.
1745 3669 1912 3728 Solet
1939 3679 2135 3728 aulem
2172 3668 2328 3743 eius,
2366 3667 2473 3745 qui

204 3761 325 3820 ties
354 3760 517 3840 apud
565 3758 692 3819 Liv.
740 3769 801 3817 et
851 3758 992 3822 Tac.
1035 3759 1112 3817 de
1158 3777 1301 3837 sug-
1381 3755 1574 3835 gentis
1617 3765 1831 3815 auctor
1867 3775 1938 3814 ac
1969 3755 2135 3834 regni
2170 3754 2267 3814 vel
2303 3753 2473 3812 urbis

206 3856 384 3926 gestu
412 3855 473 3904 et
501 3863 714 3924 aggere
741 3844 801 3903 in
833 3844 1040 3904 castris
1069 3844 1299 3903 allocu-
1385 3841 1669 3901 conditor
1694 3842 1827 3913 fuit,
1854 3842 2135 3901 nobilitas
2168 3840 2278 3899 toti
2310 3838 2474 3917 genti

210 3934 301 3992 tio
334 3934 488 3991 sacta
514 3931 749 4009 legitur.
1388 3949 1460 3987 ac
1495 3928 1720 4006 populo
1762 3927 1968 3988 tribui.
2054 3927 2154 3985 Sic
2195 3924 2470 3998 Romani,

299 4019 384 4085 45
417 4038 503 4096 sq.
551 4016 671 4077 Etsi
704 4025 767 4074 et
803 4014 1049 4075 inseriae
1078 4012 1193 4072 hae
1241 4020 1303 4073 et
1387 4017 1618 4073 Marcis
1665 4034 1898 4091 genus,
1948 4011 2314 4071 Romulidae
2360 4017 2474 4067 etc.

211 4095 352 4163 ludi
385 4105 668 4164 funebres
708 4102 881 4182 plane
934 4100 1009 4158 ad
1056 4098 1302 4158 Homeri
1386 4100 1523 4158 Hoc
1580 4099 1960 4159 Burmannus
2029 4096 2207 4161 unios
2270 4103 2476 4154 tenere

209 4190 524 4270 inprimis,
568 4198 703 4249 tum
744 4197 807 4246 et
835 4186 1090 4247 aliorum
1133 4193 1305 4245 vete·
1391 4183 1664 4243 debebat.

208 4297 347 4336 rum
418 4286 775 4358 poetarum,
861 4270 1198 4350 exemplum
1270 4290 1308 4328 a
1476 4269 1579 4334 48.
1628 4291 1807 4329 mm.-
1869 4270 2050 4327 sunus
2092 4286 2125 4323 a
2182 4261 2478 4324 sacrificio

211 4363 458 4445 Virgilio
491 4362 923 4435 instituuntur,
954 4367 1158 4417 tamen
1180 4355 1310 4415 eius
1390 4355 1630 4417 funebri
1653 4355 1937 4434 designat,
1967 4350 2131 4431 quod
2161 4348 2239 4412 ad
2267 4369 2480 4430 rogum
