2882 5028
498 391 653 464 756
988 383 1069 457 Ρ.
1122 379 1652 457 VIRGILII
1720 378 2265 456 MARONIS

500 569 882 667 Instigaut
910 565 1225 661 studiis,
1270 580 1756 668 resonatque
1786 562 2232 664 fragoribus
2268 563 2527 642 aether.

502 677 600 751 Hi
667 671 1088 775 proprium
1151 671 1398 754 decus
1470 683 1546 746 et
1613 682 1931 771 partum
2015 670 2498 768 indignantur
2560 664 2676 740 ho-

500 879 598 957 Ni
630 890 992 969 teneant,
1032 877 1437 978 vitamque
1468 798 1965 978 voludltopssdn
1957 875 2191 952 laude
2224 874 2520 977 pacisci3
2565 878 2678 950 230

501 987 1129 1059 Hoesuccessus
1175 981 1343 1058 alit:
1411 994 1784 1082 possunt,
1856 981 2038 1081 quia
2089 1004 2322 1080 posse
2362 976 2678 1053 videntur.

500 1090 602 1162 Et
631 1083 800 1160 fors
834 1085 1184 1186 aequatis
1227 1085 1621 1185 cepissent
1652 1085 2003 1186 praemia
2039 1085 2332 1178 rostriS,

501 1190 640 1285 Ni,
696 1186 994 1290 palmas
1024 1201 1279 1289 ponto
1319 1187 1664 1264 tendens
1696 1201 2097 1287 utrasque,
2150 1184 2562 1265 Cloanthus

499 1292 1026 1392 Fudissetque
1056 1315 1371 1391 preceS,
1429 1291 1813 1391 divosque
1848 1292 1928 1366 in
1958 1304 2140 1365 vota
2183 1300 2547 1366 vocasset:

638 1502 743 1556 228
775 1512 1106 1570 resonatque
1137 1498 1486 1572 stag-oribus.
1583 1503 1662 1552 Ita
1705 1498 1885 1551 Heius.
1934 1516 2050 1553 cum
2096 1499 2472 1570 praestantiore
2517 1506 2683 1564 quoque-

502 1570 677 1638 Vulgo
711 1569 1053 1631 clamoribus,
1091 1569 1326 1621 nonnulli
1368 1570 1578 1623 sublato
1614 1588 1734 1640 que.
1805 1571 1962 1621 Voss.
1998 1568 2368 1638 clangoribus.
2433 1570 2687 1636 (resonant-

501 1658 608 1710 que
638 1639 827 1691 Medic.
865 1658 895 1690 a
934 1658 1001 1691 m.
1037 1658 1117 1708 pr.
1159 1640 1305 1705 Wr.)

1444 1642 1545 1696 231
1586 1641 1704 1711 agit
1729 1656 1807 1707 pr.
1827 1639 2110 1708 Hamburg.
2140 1656 2172 1689 a
2199 1657 2268 1690 m.
2295 1657 2396 1691 sec.
2463 1636 2574 1706 quia
2588 1647 2688 1703 poe-

502 1721 651 1773 sune,
679 1728 739 1781 p.
771 1714 950 1779 Sprot.
1021 1721 1260 1779 possunt
1294 1729 1436 1780 quae
1464 1729 1522 1781 p.
1574 1710 1710 1761 alter
1747 1709 1930 1761 Hamb.
2012 1709 2236 1760 videtur
2270 1706 2456 1759 Medic.
2496 1723 2525 1756 a
2552 1720 2609 1753 m.
2631 1715 2686 1769 pr·

499 1778 607 1833 233
632 1791 809 1851 ponto
841 1778 1059 1850 palmas
1090 1778 1195 1830 duo
1228 1780 1403 1835 Burm.

502 1937 769 2019 proiecto
797 1957 885 1996 vs.
919 1941 1059 2002 173.
1148 1939 1215 1995 in
1230 1936 1368 2012 fine
1394 1937 1584 1996 totius

501 2043 746 2098 cursus,
787 2022 898 2082 int.
929 2023 1041 2081 sub
1071 2021 1334 2082 reditum
1364 2022 1441 2084 ad
1475 2023 1584 2082 lit-

500 2118 621 2169 tus.
691 2108 768 2167 cf.
806 2108 914 2167 inf.
955 2128 1016 2167 v.
1061 2112 1208 2173 827.
1254 2111 1399 2173 828.
1485 2130 1583 2167 se-

500 2207 776 2275 quentem
799 2238 816 2266 ,
866 2192 1246 2253 Mnestheum
1274 2193 1378 2272 qui
1419 2193 1587 2252 inse-

501 2279 711 2358 quitur
740 2277 1134 2353 Cloanthum,
1178 2292 1365 2356 urget.
1439 2284 1585 2345 228.

500 2367 716 2424 studiis
740 2362 801 2423 h.
834 2364 872 2424 l.
903 2364 1177 2444 proprie,
1225 2373 1298 2424 ut
1338 2365 1403 2423 in
1433 2386 1586 2425 con-

500 2470 664 2510 sessu
686 2450 975 2510 ludorum
1001 2450 1352 2510 circensium
1382 2450 1457 2508 de
1490 2453 1585 2510 sa-

499 2556 649 2598 vore
700 2538 1118 2617 spectantium.
1154 2537 1256 2596 cf.
1300 2537 1466 2596 Iliad.
1510 2557 1585 2616 ψ,

500 2644 561 2689 v.
603 2621 730 2689 448
775 2643 901 2701 sqq.
943 2631 1007 2681 et
1039 2626 1183 2696 767,
1224 2626 1369 2685 768.
1402 2623 1584 2681 Silius

500 2709 674 2785 XVI,
747 2712 873 2773 319
902 2743 970 2752 -
1005 2711 1150 2773 332.
1217 2707 1583 2785 smgors‘bue

423 2854 427 2862 ,
500 2794 561 2856 h.
588 2795 628 2855 l.
656 2814 769 2873 pro
798 2794 1058 2853 clamore
1085 2802 1147 2851 et
1172 2793 1404 2872 plausu.

586 2882 973 2947 229—231.
1037 2882 1358 2957 proprium
1407 2880 1612 2948 decus,

499 2964 562 3026 h.
606 2966 648 3025 l.
686 2974 760 3024 ut
790 2964 965 3040 alias,
1008 2985 1122 3044 pro
1171 2963 1347 3043 parta
1377 2965 1497 3024 iam
1525 2973 1586 3023 et

498 3060 712 3133 parata
743 3050 1014 3110 victoria.
1072 3051 1486 3128 indignantur,
1518 3053 1589 3109 ni

499 3148 736 3196 teneant
753 3180 772 3212 ,
838 3134 1076 3194 doctior
1127 3135 1323 3195 forma
1378 3156 1579 3215 quam,

500 3244 563 3281 se
619 3244 739 3281 non
782 3233 1002 3296 tenere,
1058 3219 1175 3278 sibi
1219 3222 1389 3299 ενῲί.
1483 3222 1582 3281 sic

502 3308 576 3383 εἶ,
623 3308 679 3370 εἰ
699 3299 804 3387 μή.
857 3308 1098 3384 pacisci
1124 3306 1415 3385 exquisite
1448 3328 1579 3388 pro,

499 3392 754 3453 reddere
770 3435 788 3466 ,
821 3390 1202 3470 impendere3
1260 3410 1335 3451 ex
1365 3393 1583 3472 vulga—

499 3478 661 3539 riore
690 3477 978 3537 formula:
1038 3476 1333 3537 redimere
1366 3479 1584 3538 samam

499 3563 921 3644 sempiternam
958 3572 1175 3623 morte.
1259 3565 1358 3623 Sic
1398 3586 1587 3623 emere

497 3649 607 3709 inf.
656 3650 763 3722 lx,
824 3653 966 3714 206.
1051 3648 1326 3709 Imitatus
1373 3653 1525 3710 Stat.
1559 3650 1589 3709 1

501 3733 690 3796 Theb.
734 3738 879 3799 319.
938 3732 1053 3794 hoc
1104 3756 1324 3794 aevum
1373 3739 1586 3815 cupiat

487 3843 607 3901 pro
629 3822 762 3880 luce
782 3822 1042 3897 pacisci.
1089 3821 1282 3881 Locus
1314 3840 1350 3878 a
1372 3822 1581 3882 Burm.

500 3909 621 3967 iam
676 3904 975 3966 laudatus.
1074 3910 1222 3971 231.
1296 3921 1575 3984 possunt,

501 3996 649 4076 quia
676 4011 853 4070 posse
883 3990 1158 4050 videntur
1183 3991 1262 4049 ad
1294 3991 1580 4052 fiduciam

502 4076 867 4140 certantium
900 4075 1128 4134 referre
1155 4075 1387 4155 m'alim3
1447 4079 1581 4138 effi—

501 4165 672 4225 ciunt
719 4162 817 4238 id,
872 4160 1039 4239 quod
1079 4161 1271 4221 secere
1309 4164 1580 4240 student,

500 4269 607 4311 seu
646 4250 713 4310 in
743 4267 814 4308 eo
841 4256 1017 4323 sunt,
1076 4256 1150 4307 ut
1184 4248 1250 4307 id
1282 4249 1580 4328 efficiant;

501 4335 787 4414 quoniam
811 4333 925 4394 sibi
942 4332 1228 4395 videntur
1254 4334 1319 4395 id
1345 4335 1579 4395 effidere

1540 1780 1646 1835 284
1677 1778 2038 1848 Effunditque
2064 1796 2125 1848 p.
2178 1795 2286 1829 sec.
2325 1774 2558 1829 Rottend.

1667 1935 1941 2015 inprimis
1958 1937 2076 1995 Tra
2081 1936 2278 2017 ppius.
2325 1936 2429 1995 Est
2440 1933 2548 1994 hoc
2559 1929 2688 2003 idem,

1668 2022 1774 2081 sed
1804 2022 1955 2082 male
1994 2022 2401 2096 intellectum,
2443 2016 2586 2096 quod
2612 2034 2691 2072 uo-

1670 2118 1829 2167 strae
1855 2108 2067 2166 aetatis
2104 2107 2339 2188 ingenia
2375 2103 2693 2169 πάνδειναεῒ

1669 2189 1983 2273 πάντολμα
2012 2213 2155 2273 prae
2192 2214 2256 2252 se
2301 2193 2581 2253 ferebant:
2625 2185 2692 2243 ni-

1669 2279 1758 2338 hil
1783 2298 1906 2337 esse
1934 2279 2100 2358 quod
2141 2300 2269 2339 non
2299 2279 2522 2353 valeas,
2560 2267 2692 2331 modo

1667 2365 1816 2425 velis
1855 2365 2084 2424 valere:
2143 2366 2371 2425 scilicet
2388 2410 2403 2439 ,
2463 2360 2613 2420 modo
2641 2357 2694 2411 ⁸1¹²

1669 2451 1959 2509 divinius-s
1989 2452 2115 2509 illis
2131 2453 2457 2531 Ingenium
2480 2460 2531 2506 et
2552 2458 2693 2502 ream

1655 2537 1800 2615 sato
1812 2538 2137 2613 prudentia
2158 2541 2360 2597 maior
2376 2561 2395 2595 .-
2450 2553 2605 2612 qusm
2623 2537 2694 2586 1²-

1670 2642 1809 2682 men
1844 2623 1970 2682 sere
2004 2622 2206 2684 deesse
2235 2624 2369 2682 istis
2391 2622 2635 2681 vidimus·

1724 2740 1729 2744 ·
1758 2708 2139 2773 282—243.
2160 2710 2377 2768 Lineas
2403 2704 2550 2788 apud
2564 2700 2694 2760 Hom.

1672 2793 1884 2853 ductas
1911 2793 2051 2852 vide
2081 2793 2117 2853 l.
2147 2815 2198 2853 c.
2226 2795 2398 2854 iliad.
2415 2809 2485 2871 ψ,
2499 2792 2604 2854 769
2618 2803 2693 2880 {qn

1640 2930 1652 2938 .
1671 2879 1777 2939 ubi
1806 2879 2039 2957 Ulysses
2064 2878 2129 2938 in
2176 2900 2390 2941 cursus
2433 2883 2694 2937 oertsmm‘

1669 2965 1938 3024 similiter
2011 2969 2158 3024 vota
2241 2966 2404 3026 facit.
2500 2959 2694 3040 palm„

1667 3063 1946 3130 utrasque
1987 3051 2266 3129 antique,
2328 3050 2519 3129 inquit
2552 3048 2693 3109 Serv,

1667 3156 1846 3214 quem
1873 3135 2045 3211 vide,
2070 3157 2187 3216 pro
2208 3139 2492 3215 pahnam
2515 3144 2695 3192 W

1664 3243 1800 3303 que.
1853 3219 2090 3303 (eodem
2131 3223 2319 3283 modo
2359 3223 2457 3295 VI,
2498 3215 2620 3283 685-
2651 3216 2694 3266 ἃ

1663 3320 1915 3387 utraque
1936 3320 2208 3386 tempora
2234 3308 2392 3368 infra
2416 3304 2550 3373 855·
2567 3300 2643 3361 W
2640 3290 2694 3373 1’·)

1667 3394 1836 3452 divos
1867 3395 1934 3451 in
1972 3407 2113 3452 vota
2158 3416 2372 3453 vocare
2408 3393 2469 3453 vi
2510 3404 2628 3447 sane
2655 3387 2695 3436 ὅ

1667 3497 1845 3538 sensu
1895 3478 2057 3539 idem
2104 3499 2228 3538 esse
2284 3479 2461 3539 debet
2501 3493 2565 3534 ac
2591 3469 2693 3528 deos

1667 3567 1821 3623 νοιίε
1844 3585 2056 3623 vocare
2084 3563 2144 3624 h.
2175 3584 2223 3624 e.
2246 3566 2553 3625 invocare:
2572 3548 2692 3635 qnod

1668 3649 1981 3728 aliquoties
2004 3649 2168 3730 apud
2198 3650 2503 3729 Virgilium
2529 3652 2585 3704 et
2604 3639 2692 3699 eiu*

1666 3735 2002 3796 imitatione
2041 3736 2201 3815 apud
2232 3737 2444 3796 Silium
2470 3742 2527 3792 et
2550 3731 2690 3788 Sene·

1667 3841 1799 3902 cam
1827 3822 2145 3901 Tragicum
2169 3821 2435 3882 occurrit
2449 3865 2467 3896 ,
2508 3813 2602 3876 md
2625 3806 2690 3867 (15·

1667 3917 1832 3968 ctum
1876 3907 2168 3986 exquisite
2191 3952 2207 3982 ,
2275 3916 2350 3966 ut
2402 3910 2465 3965 in
2502 3910 2694 3981 parim

1656 3995 2070 4072 praedamque
2109 4014 2321 4051 vocare
2357 3991 2450 4067 111,
2486 3989 2615 4056 222,
2650 3983 2694 4035 *ί

1665 4080 1831 4159 apud
1860 4078 2040 4138 Ovid.
2084 4078 2242 4137 Fast.
2288 4077 2359 4151 V,
2404 4076 2524 4141 527
2561 4073 2696 4128 Μ’

1665 4177 1758 4224 tus
1783 4164 1948 4223 vobis·
1972 4167 2039 4222 in
2069 4163 2244 4222 verba
2269 4166 2511 4222 vocatis.
2576 4153 2696 4212 Nm

1664 4254 1820 4310 votis
1846 4259 1937 4309 est
1961 4249 2121 4308 idem
2150 4269 2218 4308 ac
2246 4265 2458 4308 vocare
2500 4241 2569 4301 ad
2606 4255 2697 4296 vo·
2781 4279 2782 4330 3

1662 4345 1727 4394 ta
1754 4380 1772 4413 ,
1860 4336 1939 4395 ad
2012 4355 2120 4410 ea,
2203 4352 2356 4412 quae
2423 4332 2697 4390 voventur·
2781 4367 2782 4386 1

500 4440 691 4502 posse.
777 4419 970 4483 Multa
995 4429 1354 4501 argutantur
1377 4421 1579 4502 Intpp.
1665 4422 1933 4484 Guellius
1994 4421 2203 4483 laudat
2253 4435 2484 4480 versum
2532 4411 2695 4490 Lyco—
2781 4395 2782 4454 l
