2882 5028
560 309 1166 386 AENEIDOS
1219 313 1430 387 LIB.
1484 315 1616 409 1V,
1671 320 2011 394 37—49
2268 325 2416 420 §01

175 495 520 575 Barcaei.
627 496 836 591 Quid
870 494 1081 573 bella
1118 501 1330 595 Tyro
1363 502 1759 597 surgentia
1792 501 2074 602 dicam,

178 599 720 699 Germanique
754 600 1057 676 minas?

173 705 309 783 Dis
349 702 731 804 equidem
764 702 1206 804 auspicibus
1232 728 1424 781 reor
1458 718 1538 780 et
1565 710 1874 785 Iunone
1904 711 2251 788 secunda
2324 719 2424 793 45

174 813 412 884 Hunc
451 831 768 882 cursum
797 807 1061 883 Iliacas
1097 821 1338 882 vento
1378 811 1725 887 tenuisse
1753 814 2064 893 carinas,

180 915 444 1007 Quam
475 923 562 985 tu
590 911 915 1009 urbem,
961 935 1225 1009 soror,
1278 911 1483 987 hanc
1516 938 1814 1014 cerneS,
1869 942 2071 1019 quae
2103 941 2443 1018 surgere-

335 1059 344 1062 -
535 1051 536 1054 κ
1343 1039 1587 1113 regna

179 1117 581 1215 Coniugio
621 1077 784 1192 tali!
842 1120 1243 1192 Teucrum
1292 1143 1332 1193 c

1338 1120 1847 1195 omitantibus
1886 1124 2143 1221 armiS,

177 1223 476 1300 Punica
514 1245 598 1296 se
634 1221 943 1320 quantis
976 1220 1303 1298 adtollet
1343 1222 1591 1321 gloria
1634 1223 1911 1303 rebus!

285 1351 413 1422 47.
469 1349 793 1417 cannas!

323 1548 398 1603 43
431 1549 728 1612 Brachaei,
766 1549 1062 1614 Barchmi,
1098 1553 1333 1604 Bate-hei
1342 1591 1356 1616 ,
1392 1554 1622 1617 Bac-hei,
1672 1552 1941 1606 scribitur.

176 1618 413 1672 Dos-vill.

185 1692 278 1744 W
266 1690 340 1754 r.)

2070 1551 2140 1607 45
2176 1555 2434 1624 auspicii-r

530 1620 599 1671 46
636 1621 760 1668 Hac
780 1618 952 1686 vulgg.
999 1621 1161 1689 (quod
1197 1640 1260 1672 ex
1289 1623 1676 1692 antiquioribus
1700 1641 1828 1673 unns
1858 1623 2064 1674 videtur
2088 1623 2250 1674 Palat.
2277 1622 2431 1674 tueri.

416 1690 583 1739 Hune
609 1687 804 1739 Medic.
832 1706 946 1738 cum
973 1690 1267 1758 potioribus
1284 1731 1296 1753 ‚
1332 1709 1429 1743 nec
1453 1709 1563 1742 non
1589 1694 1663 1743 sic
1702 1695 1973 1743 Romanus*
1992 1711 2103 1744 cum
2146 1691 2263 1742 aliis
2296 1692 2432 1743 Pier.

179 1769 242 1811 et
267 1758 554 1825 fragment.
580 1757 751 1807 Vatic.
821 1759 888 1807 Et
919 1758 1153 1810 codicum
1179 1762 1492 1812 auctoritate
1531 1774 1705 1829 putem
1733 1762 1789 1813 in
1818 1763 2011 1813 talibus
2040 1779 2154 1812 esse
2178 1761 2435 1826 standum,

179 1827 290 1880 etsi
321 1839 379 1877 et
403 1827 622 1878 alterum
649 1836 794 1877 recte
826 1826 1049 1892 dicitur,
1085 1839 1142 1879 ut
1168 1829 1261 1882 lib.
1286 1832 1326 1894 1,
1362 1831 1469 1886 534
1495 1834 1619 1881 Huc
1644 1830 1989 1902 cursasfaic.
2048 1831 2165 1898 (sed
2195 1830 2270 1880 ibi
2298 1848 2436 1898 quo-

178 1916 290 1967 que
329 1896 438 1947 iam
471 1895 761 1964 repositum
802 1906 882 1946 est
919 1899 1039 1948 Hic.
1082 1900 1225 1965 Wr.)
1299 1903 1424 1952 Huc
1462 1900 1615 1950 etiam
1647 1900 1850 1951 Servius
1879 1902 2271 1970 interpretatur.
2320 1900 2437 1966 (sed

180 1985 252 2019 ex
290 1965 454 2018 huius
512 1965 951 2033 interpretatione
1009 1967 1307 2020 coniectura
1351 1969 1418 2021 de
1472 1970 1700 2021 lectione
1750 1970 1866 2021 fieri
1900 1987 2004 2022 non
2051 1978 2248 2039 potest.
2289 1971 2433 2036 Wr.)

178 2037 253 2091 47
283 2034 774 2101 Quantam-urbem
833 2051 880 2085 r.
909 2036 1095 2088 Hamb.
1123 2055 1154 2088 a
1183 2055 1250 2090 m.
1279 2056 1381 2090 see.
1416 2048 1473 2090 et
1503 2057 1533 2091 a
1554 2057 1637 2109 pr.
1663 2039 1813 2091 Leid.
1943 2040 2011 2094 48
2041 2052 2095 2091 et
2128 2043 2191 2091 T.
2217 2038 2436 2091 Dorviu.

178 2107 254 2160 49
292 2105 510 2157 attollit
531 2104 618 2156 vel
639 2104 798 2156 adtol
816 2106 861 2156 ic
880 2112 1008 2157 tres.

177 2283 379 2342 Recte
429 2298 575 2340 vero
619 2281 931 2341 Wunderl.
1027 2283 1280 2343 Feroces

179 2375 370 2427 erant
412 2367 619 2445 populi
659 2368 926 2442 Gaetuli,
969 2367 1281 2443 Numidae,

180 2451 477 2529 Barcaei,
517 2450 611 2510 his
653 2453 846 2513 media
876 2454 1281 2535 interponitur

181 2539 396 2620 Syrtis
447 2547 500 2596 et
549 2538 931 2609 desertasiti
974 2543 1136 2621 regio
1176 2542 1281 2616 ita,

178 2635 262 2686 nt
292 2623 608 2701 Virgilium
627 2627 888 2706 pericula
915 2627 989 2684 ab
1015 2627 1109 2687 his
1137 2648 1284 2708 par-

184 2712 365 2772 tibus
406 2710 779 2771 imminentia
819 2712 1122 2773 declarare
1164 2734 1281 2772 vo-

180 2797 379 2857 luisse
406 2804 680 2874 apertum
711 2799 807 2857 sit.
893 2799 1101 2878 Itaque
1128 2800 1281 2878 Syr-

180 2884 274 2944 tis
305 2882 423 2940 vix
463 2891 660 2960 potest
701 2884 968 2944 dubitari
1003 2886 1148 2963 quin
1179 2884 1282 2943 di-

182 2976 381 3029 catur
453 2966 860 3048 inhospita
916 2971 993 3030 ob
1044 2971 1283 3031 crebras

181 3056 605 3115 Nasamonum
644 3054 708 3113 in
741 3055 843 3116 illa
892 3058 1071 3116 maris
1113 3064 1282 3138 parte

143 3200 150 3208 ,
183 3137 644 3222 praedationes.
741 3141 922 3201 Silius
976 3143 1035 3219 1,
1109 3143 1284 3208 408.:

186 3227 323 3304 „Et
371 3232 582 3284 vastae
616 3223 913 3287 Nasamon
962 3228 1285 3309 populator

187 3309 465 3394 Syrtis.“
504 3310 727 3372 Lucan.
754 3313 862 3389 lx,
908 3311 1082 3379 440.:
1124 3312 1288 3389 „Na-

189 3416 417 3458 samon
438 3439 457 3470 ,
525 3415 700 3474 quem
763 3398 976 3459 mundi
1028 3399 1289 3459 barbara

192 3481 450 3544 damnis
477 3483 674 3560 Syrtis
716 3484 878 3559 alit,“
921 3497 1030 3547 eet.
1118 3485 1290 3559 Quae

193 3570 247 3629 si
277 3567 422 3647 quis
465 3566 543 3625 ad
587 3568 873 3629 maiorem
903 3571 1129 3649 Syrtim
1158 3588 1296 3650 spe—

193 3664 377 3714 ctare
420 3651 611 3729 dicet,
671 3675 795 3714 non
851 3657 930 3716 ad
982 3657 1295 3730 minorem,

195 3737 561 3817 Carthagini
609 3741 987 3819 propiorem,
1055 3742 1107 3801 is
1165 3760 1297 3799 me·-

194 3825 491 3899 minerit,
548 3827 902 3887 remotiores
956 3846 1079 3885 esse
1119 3827 1298 3886 etiam

195 3914 524 3986 Barcaeus,
569 3912 790 3991 quippe
813 3913 978 3973 ultra
1013 3913 1299 3973 maiorem

199 3996 443 4078 Syrtim
466 3996 812 4057 incolentes.
855 4031 942 4045 —
984 4000 1213 4057 deserta
1249 4019 1296 4059 ε.

199 4086 406 4163 regio,
454 4082 492 4141 i.
522 4101 572 4142 e.
610 4083 1021 4162 infrequenter
1059 4082 1301 4142 habita-

199 4178 293 4230 ta.
332 4170 444 4229 W
431 4166 507 4248 r.)
566 4169 840 4227 Barcaei
871 4190 905 4227 a
938 4169 1142 4244 Barce,
1176 4168 1301 4248 Cy·-

203 4253 486 4315 renaicae
511 4254 682 4329 urbe,
725 4274 834 4334 per
862 4255 1164 4335 prolepsin
1202 4252 1303 4313 hic

207 4339 512 4401 nominati
522 4361 544 4417 5
610 4359 752 4401 nam
809 4340 1000 4401 multo
1055 4340 1305 4400 seriores

1360 2281 1529 2342 suere
1572 2283 1741 2343 urbis
1802 2283 2089 2362 origines,
2149 2285 2368 2365 quippe
2404 2306 2439 2343 a

1360 2369 1524 2429 Batti
1568 2368 1807 2429 demum
1864 2370 2180 2448 nepotibus
2228 2370 2442 2430 condi-

1361 2463 1476 2517 tae.
1517 2475 1577 2514 v.
1609 2454 1899 2514 Herodot.
1932 2455 2032 2531 lv,
2081 2460 2222 2533 160,
2265 2466 2327 2531 et
2358 2456 2444 2516 ibi

1363 2550 1493 2601 not.
1555 2542 1676 2600 late
1685 2541 1960 2620 furentes
1986 2544 2275 2601 Barcaei.
2338 2542 2445 2601 In-

1365 2627 1646 2686 sederant
1674 2646 1812 2705 ergo
1844 2627 1962 2685 iam
1993 2636 2123 2686 tum
2164 2626 2275 2686 has
2310 2637 2444 2687 ter-

1365 2734 1465 2773 ras
1508 2711 1750 2772 barbari
1790 2710 2018 2789 seriqile
2064 2712 2273 2791 populi
2321 2713 2445 2772 late

1364 2806 1664 2877 vagante&
1752 2798 2019 2857 Servius:
2046 2796 2172 2872 „Hi
2187 2841 2204 2872 ,
2229 2816 2447 2857 secun-

1367 2885 1515 2944 dum
1551 2883 1852 2942 Titianum
1894 2883 1960 2941 in
2004 2881 2447 2962 Chorographia

1367 2967 1546 3049 (quae
1562 2968 1696 3027 Iulii
1724 2967 1976 3028 Honorii
2008 2968 2285 3028 Oratoris
2308 2967 2446 3051 suit)

1363 3054 1717 3116 Phoenicem
1761 3054 1959 3114 navali
2006 3054 2310 3133 quondam
2352 3054 2451 3114 vi·

1370 3161 1502 3201 cere
1533 3142 1913 3200 certamine.“
2004 3143 2293 3200 Germani
2329 3141 2451 3198 mi-

1368 3250 1505 3288 nas.
1554 3227 1628 3287 cf.
1661 3227 1708 3304 Ι,
1744 3232 1862 3292 361
1896 3246 1981 3304 sq.

1457 3311 1560 3377 45.
1589 3312 1878 3371 Iunonem
1907 3311 2281 3392 potissimum
2304 3332 2454 3391 pro-

1372 3398 1584 3478 pitiam
1611 3398 1911 3472 nominat,
1953 3397 2081 3457 sive
2120 3397 2260 3475 quia
2293 3396 2455 3456 inter

1374 3483 1671 3565 principes
1718 3482 1861 3543 deos
1889 3481 2455 3562 Carthaginiensium

1378 3578 1536 3628 erat:
1585 3568 1660 3630 cs.
1701 3588 1832 3648 sup.
1876 3568 1953 3626 ad
1996 3568 2042 3644 1,
2092 3569 2168 3634 15
2215 3578 2276 3628 et
2314 3587 2457 3628 mox

1379 3675 1441 3714 v.
1486 3653 1595 3730 593
1655 3653 1779 3712 sive
1826 3653 1966 3732 quia
2020 3654 2308 3732 coniugiis
2357 3654 2460 3713 illa

1379 3746 1631 3820 praeest.
1704 3735 1848 3820 (boc
1902 3739 2325 3818 praetulerim3
2377 3739 2462 3798 sic

1382 3829 1536 3885 Stat.
1567 3826 1626 3883 S.
1670 3822 1718 3900 1,
1764 3830 1825 3899 2,
1869 3826 2037 3888 138.:
2080 3824 2461 3901 „thalami

1380 3911 1518 3989 iuga
1549 3911 1709 3971 ferre
1746 3910 2147 3988 secundi;“
2192 3908 2298 3971 ubi
2336 3907 2462 3971 vid.

1381 3995 1583 4057 Hand.
1620 4029 1690 4040 —
1739 3995 1941 4073 Quam
1970 4009 2011 4056 t.
2041 4019 2105 4055 u.
2137 3996 2338 4056 hanc
2374 4018 2459 4072 0.,

1382 4082 1510 4143 vid.
1566 4081 1643 4156 Q.
1704 4080 1776 4142 V.
1825 4082 1965 4159 XX,
2032 4086 2092 4157 6,
2160 4102 2214 4142 a.
2292 4077 2463 4161 Wr.)

1386 4166 1685 4234 49—53.
1729 4170 1971 4247 quantis
2001 4166 2201 4243 rebus,
2232 4165 2465 4246 opibus,

1383 4251 1675 4334 potentia.
1759 4252 1903 4312 Mox
1919 4253 2058 4311 deos
2087 4254 2325 4311 veniam
2345 4269 2468 4327 po-

1386 4360 1541 4398 scere
1560 4382 1581 4415 ,
1628 4356 1729 4397 eoa
1771 4338 2010 4416 placare
2061 4356 2133 4396 ac
2176 4333 2469 4417 propitios
