2882 5028
576 343 1191 418 AENEIDOS
1245 344 1460 419 LIB.
1515 345 1611 439 11,
1668 352 2101 426 sos-321
2283 358 2469 431 r313

199 527 779 627 Praecipitant3
832 531 1369 633 pulcrumque
1396 531 1608 605 mori
1652 533 2034 608 succurrit
2082 534 2465 615 inarmis.

306 635 519 707 Ecce
560 646 832 708 autern
862 634 1041 709 telis
1071 634 1426 711 Panthus
1476 633 1786 735 elapsus
1819 636 2232 736 Achivum,

196 734 566 811 Panthus
603 735 1090 836 Othryades,
1147 739 1340 814 arcis
1371 737 1844 840 Phoebique
1876 740 2271 838 sacerdOS‚

202 841 447 915 Sacra
518 863 819 939 manu,¹
874 843 1284 944 victosque
1356 840 1595 940 dem,
1661 868 2158 946 parvumque
2214 869 2474 946 nepo-

95 1052 100 1056 ’
194 1047 384 1147 Ipse
434 1044 720 1143 trahit,
777 1071 1173 1151 cursuque
1219 957 1622 1126 ametssaeid
1656 1046 1929 1124 limina
1963 1049 2238 1126 tendit.
2319 958 2473 1030 32⁰

333 1221 456 1275 317
500 1221 844 1293 Praecipitat
893 1223 1034 1274 Gud.
1108 1224 1306 1295 praeci
1339 1226 1481 1277 item
1536 1241 1643 1276 sec.
1705 1224 1894 1275 Hamb.
2044 1225 2151 1281 318
2209 1225 2474 1279 Achivom

199 1289 382 1341 Heius.
442 1307 473 1339 e
520 1289 716 1340 Medic.
758 1299 815 1340 et
848 1292 984 1343 Gud.
1055 1297 1231 1361 (quam
1308 1310 1505 1346 ormam
1546 1292 1826 1348 Wunderl.
1877 1293 2145 1362 reposuit3
2206 1294 2313 1346 vid.
2361 1295 2473 1347 eius

204 1361 448 1412 praefat.
493 1378 550 1428 p.
594 1361 715 1410 ΧΠ.
773 1361 915 1426 Wr.)
986 1363 1160 1430 Vulgo
1196 1363 1479 1415 Achivum.
1548 1364 1776 1416 Achivis
1823 1380 1904 1432 pr.
1949 1364 2157 1432 Menag.
2193 1369 2374 1433 Sprot.
2418 1374 2475 1417 et

201 1430 333 1481 alter
366 1430 672 1496 limburg.
811 1432 917 1486 319
955 1434 1200 1494 Pontos,
1237 1436 1517 1497 Panteus,
1554 1433 1868 1495 Pentheus,
1905 1432 2256 1498 Phamheus,
2291 1433 2380 1485 hic
2420 1443 2476 1486 et

203 1516 320 1550 mox
362 1497 575 1549 vitiose
622 1500 678 1549 in
718 1499 865 1552 Mss.
937 1502 1031 1553 Est
1083 1497 1365 1563 Πάνθους
1405 1513 1462 1553 et
1506 1499 1803 1561 Πάνθους.
1869 1503 1932 1550 ln
1970 1505 2145 1569 Sprot.
2182 1503 2471 1570 Panehoys

204 1580 253 1620 et
276 1585 409 1619 mox
439 1570 740 1636 Panthoy,
791 1587 1037 1639 expressa
1062 1571 1419 1623 enuntiatione
1449 1590 1654 1640 graeca.
1680 1588 1730 1624 V.
1760 1569 1941 1620 Heius.
2014 1572 2294 1635 Oct-iades,
2335 1574 2476 1638 οη-

203 1639 427 1699 riodes,
481 1638 775 1689 Oeen-indes
806 1641 945 1691 male
981 1640 1140 1709 vulgo
1190 1641 1279 1692 hic
1332 1651 1391 1691 et
1439 1640 1597 1693 iufra.
1665 1634 2008 1707 Ὀθρυάδης.
2148 1641 2256 1693 320
2302 1642 2479 1692 iactos
2548 1658 2559 1669 ·

204 1718 326 1759 tert.
353 1707 630 1758 Rottend.
703 1709 887 1761 victus
911 1710 1047 1761 Gud.
1066 1749 1081 1774 ,
1115 1710 1211 1762 sed
1247 1728 1297 1763 v.
1339 1712 1513 1762 Burm.
1649 1708 1749 1762 321
1789 1726 2111 1777 cursumque
2147 1709 2342 1759 Μαι-οῖ.
2384 1725 2472 1777 qu.

207 1787 260 1828 et
283 1778 360 1828 sic
386 1777 681 1845 legebatur
709 1778 880 1829 Servii
919 1790 1109 1831 aetate.
1157 1779 1473 1850 (probabilis
1520 1778 1652 1829 haec
1692 1775 1883 1827 leviter
1918 1777 2142 1828 intuenti
2178 1776 2368 1838 lectio;
2422 1787 2477 1829 et

206 1847 542 1898 locutionem
565 1848 796 1898 tendere
821 1867 1068 1910 cursant,
1103 1851 1241 1912 iter,
1279 1848 1529 1918 exemplis
1559 1845 1843 1897 illustravit
1868 1847 2042 1898 Burm.
2077 1847 2144 1898 ad
2174 1847 2229 1898 h.
2262 1846 2299 1898 1.
2370 1846 2476 1898 Sed
2517 1847 2524 1860 ¹

210 1917 444 1967 tendere
471 1933 716 1978 cursum,
750 1918 875 1981 iter,
908 1917 1218 1986 simpliciter
1244 1918 1279 1970 i.
1310 1936 1361 1987 q.
1384 1918 1481 1982 ire,
1514 1914 1806 1999 proficisci3
1839 1934 2007 1967 cursu
2035 1926 2209 1967 autem
2254 1916 2481 1968 tendere

211 1985 518 2037 adiunctam
547 1984 716 2036 habet
739 1986 1058 2051 celeritatis,
1096 1988 1254 2039 etiam
1275 1984 1681 2056 trepidationis,
1729 1985 1773 2036 si
1813 1983 2182 2042 nificatiouem.
2253 1988 2330 2039 Ut
2369 1984 2480 2053 igi-

213 2056 460 2106 turinfra
490 2056 566 2117 V,
597 2056 720 2110 834.
747 2068 921 2109 recte:
956 2059 1061 2121 „ad
1091 2057 1738 2110 hunc—Palinurum—
1808 2053 1841 2066 ‘⁶
1874 2072 2140 2106 cursum
2170 2064 2478 2107 conten-

222 2124 370 2176 dere
406 2124 625 2184 iussi;“
665 2124 743 2175 ita
777 2125 830 2176 h.
856 2125 894 2177 l.
918 2145 1088 2179 eursu
1112 2128 1307 2178 tendit.
1350 2129 1433 2179 W
1427 2126 1493 2193 r.)
1566 2141 1868 2194 cursusque
1889 2125 2097 2192 Menag.
2124 2141 2205 2192 pr.
2233 2134 2288 2176 et
2317 2124 2478 2177 Witt.

223 2194 409 2246 Eadem
435 2194 677 2245 varietas
703 2205 755 2245 et
791 2195 936 2249 alibi.
971 2215 1022 2249 v.
1061 2198 1235 2251 Burm.
1307 2198 1600 2263 Utrumque
1647 2205 1819 2246 autem
1853 2203 1998 2245 recte
2038 2193 2194 2245 etiam
2236 2194 2292 2245 in
2316 2204 2480 2261 poeta

228 2261 434 2328 dicitur,
470 2264 691 2314 videtur
718 2273 893 2315 tamen
920 2284 1140 2317 cursum
1162 2264 1416 2316 remotius
1444 2284 1474 2316 a
1498 2263 1700 2332 vulgari
1727 2281 1859 2315 esse.
1888 2292 1954 2300 -
1985 2264 2059 2314 ad
2085 2263 2254 2315 litora
2265 2265 2481 2331 paucis-

232 2332 462 2384 simorum
493 2333 760 2384 librorum
791 2335 1001 2386 videtur
1038 2352 1152 2385 esse
1190 2333 1381 2396 lectio;
1426 2351 1580 2385 uuum
1618 2333 1898 2399 Hamburg.
1935 2350 2017 2401 pr.
2056 2330 2245 2383 iaudat
2297 2332 2480 2385 Heius.

234 2402 463 2467 (littora,
500 2401 614 2464 sic,
656 2402 813 2453 etiam
838 2403 1003 2459 Paiat.
1046 2405 1193 2469 Wr.)
1266 2404 1473 2467 Ceteri,
1511 2410 1779 2471 quotquot
1805 2401 2030 2469 inspecti
2054 2411 2208 2467 suut,
2257 2401 2412 2454 etism
2450 2420 2481 2453 e

232 2473 413 2524 nostris
456 2490 596 2525 unus
644 2471 721 2539 (iu
763 2471 966 2524 duobus
1003 2472 1232 2538 lumina)
1275 2482 1330 2525 et
1376 2483 1502 2527 vett.
1536 2472 1688 2536 edd„
1719 2475 1900 2541 ‘porro
1946 2471 2184 2537 Servius,
2227 2473 2483 2536 Donatus,

230 2543 569 2613 Pomponius,
607 2543 688 2594 ad
717 2543 907 2594 limina
930 2562 1059 2614 prae
1086 2561 1142 2594 se
1170 2544 1374 2593 ferunt:
1410 2542 1555 2612 quod
1598 2542 1952 2609 adstipulante
1983 2541 2240 2593 Brunckio
2283 2541 2482 2610 recepi.
2573 2528 2588 2541 ⁸

234 2612 452 2665 Alterum
493 2612 629 2663 illud
676 2630 739 2664 ex
774 2612 1000 2663 sollenni
1032 2613 1182 2682 lapsu
1226 2612 1280 2663 in
1323 2613 1377 2664 h.
1416 2631 1468 2666 v,
1511 2621 1685 2665 ortum
1716 2610 1884 2662 videri
1912 2620 2119 2677 potest,
2171 2622 2223 2663 et
2259 2610 2485 2663 subiisse

236 2681 444 2749 primum
471 2682 752 2742 Aldinam3
787 2683 924 2732 unde
950 2684 1004 2733 iu
1034 2683 1253 2746 Iuntina,
1303 2700 1453 2751 quam
1494 2700 1558 2734 ex
1578 2681 1670 2732 illa
1699 2697 1994 2750 expressam
2026 2678 2248 2731 coniicio
2269 2718 2284 2743 ,
2338 2689 2392 2731 et
2428 2680 2486 2730 in

247 2750 314 2801 tl.
336 2769 563 2803 excusum
596 2753 776 2804 video.
847 2757 917 2803 At
946 2770 1060 2804 eam
1087 2751 1320 2804 deseruit
1348 2751 1483 2806 Rob.
1523 2750 1815 2817 Stephon!
1868 2750 2183 2800 consensum
2234 2748 2487 2801 librorum

255 2818 414 2871 firmat
431 2822 537 2889 ipss
569 2840 749 2873 rerum
774 2822 912 2874 ratio
944 2832 999 2873 et
1016 2821 1169 2873 ordo.
1239 2820 1488 2873 Nondum
1510 2820 1727 2872 consilia
1746 2835 1866 2869 exse
1904 2818 1954 2868 ui
1982 2827 2234 2887 coeperat
2259 2823 2487 2870 Aeneas:

259 2886 374 2937 vide
399 2908 445 2940 v.
467 2888 779 2953 att—317,
810 2901 1086 2972 antequam
1115 2890 1270 2941 domo
1303 2899 1484 2952 exeat,
1521 2906 1642 2940 ecce
1681 2888 1777 2939 tibi
1828 2905 1859 2939 o
1904 2898 1988 2938 ert
2033 2905 2092 2938 se
2141 2886 2191 2937 ei
2239 2886 2488 2952 Panthus,

257 2956 344 3024 qui
373 2960 435 3009 ad
465 2958 562 3010 eius
591 2963 808 3013 domum
828 3001 843 3024 ,
881 2977 1075 3031 quippe
1099 2961 1150 3009 in
1196 2971 1397 3011 remota
1427 2957 1572 3009 urbis
1601 2969 1750 3027 parte
1779 2957 1934 3008 sitam
1963 2955 2102 3024 (vide
2131 2973 2181 3007 v.
2205 2956 2489 3022 299.300),

253 3028 583 3097 confugiebat.
658 3033 820 3081 Forte
851 3041 902 3081 et
928 3030 1029 3081 hoc
1057 3029 1225 3097 ipsum
1259 3040 1422 3097 poeta
1450 3028 1518 3079 ad
1548 3033 1753 3078 Aeneae
1774 3026 2022 3095 pietatem
2059 3024 2266 3091 retulit,
2303 3037 2360 3078 ut
2396 3044 2491 3077 re-

250 3094 482 3163 ligionum
513 3099 755 3152 minister
781 3100 850 3151 ad
876 3116 991 3150 eum
1013 3098 1297 3166 confugiat.
1368 3098 1688 3168 Pomponius
1706 3096 1840 3149 haec
1867 3097 2056 3148 habet:
2090 3093 2269 3147 limina
2298 3096 2492 3147 domus

245 3185 413 3219 nme:
457 3174 519 3223 in
557 3171 666 3223 hoc
707 3171 1019 3221 auctoritas
1059 3181 1115 3219 et
1163 3168 1412 3237 dignitas
1447 3171 1670 3220 Aeneae
1707 3168 1947 3218 videtur.
2031 3164 2240 3216 Servius
2280 3177 2488 3217 autem:

238 3241 452 3290 Aeneae
479 3248 545 3291 ει
562 3240 763 3307 religio
788 3239 1058 3290 laudatur
1083 3250 1138 3289 ec
1166 3240 1363 3288 virtus.
1436 3237 1630 3289 limina
1662 3235 1824 3304 igitur
1863 3236 1978 3304 ipsa
2003 3252 2061 3284 re
2097 3234 2225 3285 satis
2260 3233 2491 3299 definita,

238 3309 372 3376 quod
410 3309 520 3430 sgut
558 3313 787 3361 Aeneae.
858 3307 949 3359 Sic
985 3308 1085 3374 xl,
1124 3308 1248 3362 267.
1320 3310 1468 3370 Quae
1515 3324 1613 3378 pro
1650 3305 1820 3358 altera
1853 3304 2083 3357 lectione
2123 3302 2229 3356 dici
2265 3305 2493 3375 possint,

236 3394 282 3429 v.
311 3396 395 3447 sp.
466 3397 599 3434 urm.

241 3519 506 3601 colligere
546 3520 769 3581 milites
812 3519 893 3579 ad
930 3540 1219 3600 pugnam,
1258 3526 1329 3583 et
1409 3518 1605 3599 primo
1637 3517 1771 3577 loco
1818 3516 2164 3593 continens,
2205 3525 2495 3595 tanquam

238 3625 375 3664 oum
401 3609 470 3666 iis
502 3607 673 3688 (cum
686 3605 894 3687 sociis)
923 3607 989 3665 iu
1020 3624 1216 3665 arcem
1247 3603 1327 3663 ad
1410 3604 1626 3663 latius:
1670 3604 1830 3662 arvis
1856 3601 2200 3682 Phoebique
2233 3624 2287 3661 s.
2366 3599 2522 3684 (in--

230 3710 429 3772 regem
465 3711 851 3754 concurrere.
936 3697 1084 3756 317.
1127 3699 1189 3749 et
1224 3690 1329 3748 illa
1412 3709 1592 3750 verso
1635 3697 1837 3746 tamen
1889 3687 2100 3747 ordine
2142 3687 2270 3763 vn,
2318 3687 2496 3753 419.=

224 3799 347 3839 una
408 3780 697 3859 cogitatio
758 3777 1064 3838 succurrit
1108 3776 1327 3851 auimo,
1413 3774 1568 3852 „Fit
1634 3773 1856 3852 Calybe
1924 3774 1949 3832 1
1966 3793 2066 3833 un
2086 3773 2261 3832 onis
2347 3793 2498 3833 anus

221 3867 502 3927 annuum
548 3866 748 3940 subit,
817 3884 996 3941 quam
1049 3862 1326 3943 pulcrum
1412 3859 1814 3940 templique
1834 3858 2170 3918 sacerdosfl
2198 3859 2499 3918 cfr.etiam

214 3951 296 4013 sit
319 3998 340 4030 ,
439 3953 693 4011 sortiter
770 3948 1096 4030 pugnando
1156 3947 1327 4015 mori.
1414 3947 1522 4021 XI,
1558 3948 1732 4011 477.:
1777 3945 1895 4018 „ad
1921 3945 2289 4024 templum
2328 3966 2498 4005 sum-

214 4040 317 4099 Sic
343 4041 576 4117 Georg.
604 4037 710 4111 lv,
747 4038 894 4101 218.
928 4036 1328 4112 pulcrumque
1413 4050 1657 4110 masque
1673 4030 1750 4091 ad
1765 4031 2021 4090 Palladis
2045 4052 2076 4089 a
2093 4033 2309 4090 rces.“
2331 4029 2500 4111 Wr.)

199 4139 437 4206 petunt
453 4146 579 4203 per
598 4124 854 4182 vulnero
880 4132 1145 4179 mortem.
1413 4118 1692 4178 Panthus
1743 4117 1902 4176 inter
1945 4117 2237 4196 primores
2287 4115 2503 4175 Troia-

298 4215 445 4278 318
475 4244 540 4256 -
566 4213 715 4274 321.
757 4205 1026 4266 Panthus
1053 4204 1331 4264 sacerdos
1415 4225 1634 4264 norum
1662 4212 1753 4262 est
1780 4202 1946 4263 Iliad.
1977 4227 2032 4284 y,
2067 4202 2220 4278 1465
2248 4201 2355 4261 filii
2379 4200 2504 4259 eius

204 4296 530 4380 Apollinis
544 4342 560 4373 ,
634 4293 810 4353 citius
863 4291 1158 4371 templum
1203 4298 1334 4349 erat
1415 4290 1770 4371 Polydamas
1796 4298 1860 4348 et
1887 4285 2245 4367 Euphorbus
2259 4331 2280 4362 ‚
2328 4289 2501 4348 Παν-

202 4387 274 4445 in
320 4401 498 4444 arce.
598 4382 845 4441 Ponunt
883 4387 1086 4438 autem
1120 4385 1334 4457 poetae
1418 4378 1635 4441 θοῖόαι
1651 4423 1670 4452 ,
1728 4393 1900 4455 saepe
1932 4373 2198 4435 Homero
2242 4389 2506 4431 comme-
