2882 5028
415 242 517 312 ρο
1002 232 1925 325 Βιερυιειτιο
2033 234 2072 305 1

416 418 666 495 multa
713 419 1000 519 passim
1045 418 1142 493 ab
1190 420 1517 514 Ursin0‚
1574 416 1927 514 Guelli0‚
1985 420 2282 515 cerda,
2339 416 2682 507 Clarkio,

416 523 628 599 sorte
663 537 742 598 et
769 523 865 597 ab
901 521 1067 598 aliis
1088 547 1237 623 pro
1269 523 1585 597 imitatis
1616 535 1696 597 et
1733 522 2217 627 adumbratis
2251 521 2520 598 afferri
2552 534 2680 595 te-
2747 552 2756 557 ·

415 651 677 722 mere,
734 651 940 727 quae
988 626 1275 726 partim
1340 625 1943 701 similitudinem
2005 641 2358 718 tantum,
2424 626 2678 700 inter-

418 730 617 806 dum
650 742 730 805 et
760 730 965 805 hanc
999 730 1176 803 satis
1220 729 1640 803 obscuram
1662 789 1682 823 ‚
1736 728 2120 817 habeant,
2176 730 2461 831 partim
2493 727 2677 802 talia

416 835 604 925 sint,
670 845 759 908 ut
800 858 1033 924 sanus
1073 834 1411 932 quisque
1459 845 1539 907 et
1577 857 1850 907 rerum
1895 832 2343 931 intelligens
2388 831 2675 918 homo,

416 938 477 1011 si
523 935 846 1011 easdem
877 961 1004 1010 res
1037 949 1425 1036 exponat,
1482 935 1765 1011 iisdem
1788 936 2055 1012 modis
2084 961 2169 1012 ac
2204 936 2489 1026 verbiS,
2539 934 2677 1009 iis—

419 1041 609 1116 dem
669 1040 1029 1116 sensibus
1080 1064 1166 1114 ac
1212 1040 1625 1115 sententiis
1671 1064 1954 1114 usurus
1999 1041 2134 1131 sit;
2220 1038 2672 1117 cuiusmodi

416 1142 669 1219 multa
714 1169 755 1217 a
804 1168 938 1218 me
986 1144 1276 1217 omissa
1311 1155 1531 1236 sunt,
1598 1142 1981 1218 nonnulla
2032 1168 2129 1219 eo
2164 1142 2494 1219 consilio
2531 1167 2677 1242 ap-

416 1247 706 1348 posita,
788 1260 880 1321 ut
960 1246 1554 1346 comparatione
1633 1244 1834 1321 facta
1894 1247 2176 1321 saltem
2243 1246 2673 1322 delectent.

307 1422 313 1429 .
413 1349 725 1427 Maroni
762 1363 1039 1425 tamen
1087 1349 1529 1424 innumeris
1569 1349 1651 1423 in
1697 1349 1891 1425 locis
1935 1354 2270 1443 Graeca,
2333 1349 2673 1425 Homeri

417 1454 813 1554 inprimiS‚
903 1466 1084 1528 ante
1155 1453 1432 1528 oculos
1493 1449 1775 1547 fuisse,
1852 1454 2198 1554 probant
2248 1453 2516 1554 plura,
2592 1466 2676 1526 et

413 1558 770 1658 primum
831 1555 1161 1657 quidem
1212 1563 1434 1633 totius
1482 1563 1840 1645 carminis
1898 1565 2302 1657 descriptio
2346 1556 2443 1631 ab
2497 1558 2673 1631 Ho-

325 1661 329 1667 ’
413 1684 645 1755 mero
674 1661 952 1761 petita,
1009 1675 1117 1737 tot
1145 1690 1405 1736 versus
1452 1659 1551 1734 ad
1596 1659 1937 1735 verbum
1987 1660 2223 1735 latine
2283 1660 2672 1746 conversi,

418 1779 526 1840 tot
570 1771 777 1856 loca,
820 1788 1023 1864 quae
1054 1763 1643 1865 exquisitiorem'
1677 1762 1977 1839 cultum
2013 1777 2091 1838 et
2125 1777 2497 1841 ornatum
2537 1762 2672 1838 vel

415 1891 749 1942 acumen
810 1866 935 1953 vel
987 1865 1432 1942 doctrinam
1488 1879 1623 1941 aut
1671 1866 1886 1942 aliud
1950 1868 2142 1967 quid
2206 1866 2673 1942 reconditae

416 1982 741 2045 naturae
793 1970 1182 2070 produnt,
1238 1994 1441 2071 quae
1490 1993 1581 2051 ea
1615 1968 2145 2071 simplicitate,
2207 1983 2300 2045 ut
2336 1970 2675 2071 reliqua,

417 2073 965 2149 enuntiaturus
1013 2087 1216 2162 erat,
1269 2073 1417 2149 nisi
1462 2071 1780 2170 suisset,
1844 2074 1981 2174 qui
2030 2074 2184 2155 iam
2219 2098 2673 2172 ‘occupave-

413 2190 569 2269 rat3
624 2174 801 2251 fieri
838 2177 1055 2252 enim
1082 2175 1316 2272 solet,
1364 2190 1489 2273 ut,
1542 2176 1605 2251 si
1634 2202 1791 2277 qua
1821 2177 1918 2251 ab
1953 2177 2107 2252 alio
2140 2178 2296 2252 iam
2336 2177 2667 2277 proprie

416 2279 618 2355 dicta
668 2294 1046 2374 sunt‚tne
1093 2281 1173 2354 in
1221 2281 1507 2356 eadem
1555 2279 1799 2354 verba
1853 2280 2186 2372 incidaS‚
2253 2296 2518 2356 ornate
2575 2304 2669 2354 ea

415 2397 496 2458 et
531 2398 744 2459 acute
769 2392 1185 2482 eloquaris3
1228 2408 1475 2484 porro
1511 2412 1805 2483 graeca
1830 2389 2410 2486 ratioflectendi
2437 2388 2673 2459 verba

413 2488 543 2562 vel
573 2494 1015 2580 orationem,
1082 2511 1285 2589 quae
1331 2487 1430 2563 ad
1486 2485 1847 2563 indolem
1890 2489 2251 2587 poeticae
2299 2487 2668 2564 dictionis

372 2591 880 2689 ,Virgilianae
932 2604 1013 2665 et
1060 2591 1387 2688 genium
1432 2591 1817 2691 pertinet3
1891 2605 2066 2666 tum
2101 2609 2374 2691 poetae
2422 2592 2667 2691 ipsius

401 2700 778 2795 professio
831 2698 970 2772 Ge.
1014 2697 1151 2789 ΙΙΙ,
1212 2704 1307 2771 10
1347 2701 1651 2771 Primus
1690 2723 1835 2794 ego
1882 2701 1956 2770 in
1986 2704 2331 2794 patriam
2384 2725 2670 2771 meeum

410 2844 516 2856 —
563 2805 801 2874 Aom'o
855 2806 1150 2875 rediens
1195 2806 1567 2875 deducam
1621 2805 1898 2874 vertice
1959 2805 2229 2875 Musas
2245 2834 2269 2887 ‚·
2332 2798 2667 2873 tandem

409 2917 735 2977 veterum
764 2909 1204 2997 auctoritas,
1248 2916 1339 2977 ut
1375 2905 1726 2978 Senecae
1764 2905 2073 2980 Suasor.
2113 2906 2249 2996 111,
2306 2903 2439 3002 qui
2484 2902 2668 2978 Vir-

410 3003 679 3102 gilium
742 3034 884 3080 non
931 3012 1385 3105 surripiendi
1431 3035 1739 3092 caussa,
1813 3013 1948 3080 sed
1977 3014 2244 3104 palam
2293 3012 2664 3099 imitandi,

410 3115 550 3183 hoc
582 3114 864 3199 animo,
905 3125 985 3186 ut
1010 3117 1227 3184 vellet
1259 3116 1606 3209 agnosci,
1662 3109 1744 3182 in
1775 3108 2048 3183 multis
2082 3109 2437 3184 versibus
2469 3109 2665 3184 alios

414 3212 878 3310 expressisse
951 3209 1314 3291 affirmat.
1444 3209 1861 3288 Manifesta
1933 3210 2129 3289 haec
2203 3213 2664 3287 imitationis

408 3315 882 3390 Homericae
926 3316 1246 3413 vestigia
1290 3316 1370 3390 in
1420 3340 1663 3415 quam
1714 3314 2056 3390 diversas
2100 3329 2360 3417 partes
2410 3314 2664 3391 laudis

411 3416 534 3493 vel
578 3416 1224 3518 reprehensionis
1270 3445 1311 3493 a
1364 3419 1546 3494 viris
1595 3418 1851 3493 doctis
1904 3416 2204 3494 deflexa
2243 3420 2435 3514 sint,
2492 3418 2664 3494 lon-

407 3544 599 3618 gum
634 3534 752 3597 est
782 3521 1047 3598 dicere
1069 3531 1169 3621 *).
1274 3521 1459 3598 Aliis
1488 3521 1687 3598 nihil
1720 3520 2056 3597 divinius
2094 3521 2245 3598 suit
2266 3517 2661 3598 imitatore

406 3690 503 3699 ...μ’

580 3747 642 3831 *)
686 3749 1173 3829 Comparationea
1206 3749 1434 3830 Virgilii
1476 3759 1538 3809 et
1578 3751 1821 3810 Homeri
1866 3750 2264 3811 instituerunt
2295 3750 2475 3810 multi
2516 3750 2661 3809 inde

409 3857 444 3894 a
473 3834 777 3895 Macrobio
820 3839 944 3895 Sat.
1003 3837 1072 3897 V.
1175 3836 1421 3896 Librum
1473 3836 1830 3915 singularem
1885 3837 2270 3896 concinnavit
2316 3837 2491 3895 Fulv.
2537 3837 2659 3894 Ur-

410 3921 594 3982 sinus.
682 3921 800 3981 Sed
828 3922 991 4000 piget
1036 3921 1247 3981 videre
1283 3924 1449 3982 viros
1481 3923 1692 3981 doctos
1736 3922 2089 4002 plerumque
2117 3922 2395 3982 accedere
2423 3921 2501 3980 ad
2531 3940 2660 3980 eam

408 4027 537 4067 rem
569 4007 772 4067 studio
802 4007 866 4065 in
890 4006 1252 4068 alterutrum
1276 4017 1516 4089 poetam
1555 4008 1861 4082 incensos,
1922 4008 2190 4086 adeoque
2232 4008 2298 4067 id
2328 4026 2532 4086 agere,
2589 4017 2659 4067 ut

411 4094 669 4152 alterum
716 4092 1083 4172 deprimant,
1128 4095 1385 4154 alterum
1416 4093 1752 4154 immodicis
1792 4091 2070 4154 laudibus
2120 4094 2452 4169 extollant,
2498 4094 2660 4152 saco—

411 4198 593 4256 reque
627 4179 777 4237 adeo
819 4198 920 4237 eos
954 4188 1277 4256 utrumque
1322 4181 1450 4239 sine
1492 4179 1696 4240 subtili
1733 4178 1972 4239 iudicio.
2053 4180 2320 4239 Haerent
2368 4195 2552 4258 porro
2595 4181 2658 4238 in

409 4263 610 4326 verbis
631 4273 695 4325 et
722 4264 992 4326 versibus
1029 4263 1303 4344 singulis,
1346 4285 1458 4325 nec
1489 4285 1784 4326 summam
1807 4265 2088 4325 carminis
2116 4276 2178 4325 et
2215 4264 2478 4344 partium
2511 4285 2654 4324 con-
