2882 5028
731 383 910 454 AD
1018 380 1668 484 LIBRUM
1778 381 1901 454 v1
2239 388 2433 457 1027

193 571 380 629 ducta
420 570 605 629 altera
634 591 826 630 uxore
865 568 1258 643 Themistene,
1302 569 1567 628 resciscit
1596 571 1838 629 Inonem
1871 569 1931 627 in
1972 570 2257 629 Parnasso
2289 572 2432 631 bac-

193 656 460 732 chationi
492 657 808 732 interesse,
853 666 915 714 et
937 674 1006 712 ea
1035 654 1128 713 sic
1148 653 1650 734 deprehenditur:
1694 657 1767 713 cs.
1800 653 2014 733 Hygin.
2044 656 2085 713 f.
2118 656 2177 718 4.
2239 658 2432 718 Etiam

195 744 255 800 in
299 741 670 801 Athamante·
704 752 766 801 et
809 740 1033 800 Phrixo
1077 739 1384 819 Sophoclis
1425 742 1588 820 orgia
1630 739 1847 798 Bacchi
1892 740 1968 798 ad
2000 742 2263 800 furorem
2292 744 2430 802 inii-

195 827 477 886 ciendum
505 829 683 887 fuisse
715 827 981 886 adhibita
1007 825 1361 904 intelligitur
1388 845 1464 884 ex
1494 827 1564 885 iis
1588 846 1739 903 quae
1770 825 1931 906 apud
1961 826 2174 904 Hygin.
2191 837 2251 886 et
2288 829 2432 887 alios

195 912 494 992 leguntur.
581 915 723 973 Fuit
748 931 982 990 quoque
1015 912 1237 970 Helena
1268 933 1300 969 a
1327 912 1541 970 Paride
1568 911 1733 971 inter
1752 912 1912 990 orgia
1942 911 2231 971 Bacchica
2258 924 2431 994 rapta

196 999 362 1078 apud
407 999 701 1079 Lycophr.
748 1003 887 1073 106,
926 997 1030 1056 ubi
1063 1018 1121 1058 v.
1152 996 1346 1056 Schol.
1374 997 1453 1055 ad
1478 1002 1578 1061 93.
1666 997 1858 1056 Etiam
1890 998 1952 1055 in
1980 997 2225 1074 sabulis,
2283 1019 2434 1077 quae

196 1085 477 1163 Λήμνιαι
503 1085 821 1163 inscriptae
847 1093 1048 1157 erant,
1094 1084 1283 1161 qualis
1313 1082 1622 1162 Sophoclis
1655 1084 1789 1157 suit,
1847 1082 2180 1142 Thoantem
2203 1095 2433 1164 patrem

198 1169 525 1249 Hypsipyle
553 1171 712 1229 inter
744 1169 904 1248 orgia
915 1167 1131 1228 Bacchi
1159 1168 1517 1227 incolumem
1544 1168 1906 1227 abduxerat:
1932 1179 2140 1227 narrat
2168 1189 2295 1228 rem
2329 1192 2431 1229 or-

198 1265 340 1314 nate
369 1255 559 1316 Valer.
600 1256 688 1319 ΕΙ.
715 1255 759 1331 1,
805 1254 930 1322 264
955 1275 1080 1332 sqq.
1149 1255 1226 1313 Et
1253 1253 1318 1313 in
1338 1254 1532 1312 insula
1563 1257 1749 1333 Scyro
1782 1253 2039 1314 Achilles
2073 1256 2232 1314 inter
2257 1255 2433 1314 semi-

200 1361 306 1398 nas
351 1342 594 1400 latitans
642 1340 1115 1420 deprehenditur
1164 1340 1242 1397 ab
1286 1339 1490 1419 Ulysse
1539 1340 1820 1419 tripudiis
1860 1341 2016 1399 inter
2059 1341 2246 1419 orgia:
2310 1340 2430 1401 vid.

196 1427 421 1486 Statius
452 1426 666 1485 Achill.
695 1427 742 1504 1,
786 1426 928 1490 593.
956 1429 1096 1489 608.
1143 1424 1213 1502 11,
1251 1426 1388 1490 152.
1447 1425 1531 1483 Ne
1551 1424 1897 1484 Proetidum
1924 1427 2287 1484 sanationem
2323 1446 2432 1505 per

198 1513 363 1590 orgia
390 1513 727 1572 institutam
758 1532 792 1569 a
818 1510 1189 1591 Melampode
1226 1530 1680 1570 commemorem
1718 1510 1879 1591 apud
1908 1511 2250 1590 Apollodor.
2273 1512 2346 1589 11,
2373 1516 2431 1576 2.

197 1606 351 1656 extr.
437 1598 815 1656 Manifestum
843 1597 941 1672 fit,
987 1616 1019 1654 e
1066 1596 1325 1675 Tragicis
1366 1597 1684 1675 profecisse
1728 1606 1966 1676 poetam
1990 1597 2052 1655 in
2084 1597 2215 1655 loco
2255 1618 2433 1676 prae-

199 1684 360 1741 claro
406 1682 516 1748 ins.
560 1683 684 1759 vn,
730 1684 806 1742 de
828 1683 1066 1757 Amata,
1111 1701 1262 1760 quae
1290 1682 1597 1740 Laviniam
1637 1682 1820 1740 filiam
1846 1684 2052 1740 Turno
2084 1683 2433 1760 promissam

197 1768 421 1848 nuptiis
452 1789 588 1828 cum
613 1770 808 1828 Aenea
834 1767 1165 1828 subducere
1189 1767 1429 1827 volens:
1474 1769 1599 1832 885
1640 1768 1799 1844 Quin
1826 1771 2009 1826 etiam
2036 1771 2100 1825 in
2128 1769 2317 1826 silvas
2344 1771 2433 1826 si-

198 1856 424 1913 mulato
467 1857 708 1913 numine
757 1853 996 1912 Bacchi
1020 1885 1103 1898 -
1137 1854 1360 1910 Evolat
1382 1897 1399 1927 ,
1471 1866 1527 1911 et
1564 1865 1774 1910 natam
1790 1852 2106 1930 frondosis
2142 1853 2435 1912 montibus

197 1939 366 1997 abdic
385 1985 401 2012 ‚
474 1941 607 2015 Quo
634 1940 974 1998 thalamum
1016 1940 1235 2015 eripiat
1295 1941 1537 1995 Teucri-⁹
1585 1938 1910 2016 taedasque
1950 1935 2220 2011 moretur,
2272 1941 2434 1997 Evoe

201 2026 478 2084 Bacche!
507 2025 775 2102 fremens·
789 2048 812 2097 ;
847 2025 1050 2083 ‘solum
1077 2036 1132 2081 te
1163 2025 1393 2101 virgine
1421 2024 1677 2103 dignum
1711 2020 1777 2080 V
1773 2022 2064 2101 ocifemns
2091 2032 2203 2081 etc.

1117 2304 1529 2316 m

604 2525 1633 2615 EXCURSUS
1753 2529 2055 2614 X1**·

333 2697 757 2783 Tempora
818 2695 1272 2763 descensus
1330 2697 1666 2762 Aeneae
1723 2698 1836 2762 ad
1890 2697 2313 2783 Elysium.

363 2886 461 2962 Vl,
508 2886 863 2952 535—539.
906 2888 1055 2944 Hac
1086 2891 1214 2946 vice
1255 2906 1590 2944 sermonum
1633 2890 1814 2945 roseis
1849 2890 2087 2946 Aurora
2120 2883 2434 2963 quadrigis

197 2974 339 3032 Iam
375 2974 637 3030 medium
657 2971 914 3030 aetherio
947 2993 1123 3031 cursu
1158 2976 1467 3030 haia-erat
1493 2993 1670 3030 axem
1690 2997 1709 3030 .·
1758 2974 1840 3030 Ει
1858 2972 1999 3049 sors
2026 2990 2196 3028 omne
2223 2969 2435 3027 datum

195 3057 489 3116 traherent
509 3079 626 3135 per
652 3058 807 3115 talia
837 3069 1070 3134 tempus
1086 3084 1112 3127 ς.
1148 3058 1270 3115 Sed
1301 3078 1496 3116 comes
1537 3058 1848 3116 admonuit
1864 3101 1881 3132 ,
1930 3056 2287 3134 breviterque
2313 3055 2433 3111 ad-

174 3144 337 3221 fata
389 3143 619 3220 Sibylla
648 3155 771 3213 est;
822 3145 976 3201 Nox
1008 3146 1166 3217 ruit,
1216 3145 1459 3213 Aenea;
1517 3164 1625 3200 nos
1652 3144 1870 3220 flendo
1902 3144 2192 3200 'ducimus
2224 3139 2427 3198 horas.

195 3228 469 3287 Obscura
508 3236 596 3285 est
627 3226 691 3285 in
736 3226 830 3286 his
890 3228 1174 3306 temporis
1215 3228 1480 3301 notati03
1539 3228 1847 3306 multoque
1887 3228 2101 3306 magia,
2160 3225 2209 3284 si
2251 3243 2433 3303 supe-

195 3314 358 3373 riora
398 3323 460 3372 et
505 3322 703 3371 totum
749 3332 952 3371 rerum
991 3322 1369 3372 narratarum
1420 3311 1695 3372 ordinem
1742 3312 2111 3393 expenderis.
2197 3310 2432 3369 Scilicet

195 3399 612 3459 difficultatem
652 3398 797 3457 facit
831 3397 989 3477 hoc,
1070 3398 1240 3475 quod
1283 3408 1554 3477 tempora
1597 3398 1913 3458 descensus
1957 3418 2028 3457 ac
2077 3396 2309 3457 reditus
2355 3415 2434 3455 ex

194 3486 401 3545 inseris
446 3504 479 3542 a
526 3492 702 3563 poeta
740 3503 861 3542 non
898 3483 1118 3542 diserte
1168 3484 1311 3542 satis
1358 3484 1687 3544 constituta
1734 3495 1894 3544 sunt.
1996 3487 2241 3543 Sumere
2294 3482 2434 3542 licet

195 3571 351 3631 duo:
406 3570 692 3643 alterum,
748 3588 869 3629 una
895 3568 1220 3646 eademque
1260 3578 1438 3628 nocte
1477 3569 1624 3628 haec
1661 3571 1816 3649 geri,
1860 3571 2117 3629 alterum
2153 3568 2431 3628 noctibus

194 3656 476 3732 diversis3
520 3654 686 3732 atqui
707 3696 724 3727 ,
767 3663 1232 3733 utrumcumque
1271 3675 1491 3735 ponas,
1535 3666 1711 3732 sunt,
1768 3675 1920 3734 quae
1954 3676 2165 3735 parum
2204 3673 2429 3712 conve-

206 3743 399 3803 niant.
487 3741 580 3800 Ex
621 3740 964 3800 notionibus
1004 3751 1277 3801 veterum
1317 3742 1459 3799 satis
1497 3750 1765 3816 constat,
1838 3741 2123 3819 quicquid
2166 3739 2245 3797 ad
2288 3738 2429 3796 deos

192 3829 443 3902 inferos,
488 3826 567 3884 ad
596 3825 831 3900 Manes,
876 3826 954 3885 ad
982 3847 1148 3886 sacra
1172 3825 1423 3905 magica,
1472 3836 1785 3906 spectaret,
1827 3827 1917 3886 ad
1940 3840 2167 3885 noctem
2192 3823 2425 3898 referri3

197 3913 293 3972 die
324 3922 458 3971 orto
492 3912 690 3970 omnia
728 3911 908 3972 huius
941 3912 1170 3991 generis
1206 3912 1367 3971 finiri
1393 3912 1603 3972 solent.
1691 3913 1841 3972 Cum
1882 3922 2022 3971 ortu
2057 3910 2193 3969 solis
2227 3908 2429 3967 Manes

196 3999 274 4058 ad
311 3998 441 4056 loca
487 3998 677 4056 infera
717 3998 1008 4070 redeunt,
1065 4018 1124 4058 v.
1154 4019 1203 4056 c.
1247 4017 1375 4076 sup.
1417 3998 1521 4057 lib.
1561 3998 1632 4071 V,
1677 4002 1819 4062 738.
1861 4001 2004 4061 739.
2040 3997 2183 4060 587.
2242 3995 2317 4054 cf.
2350 3993 2427 4052 ad

196 4085 294 4158 vl,
338 4082 481 4148 255.
522 4083 869 4143 Homericos
913 4102 1121 4144 versus
1165 4103 1445 4163 compara
1487 4083 1700 4160 Odyss.
1733 4106 1798 4158 π,
1842 4086 1985 4146 220.
2029 4104 2099 4159 φ,
2146 4084 2288 4144 226.
2336 4078 2429 4140 Ad

197 4187 536 4229 communes
565 4168 764 4246 itaque
793 4169 1063 4228 notiones
1092 4169 1270 4227 etiam
1309 4170 1725 4248 interpretatio
1750 4177 1839 4227 est
1872 4166 2258 4226 moderanda.

364 4255 493 4334 Ipse
530 4263 702 4333 poeta
750 4264 1089 4333 temporum
1133 4264 1305 4313 notas
1346 4254 1515 4315 dedit
1551 4253 1689 4330 has,
1751 4273 1987 4312 sacrum
2036 4252 2164 4311 fieri
2211 4263 2421 4309 noctu.-

194 4341 322 4404 252
358 4352 672 4399 nocturnas
724 4340 966 4398 inchoat
1019 4361 1181 4398 aras.
1282 4342 1433 4400 Tum
1490 4341 1737 4416 litatur,
1799 4359 2033 4398 sacrum
2083 4341 2157 4397 fit
2205 4346 2426 4410 ratum,

195 4444 397 4504 preces
420 4424 829 4486 exaudiuntur
848 4470 865 4501 ,
910 4424 1107 4486 aditus
1134 4424 1212 4486 ad
1236 4426 1368 4486 loca
1407 4427 1600 4487 infera
1640 4433 1836 4507 patet:
1878 4428 2069 4502 pn'mi
2100 4422 2208 4483 sub
2244 4423 2427 4481 lumi-

1845 4524 2013 4598 65*
