2882 5028
745 414 931 487 AD
1036 411 1690 488 LIBRUM
1793 411 1914 486 VI
2253 415 2448 488 1019

196 623 337 664 roes
367 601 673 663 habentur
707 610 768 662 et
811 602 992 663 simul
1029 599 1218 661 Orion
1236 646 1253 677 ,
1321 600 1569 680 Tityus,
1640 600 1930 661 Tantalus
1946 643 1964 676 ,
2023 597 2346 679 Sisyphus,
2390 609 2456 659 et

197 711 338 750 cum
366 689 442 748 iis
467 688 774 749 Hercules.
862 687 1058 750 Multo
1079 687 1264 767 magis
1286 687 1508 747 mirum
1540 686 1607 746 in
1628 685 2140 747 modummiseuit
2161 704 2249 759 ea,
2300 704 2456 763 quae

196 778 266 835 in
297 775 458 835 Orco
487 774 886 836 collocaverat
901 819 920 853 ,
975 773 1341 854 Polygnotus
1366 773 1432 832 in
1459 771 1667 832 tabula
1696 771 1977 852 Delphica
2012 771 2176 851 apud
2202 772 2453 833 Pausan.

196 863 281 936 X,
324 863 428 925 28.
458 880 546 938 sq.
629 860 796 923 Idem
820 881 883 923 v.
909 880 961 920 c.
987 860 1402 939 Eurynomum
1434 857 1690 918 Genium
1716 867 2107 938 apposuerat,
2151 859 2255 938 qni
2283 879 2453 918 mor-

197 956 450 1007 tuorum
488 964 697 1010 carnes
736 944 816 1005 ad
843 964 977 1006 ossa
1004 964 1195 1023 usque
1223 943 1565 1004 arroderet:
1610 954 1680 1004 nt
1716 944 1865 1004 adeo
1905 963 1984 1004 ex
2009 944 2139 1005 eius
2175 942 2455 1025 opinione

197 1052 328 1092 non
382 1030 632 1091 umbrae
670 1032 777 1091 sed
832 1051 1010 1092 carne
1038 1031 1290 1091 vestitae
1343 1030 1573 1089 animae
1615 1030 1693 1088 ad
1735 1030 1960 1090 inferos
2005 1029 2454 1091 descenderent.

199 1118 399 1178 Etiam
450 1116 686 1177 Ocnum
727 1137 866 1177 cum
905 1116 1211 1176 asinosille
1248 1116 1458 1176 iisdem
1482 1116 1549 1174 in
1592 1115 1743 1178 locis
1781 1117 2082 1195 pinxerat.
2167 1115 2315 1174 Tam
2340 1135 2454 1195 pa-

196 1224 339 1264 rum
366 1202 693 1263 subtilioris
718 1202 926 1263 iudicii
953 1202 1319 1281 antiquiores
1345 1202 1411 1261 in
1436 1200 1728 1281 fingendis
1763 1202 1941 1261 rebus
1972 1199 2133 1261 bisce
2157 1199 2454 1260 adhibue-

200 1297 352 1349 runt
367 1331 388 1367 ,
432 1287 650 1366 quibus
677 1289 821 1348 satis
849 1297 1013 1364 erat,
1071 1295 1483 1348 monstrorum
1504 1297 1768 1348 terrores
1810 1287 2134 1347 cumulare.
2217 1286 2454 1347 Mireris

198 1376 397 1455 ipsum
432 1374 787 1451 Horatium,
846 1374 952 1434 ubi
989 1374 1122 1434 loca
1171 1373 1363 1433 infera
1400 1373 1645 1433 omnino
1704 1372 2069 1433 nominanda
2107 1381 2313 1449 erant,
2373 1372 2455 1432 ad

200 1478 357 1537 quae
401 1460 676 1520 omnibus
727 1459 1104 1538 migrandum
1153 1468 1270 1535 est,
1348 1477 1678 1519 memorare
1730 1460 2055 1539 Cocytum,
2138 1460 2455 1537 Danaides,

199 1544 528 1625 Sisyphum
545 1589 562 1621 ,
606 1554 666 1605 et
694 1546 899 1626 paullo
925 1554 1067 1605 ante
1111 1545 1452 1624 Geryonem
1494 1565 1635 1605 cuni
1662 1545 1873 1626 Tityo:
1916 1545 2110 1606 Carm.
2138 1545 2213 1624 11,
2259 1547 2357 1612 14.
2388 1547 2459 1605 in'

201 1651 466 1712 quorum
498 1631 868 1691 consortium
892 1631 1099 1693 venire
1133 1650 1308 1692 nemo
1348 1639 1534 1709 optet.
1618 1630 1793 1691 Nunc
1835 1631 2072 1692 diversa
2109 1631 2239 1691 loca
2280 1632 2456 1691 vide-

201 1735 341 1777 mus
378 1735 503 1776 esse
546 1717 817 1797 Elysium
863 1726 926 1777 et
966 1718 1307 1778 Tartarum.
1393 1716 1590 1777 Etiam
1627 1716 1693 1776 in
1734 1717 2022 1777 scelerum
2069 1736 2321 1778 recensu
2354 1717 2456 1778 di-

203 1801 427 1863 sertior
464 1811 556 1862 est
596 1811 806 1883 poeta,
858 1823 1041 1882 quam
1088 1801 1487 1881 antiquiores:
1542 1821 1663 1881 qua
1705 1802 1781 1861 de
1821 1822 1889 1862 re
1914 1802 2039 1863 vid.
2075 1803 2215 1864 Not.
2246 1803 2325 1863 ad
2352 1803 2455 1879 Vl,

203 1890 353 1954 608.
440 1889 701 1948 Omnino
718 1933 737 1967 ,
796 1907 917 1966 quo
956 1890 1137 1969 magis
1168 1887 1421 1968 expoliti
1461 1886 1839 1968 philosophia
1875 1889 2045 1949 fuere
2090 1890 2308 1966 animi,
2381 1908 2453 1949 eo

202 1973 420 2034 melius
464 1974 838 2055 dispescuere
872 1983 1120 2035 narrata
1165 1973 1242 2034 de
1276 1972 1458 2033 rebus
1488 1973 1715 2035 inseris.
1798 1972 2258 2035 Accommodari
2298 1975 2458 2034 enim

203 2060 360 2159 haec
381 2060 578 2158 solent
602 2081 672 2120 ac
703 2060 925 2121 debent
943 2061 1329 2143 populorum,
1357 2068 1627 2121 aetatum
1654 2068 1716 2120 et
1743 2060 2115 2141 singulorum
2139 2059 2457 2121 hominum

201 2164 472 2226 ingenus.
1095 2183 1102 2188 Υ

373 2282 501 2344 Iam
539 2282 621 2343 ad
676 2284 954 2345 Plutonis
1000 2284 1239 2362 regiam
1301 2289 1666 2363 perventum
1716 2291 1825 2343 est.
1931 2283 2243 2362 Sapienter
2300 2279 2459 2342 hanc

209 2367 462 2429 omnino
505 2369 908 2448 praetermisit
946 2379 1126 2449 poeta
1143 2413 1161 2445 ,
1204 2386 1315 2427 nec
1356 2367 1422 2427 in
1458 2367 1627 2429 illam
1654 2365 1780 2427 sive
1818 2377 2068 2429 ornatus
2090 2370 2217 2429 sive
2243 2388 2460 2429 narra-

205 2453 393 2516 tionis
430 2455 752 2534 quicquam
779 2455 1103 2516 consumsit
1141 2463 1381 2533 praeter
1409 2473 1634 2535 paucos
1666 2472 1873 2513 versus
1895 2474 1954 2516 v.
1989 2459 2115 2523 680
2139 2474 2226 2534 sq.
2309 2455 2363 2512 N
2365 2475 2463 2514 am

205 2561 342 2603 rem
367 2563 405 2600 a
433 2540 680 2602 consilio
715 2540 966 2601 alienam
1007 2548 1320 2601 tractasset
1351 2547 1411 2597 et
1454 2540 1519 2599 in
1553 2559 1815 2599 summas
1845 2541 2141 2619 angustias
2180 2559 2306 2599 sese
2340 2541 2460 2600 im—

207 2627 465 2688 misisset
494 2636 705 2706 poeta,
750 2627 802 2686 si
827 2628 1031 2687 Iovem
1057 2626 1320 2686 inferum
1359 2623 1642 2684 exhibere
1667 2624 1985 2701 voluisset5
2037 2646 2150 2685 nec
2176 2625 2461 2684 maiesta-

206 2725 338 2774 tem
371 2712 470 2772 dei
501 2712 805 2791 quomodo
838 2713 980 2772 satis
1004 2720 1314 2785 tueretur,
1368 2711 1431 2770 in
1459 2720 1710 2790 promtu
1751 2708 2071 2772 habuisset.
2156 2710 2461 2789 Integrum

208 2802 416 2877 itaque
444 2797 687 2877 reliquit
725 2797 846 2858 hoc
882 2806 1303 2878 argumentum
1346 2796 1706 2871 Claudiano,
1766 2797 1976 2871 Tamo,
2018 2794 2273 2857 Miltono
2300 2794 2461 2855 Mes-

209 2884 513 2965 siadisque
544 2885 798 2945 auctori.
884 2883 1082 2944 Intrat
1114 2893 1317 2944 tamen
1345 2881 1575 2942 Aeneas
1599 2879 1954 2941 vestibulum
1979 2885 2201 2961 regiae,
2242 2881 2464 2940 lustrat

210 2989 281 3032 se
321 2978 381 3030 et
401 2988 642 3032 ramum
665 2988 916 3032 aureum
940 2971 1007 3031 in
1034 2969 1265 3032 foribus
1293 2967 1424 3049 figit
1451 2988 1513 3029 v.
1546 2966 1905 3045 684-636,
1948 2967 2053 3027 ubi
2085 2968 2157 3027 cs.
2184 2966 2324 3027 Not.

386 3125 631 3185 Praeter
653 3123 877 3204 regiam
899 3124 1172 3185 Plutonis
1197 3123 1297 3185 via
1326 3122 1405 3184 ad
1440 3124 1720 3233 Εῇγείιιηι
1748 3120 1932 3182 ducit.
2019 3121 2198 3203 Apud
2226 3118 2466 3181 Aristo-

213 3209 481 3295 phanem
506 3212 659 3271 Ran.
690 3214 831 3277 162.
859 3215 980 3278 163
1008 3209 1084 3270 de
1103 3209 1385 3270 initiatis:
1432 3212 1621 3273 Ουτοι
1661 3203 1778 3291 γιὶρ
1823 3202 2112 3290 ἐγγύτατα
2149 3203 2303 3290 παρ’
2349 3200 2466 3271 αὖ·
2554 3269 2562 3281 ,

216 3292 339 3378 τήν
369 3293 486 3379 τήν
533 3292 678 3362 ὁδόν
710 3290 849 3359 Ἐπὶ
889 3302 1054 3360 ταῖσι
1091 3298 1208 3359 τοῦ·
1252 3290 1626 3369 Πλούτωνος
1670 3293 1951 3356 οἰκοῦσιν
1978 3288 2224 3371 θύραις.
2310 3296 2468 3354 Sunt

218 3393 426 3444 autem
449 3384 808 3444 initatorum
845 3382 1015 3442 sedes
1052 3381 1254 3444 nullae
1285 3383 1434 3441 aliae
1477 3400 1659 3459 quam
1698 3378 1987 3458 Elysium.
2088 3378 2222 3438 Hoc
2262 3380 2469 3458 itaque

220 3489 349 3531 non
377 3469 551 3549 longe
579 3489 610 3528 a
640 3467 910 3529 Plutonis
947 3467 1109 3548 regia
1147 3468 1348 3527 abesse
1383 3467 1679 3527 traditum
1714 3466 1867 3524 sorte
1906 3465 1971 3525 in
2011 3464 2323 3526 Eleusiniis
2338 3510 2355 3541 ,
2398 3474 2471 3525 ut

220 3554 497 3635 colligere
525 3556 666 3615 licet
707 3572 786 3615 ex
812 3554 1053 3614 scurrili
1073 3552 1492 3633 Aristophanis
1530 3552 1920 3612 insectatione
1951 3551 2281 3612 initiorum.
2339 3551 2471 3611 He·-

219 3640 433 3702 siodus
465 3639 739 3702 Plutonis
765 3638 989 3718 regiam
1023 3640 1089 3699 in
1126 3639 1345 3699 vicinia
1375 3638 1616 3699 Tartari
1650 3636 2067 3698 collocaverat.
2149 3638 2302 3698 Nam
2331 3646 2473 3696 ante

221 3729 550 3788 Tartarum
578 3726 748 3787 Atlas
768 3734 889 3786 stat
912 3725 1138 3785 caelum
1159 3734 1533 3802 sustentans5
1566 3721 1787 3783 ibidem
1812 3722 1940 3783 Diei
1970 3733 2029 3783 et
2060 3722 2260 3784 Noctis
2279 3723 2491 3798 aedes,

223 3813 386 3874 circa
421 3833 601 3892 quam
629 3812 833 3872 Noctis
860 3811 1033 3871 liberi
1060 3810 1340 3871 habitant
1356 3856 1374 3887 ,
1419 3814 1678 3871 Somnus
1710 3818 1771 3869 et
1803 3809 1985 3871 Mors.
2055 3806 2278 3887 Ἔνθα,
2329 3828 2473 3889 per-

226 3901 339 3980 git,
377 3903 541 3962 θεοῦ
565 3899 824 3979 χθονίου
856 3895 1136 3978 πρόσθεν
1176 3891 1359 3979 δόμοι
1380 3890 1669 3978 ἠχήεντες
1686 3887 1972 3979 Ἰφθίμου
2018 3889 2083 3957 τ’
2114 3890 2325 3958 Ἀΐδεω
2367 3892 2473 3957 καὶ

225 3986 486 4065 ἐπαινῆς
522 3984 976 4066 Περσεφονείης
1008 3981 1285 4048 ‘Emi-low
1301 4029 1320 4062 ,
1389 3992 1531 4043 ante
1561 3980 1671 4042 has
1696 3981 1969 4044 Plutonis
1998 3989 2061 4041 et
2085 3980 2474 4059 Proserpinae

227 4071 404 4131 aedes
446 4070 707 4130 excubat
746 4068 1055 4132 Cerberus.
1154 4070 1278 4130 Nec
1315 4069 1530 4152 procul
1577 4067 1721 4128 hinc
1766 4079 2009 4131 antrum
2048 4065 2257 4126 incolit
2299 4067 2472 4147 Styx.

227 4156 533 4238 Theogon.
568 4160 694 4223 767
721 4176 848 4235 sqq.

399 4293 485 4352 De
511 4292 721 4368 Elysio
755 4291 900 4352 satis
944 4290 1176 4353 dictum
1206 4301 1299 4352 est
1323 4292 1405 4352 ad
1447 4292 1644 4373 ipsum
1677 4301 1911 4374 poetam
1949 4309 2010 4351 v.
2037 4293 2164 4354 687
2190 4308 2318 4368 sqq.
2406 4289 2472 4347 ln

175 4438 188 4445 -
223 4381 355 4440 eins
384 4378 658 4439 convalle
686 4378 877 4437 Lethe
903 4387 1027 4454 est,
1068 4378 1149 4437 ad
1172 4397 1352 4456 quam
1383 4388 1798 4466 convocantur
1825 4375 2053 4436 animae
2079 4395 2306 4437 novum
2335 4395 2477 4435 cor-

222 4486 341 4546 pus
375 4465 749 4545 ingressurae
779 4484 837 4525 v.
870 4465 1017 4531 676.
1041 4468 1168 4530 679
1199 4483 1324 4542 sqq.
