2882 5028
460 338 615 412 604

946 332 1028 405 P.
1081 329 1605 406 v1RG1L11
1655 330 2205 433 MARoMs

459 516 924 595 Pectoribus
952 513 1264 591 inhians
1291 516 1660 616 spirantia
1690 514 2026 591 consulit
2061 528 2248 594 exta.

462 626 642 698 Heu
676 633 944 694 vatum
979 620 1290 715 ignarae
1319 626 1665 695 mentes!
1722 617 1912 719 quid
1941 633 2122 694 vota
2151 617 2582 708 furentem,
2604 623 2695 697 65

461 720 674 818 Quid
726 720 1055 798 delubra
1100 722 1418 799 iuvant?
1469 725 1607 798 Est
1645 720 1910 796 mollis
1952 719 2272 797 flamma
2317 718 2697 812 medullas

457 830 811 921 Interea,
868 837 948 900 et
972 826 1295 900 tacitum
1327 824 1514 900 vivit
1554 824 1700 899 sub
1740 837 2069 925 pectore
2098 825 2405 902 volnus,

599 997 669 1052 64
713 999 1026 1068 spumantia
1070 1003 1247 1068 Sprot.
1331 999 1616 1067 sperantia
1667 999 1852 1063 fragm.
1899 997 2073 1050 Vatic.

2224 998 2293 1052 65
2330 994 2523 1069 samm
2566 995 2696 1048 00³2

456 1065 710 1135 Cuniugh.
747 1067 815 1117 cf.
850 1067 945 1118 inf.
980 1069 1118 1132 vm,
1153 1070 1272 1122 627.
1341 1068 1568 1137 ignotae
1600 1086 1668 1119 m.
1704 1068 1861 1121 Witt.
1933 1069 2064 1137 quid
2097 1078 2230 1118 vota
2250 1064 2509 1137 furorem
2534 1068 2697 1116 Burm-

458 1154 524 1189 οι
556 1137 753 1188 Servio.
812 1134 1087 1206 ferentem
1120 1138 1296 1189 Rom.⁴

1407 1138 1478 1190 66
1513 1138 1705 1188 molles
1747 1137 1868 1200 alii,
1920 1137 2018 1187 sed
2067 1136 2248 1188 mollis
2282 1138 2519 1206 flama
2565 1137 2698 1186 Bur-

455 1223 667 1257 mannus
703 1216 895 1256 tuetur.
930 1224 978 1257 v.
1015 1224 1129 1274 nup.
1167 1209 1231 1270 11,
1265 1206 1384 1260 683.
1460 1207 1548 1270 (Et
1583 1205 1677 1256 illo
1710 1205 1832 1257 loco
1870 1216 1924 1255 et
1960 1206 2063 1256 hoc
2098 1205 2277 1256 mollis
2310 1215 2552 1273 quartum
2587 1221 2698 1255 ene

456 1293 628 1326 casum
665 1274 918 1325 existimo.
987 1276 1122 1327 Nam
1159 1287 1214 1327 ut
1246 1273 1558 1338 concedam,

1605 1275 1783 1327 mollis
1816 1275 2009 1325 factum
2045 1292 2160 1325 esse
2201 1292 2263 1325 ex
2311 1273 2552 1339 mobilis,
2598 1274 2697 1325 vid.

457 1344 553 1396 Ge.
593 1346 652 1407 11,
686 1345 827 1406 389„
857 1353 1033 1395 tamen
1069 1344 1260 1412 ubique
1294 1343 1591 1395 adiunctum
1625 1344 1789 1395 habet
1824 1361 1936 1394 eam
1971 1343 2439 1411 significationem,
2486 1354 2545 1394 ut
2593 1361 2698 1394 rem

453 1422 695 1477 tenuem,
742 1423 1010 1479 teneram,
1056 1413 1269 1464 indicet.
1339 1415 1445 1464 lam
1502 1413 1762 1481 quomodo
1812 1414 1993 1465 mollis
2026 1416 2259 1484 flarnma
2306 1413 2431 1464 huie
2481 1412 2697 1464 Didonis

453 1483 621 1534 furori
655 1483 959 1547 conveniat,
1006 1483 1072 1533 cf.
1120 1501 1196 1535 vs.
1245 1483 1350 1545 65„
1398 1481 1489 1533 alii
1536 1482 1777 1534 viderint.
1831 1481 1974 1550 Wr.)

2128 1484 2197 1537 67
2241 1494 2297 1534 et
2342 1481 2498 1533 deest
2549 1481 2695 1532 binis.
2741 1527 2749 1534 .

455 1555 605 1604 venit
636 1550 736 1603 sub
769 1552 952 1607 Hamb.
991 1569 1072 1621 pr.
1105 1571 1137 1603 a
1169 1571 1235 1604 m.
1270 1569 1405 1620 sec„
1440 1550 1594 1603 male.
1624 1569 1675 1606 v.
1713 1553 1883 1603 Bnrm.

452 1700 697 1766 rantur,
742 1712 846 1751 seu
886 1702 1280 1772 repetuntur3
1336 1650 1396 1753 et
1444 1703 1534 1753 est
1616 1693 1904 1752 celebrem
1926 1691 2127 1751 reddit
2162 1690 2500 1766 sacrificiis,
2548 1689 2613 1751 h.
2648 1710 2694 1749 e.

452 1798 584 1836 voe.
613 1798 880 1853 sacrum3
911 1780 994 1838 sic
1025 1779 1093 1855 V,
1121 1783 1231 1843 94:
1264 1780 1369 1839 sed
1398 1778 1462 1839 h.
1489 1779 1530 1840 l.

450 1863 600 1936 dies,
647 1861 707 1921 h.
731 1883 779 1922 e.
817 1863 940 1922 dies
969 1866 1171 1938 festus,
1213 1886 1332 1943 quo
1363 1886 1530 1924 sacra

451 1956 624 2006 erant
656 1949 839 2025 facta,
883 1970 1041 2009 nova
1081 1951 1332 2009 subinde
1359 1972 1528 2009 sacra

447 2032 512 2091 in
546 2034 802 2092 alterum
830 2033 986 2093 diem
1021 2036 1405 2095 indicuntur:
1447 2056 1526 2096 sc.

448 2126 521 2175 ut
551 2127 683 2176 exta
718 2119 962 2179 meliora
1007 2121 1119 2179 sibi
1164 2122 1526 2198 contingant.

447 2201 609 2261 Hinc
675 2204 833 2261 diem
897 2209 1229 2266 instaurare
1298 2206 1525 2285 Virgilii

445 2288 718 2368 exemplo
736 2287 887 2347 dixit
903 2292 1078 2350 etiam
1096 2292 1323 2350 Statius
1337 2291 1523 2352 Theb.

444 2372 518 2449 II,
559 2376 660 2435 88,
699 2384 776 2432 et.
814 2375 929 2435 alii.
1017 2378 1093 2436 Et
1135 2376 1377 2435 tandem
1423 2382 1524 2435 ιἠ-

444 2470 711 2519 stant-are
765 2462 955 2539 poetis
1002 2463 1242 2522 omnino
1288 2471 1378 2522 est
1427 2462 1523 2521 sa-

443 2562 610 2619 oere,
653 2545 995 2606 instituere:
1039 2549 1123 2607 sic
1165 2550 1346 2609 sunus
1392 2569 1524 2626 sup.

441 2629 542 2706 111,
598 2635 699 2705 62,
752 2632 957 2711 epulas
1002 2634 1127 2710 VII,
1186 2633 1324 2698 146.
1368 2633 1520 2709 VIII,

443 2719 588 2791 283,
620 2716 833 2776 choros
857 2718 953 2793 1V,
986 2718 1124 2784 145.
1193 2717 1353 2800 (Non
1377 2728 1521 2778 sunt

441 2799 588 2860 haec
616 2801 852 2862 diversa
893 2804 967 2864 ab
1006 2804 1109 2880 iis,
1156 2823 1307 2883 quae
1335 2805 1518 2864 modo

440 2898 769 2947 memorata
806 2906 921 2953 vsa.
962 2890 1044 2955 57
1079 2910 1238 2968 sqq.,
1287 2889 1519 2948 sacrifl-

440 2972 561 3032 ciis.
646 2973 759 3033 Per
803 2995 920 3034 vsa.
965 2980 1048 3038 60
1088 2996 1214 3054 sqq.
1257 2984 1517 3050 tantum,

439 3057 603 3135 quod
654 3059 836 3139 ipsius
889 3059 1132 3120 Didonis
1187 3059 1404 3119 bacin
1450 3079 1518 3120 re

436 3145 700 3202 muneris
724 3145 922 3219 suerit,
958 3145 1317 3208 declaratur.
1362 3147 1519 3205 Tum

434 3228 731 3306 particula
772 3230 901 3287 Aac
945 3250 1028 3290 vs.
1088 3235 1188 3294 62.
1244 3252 1365 3290 non
1425 3240 1518 3291 est

432 3321 560 3371 tam
602 3313 990 3390 disiunctiva,
1060 3316 1173 3374 nisi
1220 3315 1381 3393 quod
1419 3337 1517 3376 res

432 3415 555 3456 non
606 3397 815 3457 eodem
869 3402 1156 3480 temporis
1209 3412 1513 3460 momento

430 3491 621 3560 gestas
653 3481 990 3563 distinguit,
1036 3507 1215 3565 quam
1261 3486 1512 3565 copula-

430 3568 585 3642 tiva,
644 3579 718 3628 ut
753 3589 935 3649 supra
981 3593 1068 3632 vs.
1116 3570 1249 3638 34.:
1304 3573 1513 3648 „cine-

429 3671 556 3711 rem
586 3655 1002 3735 autManes;“
1062 3679 1133 3716 ac
1180 3657 1254 3715 de
1296 3657 1358 3716 vi
1400 3679 1510 3717 co-

424 3738 705 3818 pulandi,
760 3761 914 3819 quae
972 3752 1062 3802 est
1103 3744 1168 3802 in
1214 3743 1508 3821 geminata

428 3835 538 3881 aut
559 3868 577 3898 ‚
626 3824 749 3884 vid.
800 3827 983 3887 Beier.
1036 3828 1113 3888 ad
1154 3829 1270 3887 Cic.
1311 3829 1424 3888 Off.
1462 3829 1509 3905 1,

427 3911 485 3983 3,
524 3912 582 3973 9.
617 3914 715 3986 11,
747 3916 847 3975 86.
932 3914 1120 3973 Porro
1163 3916 1509 3973 Instaurat-

426 3994 607 4073 quei.
639 4015 696 4071 q.
736 3999 1079 4057 inclamans
1098 4020 1122 4069 ;
1169 3998 1290 4058 vid.
1326 3999 1399 4073 Q.
1436 3999 1508 4059 V.

423 4079 732 4155 xxxnss,
783 4086 842 4144 3.
939 4082 1206 4162 Denique
1266 4082 1340 4142 de
1398 4105 1511 4144 usu

425 4163 608 4224 Verbi
636 4169 968 4226 instaurare
998 4168 1064 4226 in
1092 4188 1158 4227 re
1190 4188 1354 4229 sacra
1383 4168 1507 4228 vid.

424 4248 502 4324 Q.
538 4251 607 4311 V.
644 4251 932 4312 xxxxl.
992 4252 1508 4314 Wunderlichius:

423 4336 620 4411 „Dido
647 4340 944 4397 ιήείαιιναε
980 4338 1143 4399 diem
1176 4339 1347 4400 donis
1388 4347 1504 4399 est:

1614 1778 1900 1838 sacrificia
1959 1777 2149 1836 multa
2207 1776 2400 1837 offert.
2419 1781 2455 1810 “
2519 1774 2693 1857 Wr.)

1613 1867 1913 1942 spirantia
1958 1876 2132 1937 exta,
2190 1862 2585 1941 palpitantia,
2628 1872 2696 1920 ut

1611 1953 1778 2009 Serv.
1834 1948 2271 2027 Impatientiam
2323 1948 2696 2027 expectatio-

1611 2036 1704 2093 nis
1744 2029 1808 2096 τὰ
1846 2035 2089 2092 inhians
2142 2032 2443 2111 exprimit.
2540 2034 2696 2091 Con·

1609 2122 1751 2178 sulit
1778 2129 1980 2178 autem
2012 2118 2163 2177 Dido
2195 2130 2334 2175 exta
2377 2136 2563 2197 super
2605 2119 2693 2176 fe-

1606 2205 1702 2264 lici
1735 2206 1951 2264 amoris
1980 2223 2272 2263 successu.

1695 2292 1777 2355 65
1800 2291 1993 2354 -'67.
2049 2301 2258 2348 valum
2302 2286 2381 2347 acl
2435 2286 2695 2367 extispi-

1607 2375 1767 2434 cium
1792 2395 2008 2454 v.0sup.
2033 2375 2223 2448 refer3
2253 2382 2517 2450 suntque
2546 2374 2693 2431 adeo

1609 2460 1950 2540 extispices,
2012 2458 2290 2518 sacrifici:
2357 2459 2462 2536 qui
2530 2457 2593 2518 h.
2654 2458 2693 2517 l.

1606 2548 1800 2606 fausta
1833 2547 2029 2606 omina
2055 2545 2427 2605 renuntiant.
2506 2548 2694 2623 igna-

1563 2677 1566 2681 .
1604 2654 1709 2690 rae
1744 2633 2003 2690 mentes!
2049 2632 2357 2690 cuiusnam
2400 2629 2533 2689 rei'?
2591 2631 2693 2691 ina-

1603 2718 1788 2775 felicis
1840 2726 1987 2796 puta
2048 2718 2246 2775 exitus
2297 2724 2359 2773 et
2435 2726 2691 2774 eventus

1604 2802 1985 2862 consiliorum
2043 2811 2103 2861 et
2157 2802 2378 2860 amoris
2422 2801 2691 2861 Didonis.

1602 2887 1755 2949 Vide
1784 2888 1941 2947 enim
1973 2907 2044 2946 ne
2088 2887 2163 2946 de
2197 2888 2415 2945 amoris
2455 2887 2691 2947 medela

1603 2972 1745 3054 deos
1775 2974 1967 3033 aditos
1994 2992 2116 3031 esse
2145 2972 2479 3032 existimesz
2525 2971 2689 3051 quod

1602 3059 1861 3119 alienum
1915 3067 2068 3117 esset
2122 3079 2157 3116 a
2209 3060 2341 3118 loco
2383 3068 2449 3117 et
2489 3078 2689 3133 moi-03

1602 3144 1677 3204 ab
1706 3163 1906 3204 amore
1933 3144 2179 3204 solvunt
2217 3163 2385 3203 sacra
2428 3147 2691 3223 magica5

1602 3229 1680 3288 ad
1714 3248 1867 3309 quae
1910 3229 2064 3290 Dido
2103 3230 2366 3290 recurrit
2404 3229 2517 3289 inf.
2560 3231 2688 3294 478

1600 3335 1727 3393 sqq.
1812 3316 1890 3374 Et
1929 3315 2003 3375 de
2046 3313 2142 3374 his
2185 3316 2361 3374 Silius
2404 3315 2561 3391 VIII,
2603 3318 2689 3378 98

1601 3402 1722 3479 agit
1734 3445 1763 3479 ‚⁸
1798 3421 1935 3461 cum
1973 3399 2037 3459 h.
2061 3401 2100 3460 l.
2144 3401 2429 3483 exprimit
2468 3400 2689 3460 simili-

1597 3486 1709 3544 bus
1735 3487 1952 3546 verbis.
2035 3486 2113 3548 At
2138 3496 2337 3561 vates,
2380 3495 2446 3544 et
2491 3489 2560 3546 in
2591 3484 2690 3544 his

1595 3571 1910 3651 extispices
1973 3572 2304 3631 memineris
2372 3572 2690 3632 consultos

1595 3676 1717 3717 esse
1756 3677 1936 3737 super
1990 3677 2137 3737 pace
2176 3657 2429 3727 deorum
2487 3678 2688 3737 expo-

1594 3741 1815 3801 scenda
1839 3787 1858 3818 ,
1953 3745 2118 3802 malis
2188 3743 2526 3821 ominibus,
2612 3750 2691 3802 ut

1593 3828 1992 3905 somniorum,
2036 3837 2449 3904 ostentorum,
2498 3847 2687 3887 aver-

1592 3913 1917 3973 runcandis
1941 3923 2003 3972 et
2021 3915 2237 3974 mentis
2264 3917 2430 3975 curis
2452 3935 2525 3973 ac
2547 3923 2684 3973 ter-

1591 3999 1831 4059 roribus
1864 3999 2169 4079 placandis
2180 4022 2199 4076 3
2238 4009 2374 4059 tum
2418 4000 2495 4059 de
2528 4021 2687 4059 con-

1593 4084 1862 4144 siliorum
1890 4095 2360 4166 coeptorumque
2399 4106 2683 4145 successu

1593 4178 1656 4228 et
1678 4181 1916 4231 eventu.
2005 4172 2339 4232 Coniuncta
2365 4171 2516 4231 baec
2537 4191 2683 4232 cum

1592 4256 1807 4334 sacris,
1870 4256 2086 4334 quibus
2127 4258 2195 4316 id
2229 4258 2430 4337 ipsum
2469 4256 2680 4316 effice-

1589 4348 1789 4417 retur,
1832 4351 1906 4402 ut
1928 4344 2174 4425 propitii
2209 4345 2369 4404 curis
2410 4354 2473 4404 et
2519 4361 2677 4401 oon-
