2882 5028
573 349 1185 427 AENEIDOS
1244 350 1453 429 LIB.
1511 351 1644 447 Vl,
1695 358 2133 434 660-666

2342 361 2497 438 955

242 538 568 638 Quique
598 536 717 613 sui
749 560 1158 613 memores
1198 536 1392 612 alios
1419 534 1689 614 fecere
1728 539 2166 617 merendo:

239 641 645 720 Omnibus
675 639 795 721 his
830 641 1060 718 nivea
1092 642 1516 739 cinguntur
1543 655 1912 741 tempora
1955 645 2167 723 vitta.

2342 647 2495 723 665

240 751 469 842 Quos
504 741 1033 822 circumfusos
1080 746 1190 824 sic
1223 759 1349 822 est
1371 742 1631 821 adfata
1663 746 1990 845 Sibylla3

381 929 488 988 664
521 932 666 987 alios
703 944 848 986 recte
904 943 1165 987 servatum
1202 935 1258 987 in
1301 935 1422 988 edd.
1463 935 1568 988 iam
1607 927 1732 989 inde
1769 938 1835 991 ab
1882 937 2038 991 Aldd.
2122 935 2225 989 Alii
2266 935 2497 1018 aliquos.

235 1003 436 1056 Mirum
474 1003 530 1053 in
571 1003 708 1055 hanc
749 1004 992 1055 vitiosam
1028 1005 1311 1057 lectionem
1356 1007 1661 1074 conspirare
1697 1007 2106 1058 vetustissimum
2145 1017 2199 1058 et
2245 1016 2500 1074 optimum

240 1090 506 1142 quemque
521 1111 539 1138 ,
573 1074 731 1125 etiam
756 1075 906 1125 Rom.
929 1073 1127 1127 Medic.
1150 1076 1336 1143 fragm.
1367 1076 1559 1140 vatic..
1594 1077 1698 1127 hoc
1722 1087 1896 1129 tamen
1920 1095 1950 1129 a
1973 1095 2040 1128 m.
2063 1094 2146 1147 pr.
2217 1076 2502 1145 (‚‚aliquos

238 1143 292 1197 si
323 1160 502 1193 verum
531 1150 644 1206 est,
681 1160 746 1194 ex
779 1142 1115 1212 appositione
1139 1145 1509 1227 praecedentis
1546 1164 1620 1200 vs.
1653 1146 1730 1198 sic
1757 1147 2205 1215 interpretandum
2246 1155 2352 1196 est:
2398 1144 2501 1196 Hic

235 1221 547 1275 versantur,
595 1211 684 1279 qui
727 1213 926 1264 artibus
969 1212 1194 1265 inventis
1247 1215 1315 1265 de
1360 1215 1626 1280 omnibus,
1678 1216 1869 1284 quique
1906 1216 2057 1268 factis
2090 1215 2196 1266 suis
2243 1223 2387 1266 certe
2430 1213 2499 1264 de

239 1279 513 1333 nonnullis
541 1310 606 1322 -
641 1281 905 1348 aliquibus
933 1311 1002 1322 —
1029 1283 1164 1335 bene
1193 1290 1546 1336 meruerunt.“
1614 1286 1758 1338 Haec
1782 1286 2010 1338 Iahnius.
2080 1285 2306 1338 Videtur
2339 1299 2498 1335 sonus

241 1361 337 1403 ter
369 1349 663 1420 praegressi
704 1352 914 1421 Quique
966 1352 1301 1406 librariorum
1344 1355 1557 1410 auribus
1606 1356 1911 1408 obversatus
1960 1353 2369 1423 corrumpendae
2412 1353 2500 1403 le-

241 1420 414 1473 ctioni
445 1419 616 1472 locum
642 1420 872 1483 secisse·⁸
900 1431 957 1473 ut
997 1439 1157 1490 saepe
1197 1422 1329 1474 alibi
1363 1424 1769 1475 observavimuS.
1840 1425 2010 1488 alios,
2057 1432 2272 1491 praeter
2313 1424 2499 1472 Dona-

241 1500 379 1553 tum,
416 1489 576 1540 etiam
603 1489 790 1555 Palae,
823 1500 934 1544 tum
958 1509 1020 1542 ex
1043 1491 1371 1558 Heinsianis‚
1430 1504 1490 1547 nt
1525 1492 1765 1559 videtur,
1818 1493 2164 1558 Menteliani‚
2215 1490 2501 1555 Montani,

242 1558 374 1624 alii5
406 1559 624 1628 aliquos
658 1561 711 1617 6.
738 1563 821 1624 11.
849 1572 905 1612 et
930 1561 1158 1642 Servius.
1203 1563 1349 1632 Wr.)

244 1732 398 1793 Silio
418 1732 577 1802 XIII,
621 1733 745 1798 533
788 1753 914 1812 sqq.
963 1745 1025 1794 et
1064 1755 1099 1794 a
1139 1736 1333 1797 Valer.

241 1820 342 1879 1³1.
367 1819 410 1893 1,
443 1822 567 1883 839
590 1838 676 1896 sq.
729 1819 1102 1880 Referendus
1134 1833 1336 1882 autem

247 1913 345 1964 est
364 1901 595 1962 animus
621 1905 686 1962 in
709 1913 979 1984 tempora
994 1907 1337 1985 antiquiora

243 1989 515 2065 heroica,
531 1990 595 2048 in
624 1990 841 2068 quibus
866 2012 974 2070 per
1009 2005 1177 2053 vates
1203 2013 1334 2054 me-

244 2077 375 2137 lior
413 2078 540 2135 vita
565 2077 892 2135 constituta
926 2086 1016 2137 est
1041 2080 1337 2158 responsis

247 2182 328 2221 ac
357 2161 605 2220 deorum
645 2162 907 2238 monitis,
947 2164 1163 2223 ritibus
1192 2166 1338 2225 reli-

244 2248 447 2329 giosis,
462 2246 688 2326 legibus
699 2248 1110 2327 institutisque
1126 2259 1186 2318 et
1203 2271 1339 2311 mo-

245 2353 396 2398 rum
425 2333 776 2413 praeceptis.
817 2333 983 2394 Nihil
1002 2337 1120 2394 ista
1147 2345 1342 2396 aetate

248 2428 459 2479 actum
482 2429 789 2498 gestumve
828 2430 938 2495 est,
963 2422 1077 2481 nisi
1101 2422 1175 2481 ab
1206 2423 1342 2481 ani-

247 2505 371 2566 mis
398 2504 605 2565 divino
635 2506 879 2565 numine
911 2508 1145 2568 afflatis.
1189 2509 1344 2568 Vere

247 2601 391 2652 tum
432 2591 682 2650 diceres:
763 2592 999 2652 nullum
1061 2615 1345 2673 magnum

249 2679 462 2741 virum
520 2688 735 2737 natum
780 2697 903 2736 esse
948 2680 1074 2739 sine
1134 2681 1345 2739 afflatu

254 2763 491 2825 divino.
589 2764 711 2822 Nec
765 2782 943 2840 vero,
1014 2785 1195 2843 quam
1237 2766 1346 2824 <liu

250 2848 439 2932 probi
497 2857 557 2906 et
611 2849 938 2928 prudentes
989 2851 1106 2910 viri
1153 2861 1343 2926 erant,

253 2935 367 3014 qui
423 2933 536 2993 deo
593 2935 950 2994 incalescere
1017 2937 1348 2996 credeban-

252 3032 403 3095 tur,
446 3014 725 3078 habueris
753 3065 770 3096 ,
816 3014 980 3099 quod
1006 3022 1171 3101 vulgi
1209 3023 1347 3101 opi-

255 3107 506 3167 nionem
537 3106 797 3166 damnes.
856 3110 1200 3165 Sacerdotes
1235 3130 1348 3167 ca-

255 3192 378 3267 eti,
441 3191 546 3269 qui
588 3212 757 3250 sacra
811 3201 1003 3267 caste,
1076 3213 1229 3271 pure
1280 3213 1351 3252 ac

255 3277 398 3359 pie,
445 3287 738 3337 curarunt
759 3278 906 3338 dum
930 3278 1217 3338 viverent.
1263 3280 1351 3337 Ita

256 3361 418 3424 nihil
444 3372 535 3421 est
551 3364 715 3441 quod
739 3363 1162 3441 reprehendas.
1205 3365 1353 3424 Mox

257 3462 436 3512 vates
461 3450 658 3509 sintne
687 3461 897 3529 poetae
928 3471 1004 3508 an
1032 3452 1350 3509 coniecto-

257 3554 400 3609 res,
430 3536 710 3595 dubitari
752 3544 968 3617 potest.
1024 3537 1140 3595 Sed
1172 3537 1350 3596 Silius

267 3620 423 3682 ibid.
477 3642 536 3682 v.
595 3623 720 3686 538
773 3625 881 3701 qui
905 3654 990 3667 —-
1018 3644 1126 3680 nec
1181 3624 1339 3680 dedi-

257 3709 526 3788 gnanda
560 3712 802 3785 parenti
843 3709 1129 3766 Camino
1150 3709 1351 3785 sude-

262 3805 409 3854 runt
463 3792 710 3853 Phoebo
721 3816 749 3865 ,·
828 3795 1025 3870 itaque
1072 3801 1133 3850 et
1171 3794 1219 3851 is
1277 3792 1352 3851 de

263 3878 464 3961 poetis
503 3882 751 3957 accepit.
827 3884 926 3957 pii
964 3880 1028 3937 in
1072 3877 1193 3937 hoc
1219 3879 1351 3958 ipso

266 3965 440 4044 quod
471 3964 720 4025 Phoebo
763 3966 957 4043 digna
999 3965 1354 4043 loquuntur,

263 4054 361 4114 ita
394 4060 466 4110 ut
491 4070 633 4111 vere
663 4043 1056 4130 pronuntient
1083 4071 1143 4109 se
1174 4069 1347 4110 cane-

265 4156 344 4199 re
403 4136 500 4196 dei
550 4138 763 4196 afflatu
813 4137 1130 4217 impulsos,
1205 4137 1354 4196 dum

265 4224 522 4305 grandia
548 4267 566 4299 ,
641 4223 910 4282 sublimia
938 4267 954 4295 ,
1029 4224 1353 4302 praeclara,

268 4319 524 4369 canunt.
583 4308 771 4390 (idem
807 4310 987 4368 Silius
1014 4310 1176 4384 XIV,
1222 4312 1355 4373 28.:

268 4395 559 4474 „Phoebo
591 4396 767 4477 digna
802 4406 863 4455 et
895 4395 1079 4455 Musis
1103 4414 1358 4455 venera-

1490 1564 1593 1620 665
1627 1564 1716 1626 his
1750 1582 1865 1624 una
1896 1562 2121 1619 Dorvill.

1420 1740 1562 1800 bere
1614 1747 1826 1797 vatum
1872 1738 2067 1797 Ora.“
2127 1734 2306 1817 Wr.)
2393 1736 2499 1794 At:

1420 1827 1644 1905 quique
1671 1826 1770 1882 sui
1806 1844 2089 1882 memores
2125 1824 2280 1881 alios
2292 1820 2501 1898 fecere

1419 1909 1716 1983 merendo,
1781 1910 1925 1983 664,
1970 1917 2211 1994 prnate:
2253 1923 2503 1985 magnae

1418 1995 1558 2055 illae
1615 2004 1678 2054 et
1730 1993 1968 2054 divinae
2019 1995 2248 2053 animae
2263 2022 2286 2067 ‚·
2352 2009 2504 2069 quae

1419 2081 1574 2139 bene
1602 2081 1677 2139 de
1697 2099 1910 2158 genere
1950 2079 2215 2139 humano
2254 2078 2504 2135 meritae

1422 2174 1601 2244 sunt;
1660 2184 1833 2245 saepe
1858 2167 1972 2241 sic,
2016 2173 2090 2224 ut
2113 2164 2336 2224 nullam
2361 2182 2503 2242 gra-

1423 2252 1570 2313 tiam
1616 2253 1957 2327 auferrent,
2013 2250 2325 2311 interdum
2354 2248 2506 2308 odiis

1426 2347 1488 2398 et
1514 2338 1743 2398 invidia
1783 2336 2049 2418 oppressi
2092 2337 2285 2397 vitam
2323 2336 2508 2393 mise-

1425 2443 1558 2484 ram
1616 2433 1875 2502 agerent.
1961 2422 2268 2495 merendo,
2327 2420 2506 2495 idem,

1427 2508 1594 2588 quod
1619 2509 1684 2568 in
1710 2507 1945 2588 vulgari
1968 2527 2259 2583 sermone,
2302 2507 2509 2566 deme-

1427 2597 1650 2670 rendo,
1704 2593 2142 2674 promerendo,
2195 2594 2347 2653 bene
2377 2611 2506 2650 me-

1427 2680 1620 2742 rendo
1648 2679 1723 2738 de
1749 2680 1894 2739 aliis.
1979 2679 2077 2737 Sic
2108 2680 2329 2737 Seneca
2354 2677 2511 2756 Hip-

1429 2767 1621 2846 polyt.
1645 2770 1772 2831 632
1804 2779 1860 2824 et
1890 2776 1945 2822 te
1982 2762 2269 2837 merebor,
2316 2764 2421 2821 ubi
2448 2783 2508 2821 v.

1432 2854 1619 2911 Gron.
1706 2852 1850 2916 665.
1903 2848 2195 2907 Omnibus
2233 2849 2331 2906 his
2368 2850 2512 2907 Ser-

1428 2939 1592 2998 vius:
1661 2956 1821 3015 „per
1861 2934 2025 3013 quod
2088 2952 2189 2992 eos
2248 2932 2512 2992 ostendit

1427 3022 1713 3084 meruisse
1738 3021 1971 3080 divinos
1988 3018 2308 3079 honores.“
2340 3020 2514 3077 Certe

1433 3109 1695 3167 declarat
1746 3106 1865 3165 hoc
1904 3105 2165 3183 insigne,
2236 3123 2375 3173 esse*
2414 3123 2514 3162 eos

1432 3196 1598 3255 viros
1645 3213 1845 3252 sacros
1893 3200 1955 3249 et
2002 3200 2261 3250 sanctos.
2360 3189 2515 3249 Nam

1432 3280 1685 3340 vittatus
1714 3278 1895 3337 fuisse
1924 3276 2280 3357 sacerdotes,
2324 3284 2514 3350 vates,

1437 3366 1611 3439 deos,
1670 3364 1813 3422 satis
1849 3372 2064 3422 notum
2103 3371 2213 3426 est.
2279 3363 2354 3422 cf.
2385 3362 2515 3422 Val.

1435 3452 1527 3513 Fl.
1555 3451 1654 3510 lib.
1685 3450 1730 3525 1,
1773 3452 1917 3514 836.
1952 3448 2095 3512 840.

1523 3541 1647 3602 666
1692 3554 1817 3613 sqq.
1902 3534 2166 3593 Platonis
2218 3534 2385 3593 locus
2442 3533 2518 3592 de

1435 3623 1583 3701 nep.
1614 3621 1684 3694 11,
1727 3642 1784 3700 p.
1817 3624 1941 3685 363
1975 3630 2113 3678 ante
2143 3620 2347 3680 oculos
2374 3638 2518 3677 ver-

1435 3709 1554 3766 sari
1580 3708 1798 3787 potuit.
1857 3706 2040 3779 Quod
2066 3707 2375 3766 Musaeum
2405 3725 2521 3783 po-

1435 3793 1733 3852 tissimum
1759 3793 2033 3851 nominat
2062 3802 2259 3872 poeta,
2288 3792 2521 3850 miran-

1441 3888 1546 3937 tur
1580 3880 1775 3958 lntpp.
1819 3879 2116 3938 Homerus
2134 3898 2274 3937 sane
2292 3876 2523 3935 Aeneae

1439 3965 1502 4023 in
1531 3965 1737 4023 inseris
1770 3983 2091 4024 occurrere
2137 3985 2257 4023 non
2301 3962 2521 4042 potuit.

1440 4051 1744 4110 Turbatae
1776 4052 2026 4109 fuissent
2050 4060 2390 4127 temporum
2417 4067 2523 4106 ra-

1436 4136 1649 4199 tiones.
1709 4138 1856 4195 Cum
1888 4144 2087 4194 autem
2120 4135 2194 4194 de
2221 4133 2526 4210 antiquio-

1438 4223 1610 4282 ribus
1675 4223 1888 4300 aliquis
1955 4229 2108 4279 esset
2163 4219 2523 4294 laudandus,

1443 4309 1720 4389 Orpheus
1751 4328 1898 4367 vero
1922 4307 2038 4366 iam
2068 4325 2199 4384 sup.
2232 4310 2354 4370 119
2396 4324 2526 4364 me-

1441 4404 1711 4455 moratus
1743 4402 1923 4467 esset,
1967 4392 2075 4451 vix
2113 4391 2264 4451 alius
2290 4401 2527 4471 praeter
