2882 5028
841 347 1034 419 AD
1145 346 1930 422 LIBRUMI
2364 357 2579 429 241⁴

197 536 368 614 Capta
411 535 628 615 igitur
681 536 889 613 urbe,
943 536 1292 617 'praecipua
1336 557 1406 596 ea
1452 542 1601 599 eui-a
1644 537 1921 619 inprimis
1966 538 2382 616 sacerdotum,
2414 534 2518 601 lut

193 621 433 681 deorum
486 622 692 701 sigua
750 630 824 681 et
877 641 1024 682 vasa
1068 625 1237 682 salva
1293 634 1524 700 essent,
1586 624 1733 684 dum
1786 635 1891 684 aut
1947 624 2389 686 absconderent
2426 646 2515 703 es,

194 717 291 768 aut
327 727 554 768 secum
605 716 1049 788 asportarent.
1140 710 1237 768 Sic
1282 709 1559 771 Panthus
1607 710 1903 790 Apollinis
1944 709 2223 770 sacerdos
2264 711 2346 789 11,
2385 715 2515 778 319

191 794 476 893 fugiebat,
529 794 750 853 caet-d
786 815 986 853 manu
1029 797 1334 875 vah-cosque
1379 799 1521 856 deos
1555 798 1769 858 serens.
1855 794 2166 874 sigillatim
2213 795 2366 857 haee
2410 819 2513 856 sa-

191 881 261 941 ti·
287 881 586 961 exposita
631 880 886 960 passim
932 889 1077 940 sunt
1118 901 1154 939 a
1206 881 1351 941 viris
1396 882 1622 960 doctis,
1676 881 1854 941 nobis
1898 901 2079 941 curae
2118 882 2269 959 fuit,
2329 893 2403 944 ut
2434 884 2515 944 ad

192 967 446 1112 ratiplpg
488 986 663 1028 suas
708 974 782 1026 et
830 986 1072 1027 caussas
1110 985 1177 1025 ea
1213 967 1619 1045 referrentur-5
1670 968 1854 1047 idque
1892 968 2084 1028 teneri
2116 969 2296 1028 velim
2333 970 2514 1031 etiam

196 1074 256 1112 in

1174 1250 1595 1260 —-—-.-——-———

759 1459 1631 1550 EXCURSUS
1731 1461 1996 1549 XIII

516 1645 645 1713 De
690 1647 783 1714 iis
834 1672 1013 1737 quae
1055 1648 1340 1715 deorum
1370 1650 1852 1738 praesentiam
1886 1660 2210 1736 arguunt.

389 1819 440 1895 1,
479 1819 742 1884 402-
756 1817 906 1884 404.
992 1822 1180 1880 Dixit
1196 1866 1215 1898 ,
1290 1835 1349 1881 et
1401 1836 1673 1882 avertens
1735 1842 1907 1880 rosea
1973 1822 2198 1879 cervice
2249 1818 2507 1898 refulsit,

216 1905 723 1985 Ambrosiasque
781 1927 992 1967 comae
1043 1908 1321 1967 divinum
1362 1913 1578 1968 vetiti-e
1622 1909 1861 1967 odorem
1915 1908 2263 1983 δ’ρὶιανενες
2326 1908 2515 1984 pedes

221 1997 399 2052 veseis
449 1992 736 2069 despexit
768 1991 862 2051 ad
894 1995 1047 2051 imm
1066 2037 1084 2067 ,
1151 1996 1237 2052 Ec
1281 2015 1423 2055 vera
1467 1998 1702 2063 incessu
1731 1996 1945 2071 patzait
1978 1992 2117 2050 dea.
2209 1991 2522 2053 Habemus.

225 2076 333 2137 hie
359 2078 722 2157 exemplum
765 2076 1129 2155 ἐπιφανείας
1168 2080 1431 2139 numinis
1460 2080 1703 2160 insigne.
1788 2077 1842 2137 Ν
1845 2098 1923 2137 on
1949 2076 2346 2137 iniucundum
2377 2079 2512 2154 erit,

237 2163 444 2243 paucis
480 2181 821 2243 exponere,
864 2163 1082 2241 quibus
1113 2165 1307 2225 modis
1332 2176 1568 2246 poetae,
1610 2164 1887 2243 Virgilius
1917 2172 1978 2221 et
2002 2161 2319 2239 Homerus,
2362 2163 2512 2223 deo-

241 2267 386 2307 rum
419 2249 836 2326 praesentiam
864 2251 962 2309 vel
989 2250 1054 2310 in
1081 2250 1344 2312 discessu
1373 2260 1650 2331 arguant,
1690 2249 1966 2330 inprimis
1997 2267 2136 2308 oum
2162 2249 2281 2308 viri
2324 2248 2509 2326 docti,

246 2333 355 2411 qui
384 2333 448 2391 in
473 2332 641 2394 hunc
665 2335 878 2394 locum
906 2335 1274 2413 inciderunt,
1318 2338 1558 2417 sequuti
1585 2338 1711 2397 fere
1738 2335 1860 2395 sint
1891 2334 2204 2394 Heliodori
2232 2333 2512 2416 Aethiop.

236 2418 350 2478 lib.
394 2418 497 2481 ΠΙ.
538 2441 599 2500 p.
638 2421 781 2486 148.
828 2418 952 2485 149
990 2422 1083 2482 ed.
1125 2423 1403 2500 Bourd,
1436 2445 1471 2482 a
1507 2444 1629 2502 quo
1672 2432 1877 2482 tamen
1920 2442 2045 2480 non
2082 2429 2205 2480 tam
2247 2422 2515 2502 poeticas

227 2505 540 2584 rationes,
597 2527 787 2586 quam
840 2505 1321 2590 theosophorum
1372 2513 1712 2571 commenta
1753 2506 2028 2588 exposita
2082 2526 2206 2567 esse
2261 2508 2513 2569 manife-

224 2600 406 2652 stum
446 2592 541 2650 fit.

418 2677 675 2751 Quoties
715 2677 904 2758 igitur
943 2689 1193 2758 poetae,
1245 2682 1636 2762 inprimisque
1676 2677 1973 2760 principes
2013 2677 2146 2752 isti,
2193 2676 2336 2736 deos
2376 2695 2514 2737 cum

227 2761 602 2822 hominibus
641 2784 816 2843 agere
857 2766 1046 2844 iisque
1079 2767 1360 2827 interesse
1403 2767 1666 2841 faciunt3
1722 2765 1954 2824 faciunt
2000 2771 2199 2821 autem
2234 2761 2354 2822 hoe
2380 2782 2515 2822 sse-

235 2848 541 2929 pissime,
598 2868 671 2908 ex
705 2860 948 2930 recepta
981 2852 1143 2913 inter
1181 2851 1417 2913 votem
1462 2850 1879 2933 persuasione,
1925 2848 2005 2908 ad
2053 2868 2234 2928 quam
2275 2847 2518 2909 divinae

234 2944 523 2994 naturae
573 2937 785 3013 species
836 2936 1107 2997 humana
1145 2939 1328 3018 vulgo
1382 2938 1614 2998 credita
1649 2936 1981 2996 necessario
2022 2934 2244 2994 ducere
2287 2934 2517 3013 debuit,

230 3021 314 3079 in
349 3021 689 3100 priscorum
717 3021 1036 3084 hominum
1064 3035 1125 3084 et
1155 3024 1412 3085 heroum
1441 3025 1570 3086 vita
1586 3069 1604 3102 ,
1645 3025 1769 3085 fere
1799 3022 1957 3082 utin
1982 3022 2105 3082 vita
2139 3020 2516 3102 patriarcha-

231 3127 400 3166 rum
420 3150 438 3180 ,
483 3105 621 3165 deos
661 3107 920 3170 invisere
967 3109 1274 3188 homines,
1332 3112 1414 3170 ad
1455 3130 1556 3171 eos
1601 3109 1942 3184 devertere,
2001 3127 2214 3167 eorum
2252 3105 2517 3188 hospitio

233 3193 378 3270 nti,
441 3192 514 3256 iis
555 3214 904 3273 nomn-rere,
979 3217 1283 3257 sermones
1346 3219 1419 3257 ae
1470 3196 1715 3258 consilia
1786 3195 2229 3255 communicare
2278 3194 2518 3271 solitos3

233 3279 492 3358 quoties
512 3279 701 3358 igitur
746 3280 891 3343 deos
924 3283 1090 3343 inter.
1102 3282 1391 3350 hemines
1420 3301 1591 3363 agere
1629 3289 1967 3345 memorant
1995 3290 2237 3360 poetae:
2299 3280 2351 3338 si
2378 3301 2517 3340 mo·-

236 3365 407 3424 dum
440 3365 686 3443 quidem
720 3377 784 3426 et
811 3369 1112 3429 rationem
1141 3376 1490 3449 exponunt,
1551 3389 1731 3448 quam
1769 3376 1970 3426 tamen
1999 3385 2174 3447 saepe
2213 3364 2520 3426 declarare

238 3451 597 3530 negligunt:
636 3461 743 3511 aut
767 3452 869 3530 dii,
915 3457 1027 3516 etsi
1069 3476 1205 3515 cum
1244 3455 1591 3517 hominibus
1636 3463 1859 3551 agunt,
1899 3452 2074 3532 plane
2110 3471 2172 3510 se
2202 3450 2520 3511 hominum

231 3535 424 3596 visui
460 3557 581 3595 non
618 3538 976 3618 subiiciunt,
1032 3551 1140 3602 aut
1178 3543 1246 3602 in
1294 3550 1682 3622 conspectum
1725 3538 1982 3599 veniunt
2022 3537 2353 3613 manifesti,
2412 3545 2522 3597 aut

229 3624 463 3681 forma
513 3620 773 3683 humana
822 3626 1102 3688 adsumta
1142 3648 1206 3686 se
1249 3628 1548 3702 offerunt,
1609 3635 1683 3686 ut
1727 3636 1929 3686 tamen
1969 3644 2144 3699 mox,
2204 3623 2416 3683 saltem
2456 3624 2521 3682 in

232 3708 547 3784 discessu,
596 3709 836 3770 divinae
872 3713 1241 3792 praesentiae
1277 3732 1716 3791 nonnunquam
1749 3711 1914 3790 signa
1952 3710 2171 3788 aliqua
2188 3709 2391 3768 edant.

429 3794 502 3854 In
549 3796 854 3857 variandis
902 3797 995 3858 his
1033 3808 1372 3878 sequuntur
1408 3807 1624 3879 poetae
1664 3796 1985 3856 nonnullas
2024 3795 2169 3856 alies
2212 3795 2524 3875 opiniones

228 3881 418 3940 inter
440 3881 673 3960 priseos
709 3881 984 3944 homines
1018 3895 1324 3964 receptas:
1381 3885 1579 3965 primo
1619 3883 1896 3962 quidem,
1940 3881 2095 3942 deos
2130 3881 2376 3962 propria
2414 3901 2524 3940 sua

230 3987 316 4026 ac
363 3966 584 4027 divina·
624 3970 820 4047 specie
869 3991 902 4028 a
944 3972 1304 4031 mortalibus
1338 3981 1448 4031 aut
1489 3969 1734 4031 omnino
1792 3967 1958 4027 cerni
2017 3979 2137 4026 non
2193 3986 2364 4046 posse
2418 3975 2526 4026 aut

233 4073 378 4112 non
423 4053 539 4112 nisi
579 4074 721 4113 cum
761 4056 926 4115 vitae
974 4056 1347 4132 discrimine,
1408 4055 1550 4138 (pro
1588 4054 1863 4134 exemplo
1904 4053 1982 4112 sit
2016 4050 2269 4134 Semele)
2315 4052 2525 4112 saltem

235 4139 576 4199 oculorum
624 4141 940 4217 caecitate,
1004 4139 1090 4224 (v.
1128 4165 1179 4209 c.
1226 4102 1450 4224 Hyinn.
1488 4143 1553 4202 in
1601 4142 1818 4203 Vener.
1873 4141 2015 4203 188
2068 4161 2128 4199 v.
2167 4139 2247 4198 ad
2293 4138 2524 4200 Gallim.

241 4224 312 4284 1..
340 4226 408 4285 P.
442 4229 526 4291 82
554 4226 883 4307 spanhem.
911 4237 977 4287 et
1006 4229 1085 4287 ad
1121 4228 1267 4309 102)
1311 4250 1434 4289 non
1464 4248 1636 4308 posse
1686 4225 1884 4287 cerni·
1929 4224 2043 4284 nisi
2081 4226 2243 4284 forte
2290 4224 2365 4282 ab
2406 4211 2535 4282 hol

241 4310 545 4388 minibus,
591 4311 698 4391 qui
727 4317 1085 4392 θεοφιλεῖς,
1135 4335 1171 4372 a
1205 4314 1318 4374 diis
1355 4316 1538 4374 amati
1579 4321 1807 4374 essent:
1866 4306 2040 4372 ovum
2076 4306 2192 4392 γοὲρ
2235 4306 2535 4376 minstret

236 4399 394 4464 θεοὶ
423 4400 761 4479 φαίνονται
791 4399 1089 4483 ἐναργεῖς,
1131 4399 1347 4481 Odyss.
1399 4426 1464 4477 π,
1517 4404 1659 4467 161
1745 4398 1973 4457 Gonu-s
2001 4392 2251 4476 χαλεποὶ
2282 4391 2348 4457 δὲ
2374 4398 2535 4470 9·ιαί-

341 4504 668 4581 Vmen..
727 4503 951 4576 Tou.
1008 4497 2112 4575 1116

2598 3763 2747 4072 s
