2882 5028
450 380 604 455 414
1018 368 2135 450 EXCURSUSVI

449 568 608 630 mine
634 561 994 642 inscriptum
1026 561 1368 624 debeamus.
1449 562 1524 620 In
1565 561 2002 624 Holdsworthii
2045 573 2111 623 et
2141 563 2382 643 Spenmi
2418 562 2727 624 Annotat.

449 647 980 821 ἓτῗὶὶζιοέιὶιὶιῖὲ
1012 649 1192 708 etiam
1218 647 1512 709 nonnulla
1539 668 1737 728 nuper
1761 649 2009 729 legimus
2028 694 2047 726 ,
2088 650 2200 710 sed
2247 650 2524 730 vulgaria
2573 651 2728 726 feu-e,

1036 1067 1891 1160 EXCURSUS
2007 1072 2149 1161 VI

802 1240 1622 1309 Laocoontis
1716 1241 2359 1308 clamores.

629 1415 702 1490 11,
746 1417 894 1480 222.
952 1415 1256 1474 Clamores
1290 1414 1478 1473 simul
1497 1412 1817 1473 homndos
1846 1414 1940 1474 ad
1981 1415 2179 1475 sidem
2223 1416 2380 1474 tollit
2418 1415 2723 1475 Laocoon.

457 1505 630 1578 Quae
665 1500 831 1560 docti
872 1500 986 1562 viri
1030 1501 1331 1561 nostrates
1373 1519 1570 1579 nuper
1618 1520 1799 1578 snper
1839 1499 1902 1561 h.
1940 1500 1981 1560 l.
2021 1500 2429 1580 disputarint,
2490 1501 2724 1561 recenti

457 1596 701 1649 tenetur
734 1587 1040 1647 memoria.
1125 1585 1273 1645 Mihi
1315 1585 1559 1666 quidem
1582 1630 1601 1662 ,
1662 1586 1809 1664 quid
1843 1586 1908 1645 in
1946 1597 2128 1667 poeta
2167 1588 2584 1648 excusandum
2621 1588 2724 1647 vel

459 1674 903 1735 defendendum
933 1672 1128 1734 videri
1155 1672 1372 1732 debeat
1390 1716 1409 1748 ,
1453 1671 1727 1732 nondum
1768 1674 1912 1732 satis
1956 1672 2164 1751 liquet.
2250 1675 2429 1733 Certe
2470 1694 2551 1734 ne
2593 1675 2722 1733 cla-

458 1780 655 1821 mores
675 1768 1068 1835 memoraret,
1115 1758 1263 1819 nilul
1287 1778 1423 1816 eum
1466 1758 1770 1817 deterrere
1799 1760 2020 1838 potuit.
2105 1760 2256 1818 Nam
2280 1761 2348 1818 in
2377 1761 2722 1821 Iaaocoonte

458 1867 573 1907 nec
613 1845 814 1906 herois
856 1854 967 1904 ant
1006 1845 1204 1927 magni
1253 1845 1369 1905 viri
1421 1844 1724 1904 fortitudo
1772 1857 1835 1903 et
1878 1847 2246 1923 constantia,
2306 1864 2420 1905 nec
2458 1846 2721 1906 Romani

459 1932 718 2013 pectoris
761 1930 1129 2009 gladiatoriis
1167 1931 1522 2011 spectaculis
1559 1930 1788 1992 efferati
1823 1932 2168 1993 immanitas
2217 1933 2465 1992 omnino
2522 1933 2720 1992 ullum

460 2018 683 2078 habere
740 2025 941 2097 potest
995 2017 1214 2076 locum.
1314 2016 1630 2095 Agendum
1673 2025 1806 2076 erat
1848 2026 2063 2097 poetae
2103 2018 2377 2098 inprimis
2413 2017 2569 2095 hoc,
2650 2027 2721 2078 ut

460 2113 814 2186 portentum
867 2105 1116 2162 terroris
1172 2112 1241 2178 et
1287 2102 1439 2164 horr
1440 2103 1562 2162 oris
1599 2103 1848 2182 plenum
1884 2102 2236 2179 oflerretur,
2305 2125 2426 2182 quo
2471 2104 2722 2164 Troiani

461 2189 863 2269 obstupefacti
889 2190 1285 2268 suspicionem
1316 2188 1551 2248 fraudis
1597 2187 1799 2248 animo
1842 2188 2216 2250 dimitterent
2257 2198 2319 2250 et
2357 2191 2603 2269 Equum
2657 2192 2724 2250 in

465 2276 676 2336 urbem
701 2276 1052 2354 reciperent.
1139 2275 1207 2334 In
1237 2274 1343 2333 teli
1382 2275 1630 2334 oonsilio
1672 2276 1957 2334 clamoris
1996 2277 2156 2336 ratio
2208 2274 2417 2336 haberi
2463 2298 2498 2335 a
2537 2287 2722 2357 poeta

462 2371 704 2443 poterat
730 2359 1026 2420 hactenus
1040 2404 1058 2437 ,
1101 2360 1266 2439 quod
1295 2361 1373 2420 ad
1401 2367 1702 2420 terrorem
1741 2360 2080 2439 augendum
2114 2362 2402 2422 clamores
2426 2363 2721 2442 ingentes,

464 2468 617 2528 quos
644 2447 776 2507 tolli
806 2447 1047 2523 audias,
1090 2448 1286 2506 facere
1331 2455 1585 2527 possunt
1624 2455 1688 2505 et
1728 2446 1872 2526 ipsi,
1922 2448 1989 2506 in
2027 2457 2152 2507 tam
2190 2448 2380 2509 atroci
2421 2468 2604 2524 oesu,
2656 2449 2722 2507 in

464 2555 586 2613 quo
616 2544 872 2594 naturae
896 2534 1189 2614 impulsus
1210 2533 1301 2593 ita
1330 2535 1482 2608 sert,
1526 2543 1599 2593 ut
1627 2532 1952 2593 clamorem
1989 2536 2180 2598 tollas.
2268 2536 2473 2614 Neque
2512 2555 2586 2593 ea
2625 2555 2721 2595 res

464 2621 776 2680 fastidium
836 2628 944 2680 eut
997 2618 1521 2701 reprehensionem
1559 2617 1783 2677 habere
1824 2629 2041 2699 potest.
2125 2621 2448 2681 Enimvero
2491 2620 2722 2681 doloris

466 2707 611 2768 victi
625 2752 642 2783 ‚
689 2715 1054 2785 questusque
1081 2706 1455 2787 repressievel
1477 2704 1794 2785 temperati
1808 2748 1827 2782 ‚
1871 2706 2003 2765 laus
2027 2707 2270 2767 omnino
2300 2707 2507 2767 suisset
2529 2708 2723 2768 nulla.

465 2794 600 2854 Non
634 2793 794 2852 enim
823 2793 899 2851 de
922 2812 1121 2872 pugna
1153 2793 1521 2870 vulnereque
1552 2799 1799 2870 accepto
1835 2791 2047 2870 agitur.
2132 2791 2293 2852 Nihil
2331 2791 2431 2852 hic
2472 2792 2550 2852 de
2591 2794 2723 2853 vir-

348 2874 355 2881 *
463 2890 601 2940 tute
624 2879 905 2956 militari,
952 2876 1111 2938 nihil
1153 2879 1229 2938 de
1263 2877 1625 2938 fortitudine
1663 2876 1964 2956 sapientis.
2049 2879 2464 2938 Constantium
2503 2899 2577 2938 ac
2619 2889 2722 2938 to-

465 2966 782 3026 lerantiam
811 2965 874 3024 in
900 2965 1172 3045 prodigio
1196 2964 1438 3042 eiusque
1484 2961 1743 3023 horrore
1778 2963 2142 3025 declarando
2184 2984 2361 3025 nemo
2398 2965 2723 3026 desides-at.

467 3051 661 3111 Aliter
684 3071 781 3110 res
809 3070 872 3109 se
895 3048 1147 3109 heberet
1181 3050 1248 3109 in
1291 3051 1627 3109 Laocoonte
1671 3049 1737 3108 in
1786 3069 2025 3109 scenam
2068 3053 2372 3130 producto
2391 3097 2408 3126 ‚
2473 3052 2726 3130 quando

466 3140 664 3198 'mores
689 3138 819 3195 eius
844 3136 1021 3194 simul
1046 3144 1191 3195 sunt
1228 3135 1626 3214 exprimendi.
1716 3134 1989 3214 Virgilius
2029 3156 2177 3197 vero
2228 3140 2424 3198 omnia
2471 3140 2550 3198 ad
2592 3149 2724 3198 ter-

466 3242 667 3283 rorem
702 3221 911 3281 efl'erre
944 3230 1006 3280 et
1048 3220 1260 3280 debuit
1299 3229 1362 3280 et
1406 3221 1625 3281 voluit.
1726 3222 1997 3298 Scilicet,
2051 3225 2217 3302 quod
2260 3224 2381 3285 iam
2427 3225 2548 3284 alio
2588 3225 2723 3283 loeo

470 3305 819 3388 (Amiquar.
865 3306 1358 3384 Ahlzandlungen
1410 3307 1464 3366 11
1506 3310 1594 3366 St.
1633 3303 1753 3387 pr.)
1819 3327 1855 3364 a
1907 3327 2002 3367 me
2053 3310 2347 3371 monitum
2394 3322 2522 3386 est,
2583 3330 2724 3370 cum

466 3394 662 3452 multa
703 3392 1004 3453 subtiliter
1047 3401 1109 3451 et
1144 3401 1318 3452 acute
1360 3411 1543 3472 super
1579 3394 1919 3453 Laocoonte
1962 3394 2266 3476 disputate
2304 3399 2425 3458 sint
2443 3443 2461 3474 ,
2525 3397 2726 3477 inpri-

468 3478 582 3538 mis
629 3498 811 3559 super
866 3479 1314 3559 comparatione
1368 3479 1653 3538 carminis
1692 3487 1757 3539 et
1809 3480 2279 3561 symplegmatis‚
2335 3494 2484 3543 sunt
2520 3493 2727 3544 tamen

468 3565 755 3646 pleraque
796 3585 831 3623 a
866 3584 937 3625 re
982 3576 1044 3625 et
1085 3584 1120 3623 a
1161 3574 1339 3645 poeta
1381 3564 1597 3626 aliena.
1681 3564 1880 3624 Inanis
1938 3576 2072 3628 erat
2120 3568 2449 3649 disputatio
2512 3570 2727 3643 omnis,

468 3658 678 3712 utrum
718 3651 938 3711 artifex
976 3661 1246 3733 poetam,
1304 3671 1385 3711 an
1437 3649 1542 3710 hic
1574 3650 1862 3710 artificem
1879 3696 1898 3728 ,
1956 3662 2094 3713 onte
2149 3657 2355 3717 oculos
2409 3654 2730 3732 habuerit;

468 3746 656 3797 restet
712 3738 872 3797 enim
925 3739 1175 3799 tertium
1190 3782 1207 3814 ‚
1280 3736 1449 3817 quod
1497 3755 1712 3798 verum
1760 3746 1880 3814 est,
1936 3738 2215 3800 babuisse
2252 3752 2590 3821 utrumque
2628 3741 2728 3800 di-

469 3841 678 3883 versos
714 3834 992 3884 auctores
1029 3844 1184 3903 quos
1224 3831 1607 3902 sequeretur3
1674 3823 1858 3882 fuisse
1912 3844 2153 3905 quoque
2202 3830 2524 3906 utriusque
2580 3848 2730 3888 con-

471 3908 670 3969 silium
712 3909 887 3990 plane
936 3910 1272 3969 diversum:
1331 3909 1487 3969 alter
1525 3908 1686 3967 enim
1738 3908 1859 3968 hoc
1894 3911 2131 3972 efficere
2183 3913 2414 3988 voluit,
2490 3923 2565 3973 nt
2614 3914 2731 3971 mi-

470 3995 830 4055 serationem
879 4004 1152 4056 moveret
1167 4041 1184 4072 ,
1252 3995 1404 4054 alter
1456 4004 1659 4055 eutem
1674 4038 1692 4070 ,
1761 3993 1932 4055 Maro
1984 4007 2192 4058 noster
2205 4042 2224 4075 ,
2297 4009 2369 4059 ut
2416 4007 2730 4061 terrorem.

469 4080 636 4141 Haec
665 4082 716 4141 si
745 4081 1272 4156 animadverteris,
1312 4089 1390 4140 ut
1411 4099 1584 4162 saepe
1614 4080 1716 4159 fit,
1760 4099 1940 4143 omne
1965 4104 2218 4146 acumen
2246 4085 2545 4148 concidit:
2587 4087 2733 4147 red-

471 4166 519 4228 it
545 4187 643 4230 res
664 4166 745 4229 ad
781 4187 1076 4230 summam
1105 4166 1566 4249 simplieitatem.
