2882 5028
285 314 298 327 ⁴
411 374 502 443 10
995 363 1924 456 Dlsoolsl'rlo
2031 364 2067 437 1

405 551 548 629 cile
602 550 1153 650 unusquisque
1217 550 1581 626 carminis
1640 551 2033 651 interpres
2062 556 2161 647 *).
2271 546 2657 647 Voluptas

401 669 670 734 autem
710 653 934 728 aliter
962 678 1054 729 ex
1078 667 1378 750 nostr0‚
1435 654 1658 730 aliter
1684 680 1776 729 ex
1799 658 2356 732 Romanorum
2388 675 2653 745 sensu,

403 759 693 860 quibus
722 757 855 832 ille
886 757 1311 852 scribebat,
1371 771 1489 832 est
1524 757 2047 835 diiudicanda.
2149 759 2329 857 Ipse
2374 779 2654 830 rerum

399 876 889 938 narratarum
921 885 1165 936 nexus
1201 885 1383 936 cum
1409 849 1651 937 rebus
1678 862 2095 956 RomaniS‚
2151 859 2430 934 animis
2472 857 2654 958 qui-

401 965 592 1042 dem
633 965 1018 1040 revocatis
1059 965 1159 1040 ad
1206 990 1482 1040 earum
1520 967 1863 1063 origines
1910 978 1989 1041 et
2032 921 2134 1039 a’d
2170 964 2425 1060 gentis
2471 963 2651 1036 stir-

399 1095 578 1171 pes,
633 1068 871 1144 altera
904 1093 995 1142 ex
1022 1081 1246 1169 parte
1281 1068 1632 1145 subiecta
1674 1083 2082 1169 tamquam
2126 1064 2426 1141 fundus
2466 1089 2655 1139 nar-

399 1174 599 1250 ratio
662 1172 1123 1268 Homerica,
1214 1172 1337 1253 cui
1397 1187 1703 1272 partem
1765 1171 2128 1247 carminis
2179 1171 2297 1245 sui
2368 1193 2653 1269 super-

399 1289 773 1372 strueret,
829 1274 1071 1352 altera
1113 1300 1203 1350 ex
1246 1275 1708 1376 antiquitate
1741 1274 2009 1350 ltaliae
2042 1274 2321 1374 petita:
2381 1297 2535 1373 qua
2569 1284 2657 1346 et

399 1382 465 1456 is
509 1379 1081 1472 delectabatur,
1155 1380 1293 1479 qui
1342 1382 1678 1454 Graecas
1725 1378 2022 1454 litteras
2074 1376 2495 1472 didicerat,
2567 1389 2656 1450 et

399 1484 464 1559 is
501 1485 636 1585 qui
672 1483 951 1559 Italicis
983 1481 1437 1560 tenebatur:
1493 1482 1688 1557 haec
1718 1482 2023 1576 omnia,
2080 1494 2458 1582 quantam
2502 1503 2653 1553 vo-

397 1587 786 1688 luptatem
833 1583 1125 1663 afferre
1158 1586 1513 1662 Maronis
1549 1584 2065 1686 popularibus
2111 1597 2326 1660 certe
2358 1580 2652 1658 saeculi

399 1692 774 1788 Augustei
805 1688 1199 1773 debuere!

602 1798 769 1873 Vll.
826 1799 1110 1870 Rerum
1141 1792 1471 1895 quidem
1499 1798 2097 1867 inveniendarum
2134 1789 2456 1866 laudem
2477 1789 2655 1866 Vir-

397 1897 621 1995 gilius
665 1897 910 1973 habet
954 1896 1396 1973 admodum
1448 1896 1838 1971 diversam
1894 1894 1991 1969 ab
2040 1899 2441 1985 Homero,
2496 1917 2654 1967 nec

395 2015 666 2076 tamen
714 2001 1015 2077 nullam
1059 2004 1192 2076 aut
1243 1999 1939 2076 contemnendam.
2045 1998 2190 2073 Hic
2233 1997 2654 2072 materiam

395 2117 669 2181 nactus
714 2118 881 2180 erat
921 2116 1227 2179 tantum
1269 2128 1436 2185 non
1493 2102 1824 2194 rudem;
1893 2101 2024 2177 ille
2074 2103 2231 2177 iam
2291 2128 2333 2177 a
2378 2098 2655 2175 multis

394 2220 821 2286 tractatam.
943 2210 1347 2283 Homerus
1389 2203 1684 2281 famam
1742 2218 2186 2306 acceperat,
2272 2228 2476 2305 quae
2515 2227 2654 2281 res

395 2325 804 2411 tamquam
847 2336 1035 2387 vere
1081 2324 1335 2407 gestas
1381 2335 1565 2385 cum
1630 2308 1796 2385 fide
1845 2322 2231 2399 narraret3
2319 2307 2651 2383 easdem

390 2414 841 2491 multorum
896 2426 1320 2516 poetarum
1394 2413 1728 2511 ingeniis
1800 2427 2113 2487 ornatas
2168 2427 2247 2486 et
2302 2412 2653 2502 variatas,

393 2533 803 2617 tamquam
873 2518 1334 2613 materiem,
1410 2518 1494 2594 in
1570 2543 1724 2617 qua
1785 2516 1896 2592 illi
1955 2541 2040 2591 se
2112 2527 2653 2611 exercuerant,

393 2621 760 2720 Virgilius
792 2622 1088 2721 accipit,
1142 2644 1356 2696 novo
1387 2645 1620 2696 more
1649 2646 1735 2695 ac
1766 2620 2097 2695 consilio
2134 2617 2652 2716 tractandam,

395 2725 537 2801 alia
576 2738 850 2812 aetate,
906 2725 1116 2800 inter
1144 2722 1337 2799 alios
1376 2724 1775 2821 homines,
1827 2722 2417 2823 hominumque
2462 2746 2654 2796 sen-

392 2854 523 2905 sus
555 2841 635 2904 et
672 2828 956 2904 iudicia
986 2827 1310 2906 diversa.
1403 2828 1766 2905 Alterum
1797 2852 1981 2903 cum
2015 2851 2114 2901 eo
2158 2848 2651 2926 comparem,

395 2933 532 3032 qui
563 2957 795 3008 verae
832 2931 1206 3006 historiae
1244 2933 1845 3007 exornationem
1893 2930 2247 3029 suscipit,
2302 2929 2650 3004 alterum

395 3060 578 3111 cum
624 3034 976 3111 Milesiae
1024 3036 1491 3110 narrationis
1541 3045 1884 3112 auctore.
1994 3032 2308 3109 Scilicet
2348 3037 2650 3107 Home*-

392 3163 526 3214 rus
557 3138 638 3213 id
675 3138 986 3236 agebat,
1038 3151 1128 3213 ut
1163 3141 1701 3215 narrationem
1746 3138 2191 3214 institueret
2228 3137 2344 3212 rei
2376 3161 2468 3211 ex
2502 3160 2648 3211 sua

557 3449 614 3531 ¹‘')
659 3451 941 3532 Egregius
973 3460 1064 3510 est
1106 3449 1184 3510 ad
1228 3449 1411 3510 animi
1453 3452 1569 3512 mei
1610 3449 1961 3512 sententiam
2013 3447 2434 3510 declarandam
2476 3448 2648 3509 locus

385 3536 640 3595 Buconis
670 3536 744 3595 de
778 3558 971 3617 augm.
999 3535 1247 3596 Scientt.
1283 3536 1383 3596 lib.
1433 3538 1505 3613 11,
1549 3559 1601 3597 c.
1647 3541 1745 3613 13,
1789 3557 1848 3614 p.
1885 3538 1988 3599 80.
2031 3535 2185 3614 Opp.
2217 3534 2340 3593 Τ.Ι
2382 3554 2501 3593 non
2540 3555 2648 3594 re-

385 3619 849 3703 prehendendus
882 3623 1012 3697 ille,
1056 3622 1106 3681 si
1137 3622 1214 3680 ad
1237 3623 1464 3702 epicam
1493 3623 1700 3702 poesin
1743 3631 2096 3681 revocetur:
2161 3622 2351 3694 „Cum
2382 3621 2645 3679 ηιιιιιιίιιε

388 3707 682 3766 sensibilis
707 3712 785 3767 sit
811 3713 1024 3768 anima
1057 3709 1349 3767 rationali
1376 3710 1675 3787 dignitate
1704 3708 1970 3787 inferior,
2008 3706 2244 3765 videtur·
2262 3709 2463 3784 poesis
2489 3706 2646 3765 llaec

387 3791 697 3852 humanae
742 3807 996 3853 naturae
1042 3796 1263 3871 largiri
1278 3838 1294 3868 ,
1362 3816 1520 3874 quae
1564 3794 1813 3853 historia
1854 3794 2152 3869 denegat,
2216 3803 2396 3871 atque
2435 3795 2644 3850 animo

386 3876 610 3936 umbris
633 3901 828 3938 mmm
871 3893 1167 3958 utcunque
1208 3885 1358 3937 satis
1382 3880 1604 3958 facere
1618 3925 1636 3955 ,
1683 3900 1824 3937 cum
1868 3879 2068 3938 solida
2099 3875 2308 3935 haben·
2340 3898 2461 3936 non
2486 3899 2643 3955 pos-

386 3966 529 4022 sint.
622 3965 693 4022 Si
719 3969 853 4044 quis
893 3967 1053 4024 enim
1082 3986 1207 4023 rem
1235 3969 1474 4024 acutius
1496 3967 1909 4042 introspiciat,
1953 3964 2212 4037 sumum
2235 3984 2312 4020 ex
2333 3966 2510 4040 poesi
2531 3985 2642 4022 sw-

384 4052 569 4108 maur
591 4063 1051 4128 argumentum,
1098 4053 1581 4128 magnitudinem
1624 4071 1814 4108 rerum
1846 4051 2051 4126 magis
2092 4048 2381 4107 ιἸΙιι-ςιηηι
2398 4091 2417 4122 ,
2474 4048 2641 4107 ordi-

382 4155 519 4192 nem
544 4137 750 4213 magis
768 4135 1142 4214 perficium,
1188 4148 1243 4193 et
1272 4140 1623 4195 varietatem
1649 4138 1854 4235 magis
1874 4135 2194 4214 pulcram,
2250 4137 2496 4192 animae
2519 4134 2642 4192 hn-

382 4240 604 4278 manae
642 4224 1047 4299 complacere,
1122 4243 1308 4299 quam
1358 4225 1424 4280 in
1467 4234 1687 4279 natura
1735 4223 1874 4298 ipsa
1914 4231 2055 4298 pose
2099 4220 2344 4296 lapsum
2392 4223 2643 4298 reperire

377 4309 591 4381 poa-sit.
694 4308 1074 4387 Quapropter
1110 4311 1264 4368 etc.“
1353 4308 1576 4387 Dignus
1612 4306 1768 4366 enim
1807 4313 1972 4364 totus
2012 4305 2182 4366 locus
2217 4312 2308 4363 est
2353 4305 2454 4383 qui
2495 4324 2641 4386 per-

383 4390 633 4469 legatur.
