2882 5028
468 303 1083 381 AENEIDOS
1134 305 1352 383 LIB.
1406 307 1537 401 Vl,
1586 310 2022 386 648—659
2231 315 2382 390 953

149 495 734 590 Armorumque
766 487 916 566 fuit
943 489 1171 587 vivis,

149 598 472 670 Pascere
565 618 818 696 equos
843 654 865 692 ,

1231 515 1431 592 quae
1465 516 1646 567 cura
1681 492 2001 569 nitentis

984 593 1268 671 eadem
1345 595 1705 696 sequitur
1772 595 2057 674 tellure
2143 623 2387 700 repo-

1296 721 1331 770 s
1464 760 1480 776 .

150 799 568 900 Conspicit,
615 823 822 894 ecce,
882 798 1074 875 alios
1123 713 1798 901 dextrtaolsaevaque
1840 826 1989 901 per
2030 708 2387 902 hethi&

147 903 590 997 Vescenti8‚
645 900 1106 1004 laetumque
1141 903 1392 979 choro
1428 909 1735 981 Paeana
1768 909 2141 1006 canentis,

146 1008 363 1084 Inter
398 1004 831 1084 odoratum
875 1005 1070 1082 lauri
1103 1031 1425 1085 nemus:
1476 1008 1697 1083 unde
1731 1032 2080 1108 superne

146 1109 543 1186 Plurimus
571 1108 891 1186 Eridani
927 1134 1076 1211 per
1101 1110 1375 1187 silvam
1414 1110 1759 1187 volvitur
1799 1114 2069 1191 amnis,

145 1350 390 1405 Priscian.
423 1353 534 1416 vn,
573 1353 656 1416 18,
697 1355 804 1418 90„
851 1369 1157 1422 quamquam
1200 1353 1386 1406 horum
1425 1352 1726 1406 testimonio
1767 1352 1900 1404 nihil
1940 1352 2245 1419 conficitur,
2288 1353 2393 1405 uisi

145 1423 226 1473 ita
269 1421 366 1473 iam
398 1421 492 1472 illo
533 1432 772 1490 tempore
795 1422 958 1474 fuisse
987 1423 1193 1475 lectum.
1263 1423 1475 1476 Retinui
1514 1433 1688 1474 tamen
1716 1441 2004 1489 curruum,
2053 1441 2206 1492 quum
2233 1422 2391 1474 facil-

150 1492 278 1543 lime
308 1491 467 1542 altera
500 1510 535 1541 u
565 1491 738 1542 obteri
771 1491 1034 1560 potuerit3
1078 1492 1236 1544 modo
1264 1510 1330 1544 ne
1359 1504 1574 1555 statuas,
1619 1494 1766 1561 quod
1806 1492 1966 1544 statui
2000 1510 2156 1561 posse
2184 1492 2392 1545 videtur

144 1560 412 1614 Prisciano
455 1560 494 1612 l.
535 1559 593 1627 l.‚
641 1555 717 1611 ita
758 1561 896 1613 effici
933 1578 1137 1614 versum
1174 1562 1595 1631 hypermetrum3
1646 1562 1749 1613 vid.
1778 1563 1846 1614 V.
1872 1562 1934 1614 L.
1978 1563 2048 1613 ad
2074 1564 2170 1614 Ge.
2207 1564 2390 1624 11,-69.

159 1632 307 1697 Wr.)
409 1626 513 1685 654
541 1648 681 1698 quae
707 1647 906 1682 caussa
943 1631 1105 1682 Goth.
1137 1649 1257 1690 sec..
1304 1632 1455 1701 lapsu
1485 1642 1541 1683 et
1573 1630 1701 1682 alibi
1741 1631 1917 1683 obvio.
1989 1633 2202 1683 ruentis
2230 1631 2392 1683 Goth.

148 1710 298 1763 tert„
336 1709 553 1753 temere.
691 1701 795 1754 656
833 1704 887 1750 0.
915 1713 1049 1752 ante
1074 1700 1215 1752 alios
1245 1702 1380 1753 Gud.
1407 1718 1508 1769 pro
1546 1701 1652 1752 div.
1679 1700 1804 1751 lect.
1866 1720 1973 1771 per
2015 1701 2215 1751 herbas
2256 1701 2391 1752 Gud.

150 1780 210 1821 et
248 1768 500 1820 Montalb.
640 1769 742 1824 657
785 1771 1093 1834 Vesanus,
1126 1771 1416 1838 epulantes.
1491 1773 1652 1821 Usum
1681 1770 1824 1820 vocis
1847 1786 1953 1821 non
1979 1786 2041 1820 ex
2069 1769 2227 1838 plebe
2259 1787 2390 1834 esse,

151 1837 355 1890 videbis
384 1838 522 1889 infra
548 1838 689 1900 vm,
729 1840 847 1891 182.
877 1839 928 1892 3.
964 1838 1055 1890 ubi
1084 1839 1150 1890 de
1175 1856 1346 1892 sacro.
1395 1838 1697 1891 Wakefield
1730 1839 1966 1907 reposuit
2007 1856 2036 1889 e
2078 1840 2214 1890 coni.
2249 1842 2393 1892 Ver-

148 1910 319 1961 tenu's
342 1917 488 1977 puto,
523 1923 621 1977 pro
647 1907 919 1962 saltantes.
990 1908 1093 1961 vix
1122 1919 1279 1960 eruut
1300 1908 1466 1973 multi,
1510 1909 1601 1979 qui
1627 1909 1877 1976 probent,
1919 1924 2026 1959 non
2052 1907 2215 1976 magis
2243 1926 2394 1977 quam

145 2098 433 2159 servavit.
517 2098 815 2162 Describit
860 2113 1058 2162 autem
1105 2101 1229 2161 otia

145 2185 473 2244 castrensia
490 2206 617 2247 v.c.
647 2186 811 2247 Iliad.
840 2213 894 2270 y,
928 2190 1068 2254 135.
1102 2188 1229 2247 He-

141 2270 356 2333 roibus
394 2271 723 2333 Homericis
768 2293 976 2353 magna
1018 2274 1229 2354 gratia,

145 2357 422 2435 adeoque
500 2378 670 2418 amor
699 2403 719 2436 ,
817 2370 908 2419 est
986 2360 1229 2420 militiae

144 2442 397 2503 curulis.
504 2444 599 2504 Ad
664 2445 966 2504 meliorem
1036 2446 1231 2505 nostri

143 2529 290 2591 aevi
340 2528 778 2611 philosophiam
829 2532 1009 2612 Elysii
1055 2532 1237 2591 volu-

141 2624 349 2700 ptates
373 2618 853 2677 accommodatae
870 2618 1088 2677 suntin
1116 2619 1166 2675 T
1168 2637 1237 2675 e-

139 2700 425 2764 lemacho
447 2703 547 2763 lib.
579 2704 743 2762 xlx.
792 2704 1010 2781 procul
1046 2705 1236 2761 mim-

141 2803 286 2863 tur,
332 2809 445 2868 pro
476 2789 789 2868 conspicit:
833 2794 1074 2869 θηεῖται
1101 2788 1237 2847 Ho-

138 2894 465 2936 mericum.
551 2897 753 2934 currus
782 2877 991 2933 hzanes
1010 2917 1029 2949 ,
1091 2874 1239 2932 sim-

136 2960 295 3044 plic.
324 2960 606 3038 quoniam
644 2960 888 3019 adstant
912 2959 1088 3019 vacui
1123 2959 1241 3018 do-

137 3044 352 3107 minis.
439 3045 556 3105 Vix
596 3046 751 3105 enim
798 3046 997 3126 potuit
1039 3046 1243 3105 decla-

142 3149 300 3194 rare
327 3132 635 3191 levitatem
663 3132 1013 3191 umbrarum
1030 3177 1047 3208 ,
1092 3149 1244 3210 quae

135 3219 224 3279 iis
247 3216 556 3278 insistunt.
613 3216 844 3299 (Friget
876 3217 1023 3277 haec
1050 3217 1247 3277 inter-

134 3303 453 3387 pretati05
539 3307 750 3363 inanes
811 3304 1100 3363 dicuntur
1149 3301 1248 3361 isti

136 3408 380 3450 currus
418 3390 533 3466 ita,
617 3398 690 3448 ut
736 3389 1020 3469 pleraque
1084 3387 1246 3468 apud

132 3476 421 3550 inferos,
502 3475 753 3554 speciem
802 3495 1005 3535 rerum
1063 3474 1247 3553 magis

131 3579 307 3650 prae
366 3579 428 3619 se
478 3561 766 3636 ferentia,
838 3582 1018 3640 quam
1074 3580 1247 3620 veras

132 3666 252 3710 res
292 3647 836 3725 repraesentantia;
865 3657 935 3706 ut
962 3648 1122 3726 ipsae
1146 3646 1248 3705 in-

130 3737 431 3795 ferorum
477 3733 727 3792 umbrae
768 3754 892 3793 non
927 3741 1069 3793 sunt
1108 3752 1248 3791 cor-

131 3838 350 3903 pora,
418 3819 524 3877 sed
572 3820 863 3898 quaedam
925 3837 1246 3899 corporum

133 3905 402 3969 εἴδωλα.
452 3904 629 3987 Wr.)
713 3908 921 3982 gratia
954 3924 1116 3964 nunc
1159 3913 1249 3963 est

133 3990 516 4066 delectatio,
560 3991 861 4072 voluptas,
907 4000 968 4050 et
998 3992 1245 4072 proprio

125 4098 294 4138 voc.
334 4076 623 4136 studium.
718 4079 922 4136 tellure
963 4089 1243 4153 repostos,

124 4174 219 4226 ut
256 4162 443 4239 alibi,
488 4162 748 4236 conditi,
793 4163 1035 4222 mortui.

234 4248 612 4314 656—659.
655 4249 788 4308 Hoc
811 4269 948 4309 cum
979 4246 1249 4307 Axiocho

121 4340 187 4405 l,
212 4355 277 4395 c.
331 4335 823 4416 comparandum.
918 4337 1247 4410 Vernalis,

1313 2101 1447 2181 quis
1494 2099 1613 2160 hoc
1647 2108 1823 2181 putet
1866 2098 2007 2158 satis
2061 2098 2237 2179 digne
2273 2098 2394 2160 dici

1312 2207 1485 2269 posse
1533 2207 1679 2267 pro,
1751 2185 1957 2265 epulas
2001 2186 2396 2245 celebrantes!

1316 2271 1467 2355 (vid.
1496 2274 1567 2332 V.
1591 2274 1656 2333 L.
1696 2269 1874 2352 Wr.)
1930 2270 2110 2329 iidem
2142 2264 2394 2335 ἀείδον-

1313 2382 1409 2433 τες
1445 2357 1762 2439 Παιήονα,
1806 2356 2086 2432 omnino,
2130 2378 2393 2433 carmen,

1315 2454 1388 2504 ut
1417 2443 1583 2503 Iliad.
1613 2467 1667 2524 χ,
1715 2446 1834 2507 891
1871 2442 2123 2519 Achivi,
2168 2453 2228 2501 et
2259 2443 2399 2523 qui-

1321 2531 1456 2590 dem
1481 2530 1546 2589 in
1570 2538 1741 2608 grato
1768 2547 2030 2604 nemore,
2074 2548 2182 2607 per
2214 2528 2399 2607 quod,

1322 2626 1393 2676 ut
1448 2615 1772 2674 amoenitas
1829 2614 1947 2672 loci
1986 2614 2177 2674 maior
2227 2622 2399 2689 esset,

1323 2699 1632 2760 descendit
1705 2699 1915 2758 amnis.
2013 2699 2233 2757 Amnes
2288 2700 2400 2758 sub

1320 2797 1486 2848 terra
1520 2786 1665 2846 ferri
1702 2784 1962 2843 vidimus
1981 2785 2101 2843 iam
2127 2785 2231 2845 Ge.
2256 2788 2401 2849 366.

1322 2877 1466 2937 867.
1523 2870 1863 2930 Eridanum
1880 2878 2077 2929 autem
2106 2864 2270 2949 quod
2285 2891 2403 2950 po-

1320 2958 1617 3017 tissimum
1662 2955 1951 3035 appellat,
1996 2956 2264 3036 suspicor
2308 2957 2403 3015 sa-

1323 3044 1482 3103 bulis
1521 3052 1869 3124 poetarum,
1910 3043 2013 3119 qui
2037 3041 2405 3121 Argonauti-

1327 3150 1394 3188 ca
1422 3132 1808 3209 scripserunt,
1853 3126 2076 3203 deberi,
2120 3148 2151 3186 a
2186 3127 2405 3206 quibus

1327 3216 1504 3296 plura
1546 3214 1836 3274 videntur
1863 3212 2129 3273 fabulose
2158 3213 2234 3272 de
2268 3214 2406 3274 Eri-

1332 3302 1494 3360 dano
1535 3299 1762 3359 tradita
1813 3317 1969 3376 esse,
2025 3300 2182 3358 sorte
2227 3299 2407 3358 etiam

1330 3386 1468 3461 hoc,
1499 3385 1661 3465 quod
1693 3384 1772 3444 ad
1801 3386 1932 3444 loca
1965 3385 2065 3444 ille
2080 3386 2269 3446 infera
2298 3386 2408 3445 de-

1329 3474 1542 3533 fertur.
1609 3474 1682 3531 cs.
1712 3471 1986 3550 Apollon.
2022 3471 2118 3547 lv,
2164 3476 2289 3537 627
2320 3492 2409 3551 sq.

1329 3560 1480 3619 Nam
1496 3557 1633 3633 hoc,
1668 3557 1831 3635 quod
1852 3556 1930 3616 ad
1957 3557 2216 3618 inferum
2246 3576 2411 3618 mare

1331 3645 1563 3720 tendit,
1607 3652 1742 3719 aut,
1801 3642 1961 3721 quod
2008 3664 2130 3703 non
2163 3644 2335 3722 longe
2375 3662 2411 3701 a

1331 3730 1602 3790 fontibus
1645 3729 1766 3789 suis
1815 3729 2158 3789 cuniculum
2203 3729 2411 3789 subter

1332 3827 1561 3876 terram
1617 3834 1724 3895 per
1798 3815 1919 3875 duo
1973 3816 2152 3876 millia
2221 3814 2412 3892 subit3

1331 3913 1572 3984 poetam
1604 3902 1902 3962 adducere
1927 3903 2031 3962 vix
2059 3901 2290 3982 potuit,
2339 3909 2414 3959 ut

1334 3988 1414 4047 ad
1449 3988 1674 4047 inferos
1728 4006 1864 4048 eum
1905 3988 2207 4067 relegaret.
2294 3984 2414 4045 Sed

1333 4083 1423 4133 est
1496 4076 1545 4133 is
1578 4073 1900 4133 «fabulosus
1965 4071 2413 4151 antiquissimo-

1333 4181 1472 4221 rum
1501 4159 1851 4239 mython-um
1880 4162 2086 4236 amnis,
2133 4177 2308 4237 quem
2336 4156 2416 4217 ad

1333 4247 1754 4327 geographicas
1792 4246 2051 4305 rationes
2084 4252 2277 4305 certas
2312 4263 2417 4303 re-

1336 4353 1557 4393 vocare
1618 4353 1739 4392 non
1778 4331 1960 4411 magis
2001 4329 2169 4408 licet,
2239 4350 2451 4410 quam,
