2882 5028
511 327 666 399 330
992 316 1658 393 .P.V1RG1L11
1707 317 2261 393 MARONIS

508 505 723 583 Bella
747 502 1018 579 forent
1035 561 1056 600 ‚
1112 501 1304 579 nulli
1340 516 1505 577 tota
1529 516 2042 579 morerentur
2076 503 2157 577 in
2188 502 2407 599 urbe,

512 611 642 687 Sic
716 613 1057 686 Martem
1134 606 1621 716 indomitum
1650 668 1672 706 ,
1778 611 2254 710 Danaosque
2356 604 2450 680 ad
2539 615 2705 786 tqqtg

1681 712 1984 786 ruentis

509 816 975 911 Cernimus,
1031 814 1613 914 obsessumque
1657 827 1824 891 acta
1847 814 2249 891 testudine
2278 812 2535 890 limen.

505 923 857 995 Haerent
886 918 1315 1020 parietibus
1349 918 1604 994 scalae
1623 978 1646 1015 ‚
1698 930 2133 1021 postesque
2162 915 2309 993 sub
2341 917 2543 1017 ipsos

504 1024 885 1101 Nituntur
910 1021 1319 1120 gradibuS,
1375 1021 1841 1124 clipeosque
1874 1022 1976 1097 ad
2008 1021 2165 1098 tela
2192 1018 2509 1097 sinistris

503 1127 852 1204 Protecti
889 1126 1307 1222 obiiciunt,
1359 1140 1739 1226 prensant
1765 1124 2068 1224 fastigia
2102 1124 2406 1202 dextris,

643 1299 749 1357 440
782 1303 891 1354 Hic
917 1303 997 1353 M.
1029 1310 1139 1352 tres
1160 1300 1342 1352 Heius.
1369 1316 1485 1350 eum
1510 1299 1710 1352 zulich.
1756 1318 1788 1351 a
1816 1318 1883 1351 m.
1929 1316 2035 1351 sec.
2106 1299 2274 1363 Male,
2304 1308 2449 1368 puto.
2507 1296 2574 1348 ad
2594 1292 2706 1345 bella

501 1372 627 1425 Exc.
678 1371 926 1422 Coi-tiana
965 1371 1123 1422 Saxii.
1194 1390 1300 1440 que
1348 1386 1457 1420 non
1505 1369 1643 1421 male
1704 1370 1858 1421 abest
1914 1387 1947 1421 a
2002 1368 2164 1421 Goth.
2222 1379 2345 1420 tert.
2479 1367 2568 1420 441
2614 1363 2705 1414 alta

500 1441 789 1507 Hamburg.
831 1458 914 1509 pr.
961 1440 1137 1507 Bigot.
1179 1450 1235 1491 et
1272 1438 1476 1492 zulich.
1547 1438 1851 1490 Parrhasius
1887 1438 1943 1488 in
1990 1456 2150 1506 marg.
2187 1438 2476 1507 scripserat
2503 1448 2614 1489 aera
2645 1431 2703 1497 (f.

502 1528 602 1580 pro
633 1522 793 1574 arta,
830 1518 891 1559 ut
919 1508 974 1560 in
1004 1508 1134 1562 Silio
1166 1526 1288 1560 mox
1330 1509 1609 1560 laudando·
1635 1508 1874 1560 nonnulli
1910 1507 2147 1575 legunt),
2194 1524 2494 1576 perpet-auu
2539 1503 2704 1581 aed-et,

502 1593 632 1631 aeta
659 1578 1016 1649 superscripto
1034 1617 1051 1644 ‚
1087 1592 1217 1632 atra
1245 1579 1429 1646 fragm.
1457 1579 1629 1630 Vatic.
1706 1578 1948 1629 Testudo
1970 1579 2189 1647 proprie
2220 1597 2255 1628 a
2296 1581 2318 1628 i
2342 1576 2550 1639 dicitnr,
2581 1581 2703 1623 etum

500 1666 615 1701 cum
641 1661 906 1700 scutorum
929 1661 1026 1701 est.
1097 1649 1293 1700 Eadem
1317 1648 1542 1700 varietas
1570 1665 1656 1715 ap.
1688 1647 1869 1699 Silium
1902 1649 1943 1713 1,
1971 1649 2074 1703 365
2145 1664 2246 1699 con
2290 1648 2438 1698 ensis
2476 1657 2614 1695 actae
2636 1652 2703 1689 te-

500 1720 749 1771 studinis*
768 1720 955 1770 armis.
1023 1718 1260 1786 (—442.
1288 1720 1522 1789 poeti-sq.
1556 1716 1774 1780 Medic.;
1814 1716 1921 1768 vid.
1954 1716 2233 1769 Wunderl.
2265 1716 2490 1767 Praefat.
2529 1731 2574 1780 1».
2611 1708 2703 1759 XII·

508 1789 653 1856 Wr.)
793 1787 899 1842 448
933 1806 999 1840 ac
1026 1789 1142 1840 tela
1163 1787 1305 1839 Med.
1334 1787 1471 1838 Gud.
1499 1804 1612 1839 cum
1637 1786 1754 1838 aliis
1779 1786 1920 1856 apud
1950 1786 2133 1838 Heius.
2178 1797 2232 1837 et
2273 1786 2441 1845 Pici-,3
2486 1783 2541 1834 it.
2574 1776 2703 1831 Goth·

497 1875 613 1927 pr.,
668 1857 810 1924 quod
838 1874 1054 1926 pravum
1084 1866 1184 1908 est.
1253 1855 1425 1908 Etiam
1467 1856 1521 1908 in
1571 1856 1831 1909 Serviauis
1877 1856 2107 1907 occurrit
2146 1872 2262 1908 cum
2304 1855 2468 1907 altera
2500 1850 2704 1902 lectione.

499 1927 581 1979 ad
618 1937 769 1992 tecta
807 1927 1048 1979 nonnulli
1084 1925 1311 1977 Pieriani
1327 1965 1344 1986 .
1394 1944 1507 1978 cum
1551 1927 1738 1994 fragm.
1783 1926 1956 1978 Vatic.
2007 1924 2368 1993 superscripto
2419 1935 2567 1974 tecta.
2625 1933 2704 1995 9³5

497 1994 653 2046 abest
677 2004 803 2062 post
827 1996 1032 2066 clipeos
1067 1995 1123 2046 in
1163 2005 1285 2047 tert.
1326 1996 1518 2048 Moret.
1589 1996 1884 2066 clipeisque
1926 1996 2162 2063 Hagen.;
2220 1995 2360 2046 unde
2396 1991 2563 2043 Heius.
2598 2001 2702 2039 com·

498 2064 792 2134 clipeisque
820 2065 895 2116 ad
920 2066 1035 2116 tela
1060 2067 1321 2117 sinistras
1342 2068 1408 2117 P.
1435 2084 1484 2118 ο.
1622 2062 1729 2119 444
1757 2077 2024 2136 pressant
2062 2064 2166 2115 duo
2182 2103 2196 2127 ,
2246 2074 2305 2115 et
2337 2072 2570 2134 pensant
2599 2056 2703 2108 alt&

497 2134 738 2202 Menag„
773 2133 930 2186 solita
955 2134 1303 2187 aberratione.
1374 2136 1587 2187 dextris
1599 2133 1653 2206 fi
1672 2147 1951 2207 prensant
1974 2143 2085 2185 tres
2113 2151 2200 2204 ap.
2231 2134 2406 2185 Burm.

496 2293 577 2353 ad
606 2292 828 2352 Priami
859 2292 1109 2354 domum
1134 2295 1320 2369 sacta,
1367 2293 1584 2357 domus
1665 2294 1900 2352 etudine
1948 2302 2264 2353 scutorum
2324 2290 2488 2350 haud
2536 2281 2704 2356 dubie;

495 2381 936 2459 expugnatione
993 2389 1056 2440 et
1114 2380 1337 2440 Priami
1381 2380 1582 2440 caede.
1656 2384 2085 2464 συνασπισμῷ.
2169 2378 2349 2438 nimis
2396 2378 2546 2436 enim
2591 2370 2704 2429 alifi·

498 2465 622 2524 Ceu
668 2467 842 2526 nulla
874 2469 1053 2545 prius
1109 2468 1377 2526 lamenta
1397 2512 1414 2540 ‚
1475 2489 1582 2527 nec
1663 2484 1776 2525 nae
1807 2467 2008 2526 serent
2038 2465 2114 2525 ab
2139 2465 2244 2524 illa
2280 2472 2472 2525 aetate
2512 2454 2703 2551 mach}-

492 2554 619 2610 ατη·
637 2555 1003 2611 Manassent
1027 2551 1241 2612 imbres
1254 2552 1484 2613 Statius
1505 2554 1581 2614 ΙΙΙ
1662 2571 1776 2611 nae
1806 2552 2067 2612 bellicae.
2152 2552 2537 2611 Praeiverant
2575 2551 2703 2637 auu·

494 2636 681 2697 Theb.
710 2642 853 2713 122,
886 2649 1170 2698 monente
1212 2640 1580 2700 Burmanno.
1660 2639 1900 2715 quiores
1934 2647 2144 2718 poetae
2174 2637 2403 2716 graeci,
2464 2643 2534 2694 ut
2566 2627 2704 2689 colb-

414 2730 425 2743 '
494 2721 702 2804 (Vides
752 2724 1052 2804 duplicem
1095 2746 1330 2806 pugnae
1368 2725 1585 2785 Troia-

491 2830 715 2869 norum
759 2810 969 2870 faciem
1011 2812 1077 2871 in
1124 2811 1230 2889 iis,
1287 2831 1441 2891 quae
1484 2832 1581 2869 se-

490 2905 764 2973 quuntur
777 2940 795 2972 ,
852 2896 1181 2958 exhibitam
1197 2943 1215 2975 ,
1283 2918 1425 2958 cum
1481 2898 1583 2956 alii

488 2981 569 3040 ad
601 2983 838 3041 culmen
862 2983 1101 3043 aedium
1133 2992 1195 3042 et
1218 2984 1441 3043 turrim
1468 2983 1580 3043 de-

489 3065 853 3126 fendendam
868 3112 885 3143 ,
911 3089 1051 3148 pars
1079 3068 1159 3128 ad
1183 3068 1342 3128 fores
1366 3078 1582 3129 tutan-

491 3151 601 3210 das
640 3152 800 3212 vires
842 3161 906 3211 et
952 3153 1200 3213 consilia
1238 3156 1578 3214 convertis-

488 3245 642 3296 sent.
700 3258 703 3261 ·
753 3237 954 3298 Altera
1036 3257 1236 3317 pugna
1328 3237 1455 3306 458
1493 3273 1578 3287 -

483 3321 665 3399 468.,
709 3322 895 3383 altera
925 3321 1310 3390 479—495.
1348 3324 1576 3385 deseri-

486 3417 609 3489 pta.
664 3410 771 3469 W
760 3407 892 3491 ch.)
1007 3462 1013 3473 .

571 3491 717 3557 441.
759 3494 945 3554 Haud
976 3494 1148 3555 facile
1185 3504 1276 3554 est
1316 3495 1574 3575 speciem

485 3578 758 3638 locorum
807 3581 1036 3660 assequi
1052 3625 1069 3657 ,
1114 3582 1351 3660 qualem
1393 3591 1574 3661 poeta

484 3664 652 3744 apud
707 3666 975 3727 animum
1054 3687 1232 3726 suum
1306 3668 1572 3729 finxerit.

477 3750 638 3809 Puta
679 3751 759 3811 ad
804 3753 1000 3832 ipsum
1058 3752 1299 3813 aedium
1352 3754 1568 3814 Priami

484 3835 719 3896 aditum
742 3838 955 3915 fuisse,
999 3858 1032 3896 e
1071 3859 1240 3898 more
1274 3848 1568 3914 veterum,

482 3924 691 3982 tun-im
720 3923 1029 4000 eductam,
1073 3945 1253 4002 quam
1286 3923 1413 3990 460
1451 3948 1568 3985 no-

481 4008 704 4084 minat,
747 4008 931 4088 inque
969 4029 1038 4069 ea
1075 4009 1261 4089 ipsam
1305 4021 1566 4092 portam,

481 4114 603 4173 qua
663 4095 1000 4155 intraretur
1060 4094 1303 4172 domus;
1378 4098 1567 4156 turris

480 4178 629 4239 haec
658 4192 1071 4262 oppugnatur,
1114 4190 1178 4241 et
1223 4203 1257 4241 a
1298 4182 1569 4242 Troianis

1664 2744 1767 2802 gas
1798 2744 1874 2783 ex
1901 2724 2136 2798 Quinto
2170 2724 2294 2784 Cal.
2320 2723 2425 2797 xl,
2449 2720 2567 2784 357
2589 2731 2704 2793 δίη»

1665 2810 1772 2870 ubi
1833 2811 2008 2870 simili
2060 2809 2245 2869 modo
2327 2810 2707 2889 oppugnantur

1664 2897 1902 2955 moenia
1944 2896 2157 2955 Troiae
2215 2894 2338 2975 (cf.
2395 2911 2535 2952 mox
2590 2884 2703 2950 448·

1663 2979 1840 3064 444).
1924 2982 2071 3042 Mox
2108 2982 2392 3055 haerent,
2449 2978 2512 3037 in
2542 2987 2703 3056 prou,

1663 3066 1943 3128 admotae
1972 3077 2134 3127 sunt.

1748 3151 1893 3220 442.
1937 3156 2262 3233 Postea-que
2289 3150 2401 3211 sub
2425 3152 2575 3226 ipsos
2596 3140 2705 3200 Νί-

1661 3252 1867 3298 umtur
1899 3238 2221 3319 gradibus.
2336 3238 2481 3297 Cum
2526 3225 2706 3320 8041οξ

1660 3334 2024 3385 memoratae
2058 3324 2211 3384 sint:
2249 3313 2596 3402 gmdusvix
2618 3307 2704 3367 ὼ

1659 3429 1784 3469 esse
1847 3419 2104 3492 possunt
2168 3429 2357 3488 quam
2417 3402 2708 3468 scalarum

1658 3515 1768 3576 per
1817 3517 1968 3575 quos
2015 3500 2290 3555 niumm·
2316 3540 2334 3569 ,
2408 3491 2704 3579 enimam-r»

1652 3595 1856 3660 postes
1880 3582 1990 3642 sub
2013 3584 2176 3660 ipsos
2195 3626 2213 3656 ,
2262 3576 2629 3660 simpliciter,
2654 3585 2704 3625 ¹³

1653 3668 1887 3729 foribus
1929 3668 2186 3727 aedium.
2283 3664 2568 3742 Postigia
2613 3671 2703 3735 ΡΝ

1653 3753 1785 3834 ipso
1841 3764 2004 3814 tecto
2054 3753 2218 3813 dicta
2275 3770 2406 3810 esse
2460 3746 2707 3840 pomam

1656 3849 1764 3899 aut
1785 3860 1898 3920 pro
1929 3839 2122 3901 turris
2147 3858 2382 3899 summa
2409 3844 2591 3916 parte.
2638 3835 2704 3884 ¹¹⁸

1653 3921 1927 4002 ἐπάλξεις
1970 3936 2044 3987 ut
2079 3944 2431 3997 murorum,
2482 3921 2563 3980 sic
2590 3925 2703 3975 tur·

1651 4012 1839 4089 rium,
1884 4022 2047 4074 sunt.
2134 4011 2357 4089 alioqui
2409 4013 2577 4067 erant
2613 3999 2703 4095 sq·

1651 4101 1842 4176 stigia
1879 4100 1942 4159 in
1995 4097 2234 4179 templis
2283 4106 2348 4155 et
2405 4089 2629 4175 palatiis
2653 4101 2704 4141 υἱ

1651 4184 1852 4243 fronte
1926 4185 2186 4245 aedium.
2285 4181 2500 4242 Voluit
2561 4178 2705 4257 ped!

472 4266 738 4348 >desuper
782 4276 1222 4349 propugnatur.
1317 4266 1566 4328 Aditum
1643 4272 1961 4332 cumulare
2036 4291 2163 4330 uno
2220 4270 2281 4332 in
2341 4267 2481 4327 loco
2535 4262 2707 4355 phut-5
2799 4286 2800 4293 ¹

478 4354 740 4434 appellat
766 4375 930 4415 nunc
978 4356 1182 4414 limen.

1274 4354 1436 4414 Aeta
1477 4367 1566 4415 le-
1649 4376 1885 4436 pugnae
1926 4358 2165 4438 species.
2255 4352 2539 4413 obicem
2579 4350 2710 4408 aaut·

2795 4513 2798 4598 l
