<?xml version="1.0" encoding="UTF-8"?>
<!DOCTYPE html PUBLIC "-//W3C//DTD XHTML 1.0 Transitional//EN"
    "http://www.w3.org/TR/xhtml1/DTD/xhtml1-transitional.dtd">
<html xmlns="http://www.w3.org/1999/xhtml" xml:lang="en" lang="en">
 <head>
  <title>
</title>
<meta http-equiv="Content-Type" content="text/html;charset=utf-8" />
  <meta name='ocr-system' content='tesseract 3.04.00' />
  <meta name='ocr-capabilities' content='ocr_page ocr_carea ocr_par ocr_line ocrx_word'/>
</head>
<body>
  <div class='ocr_page' id='page_1' title='image "./pvblivsvirgiliv00sillgoog/pvblivsvirgiliv00sillgoog_0405.png"; bbox 0 0 2882 5028; ppageno 0'>
   <div class='ocr_carea' id='block_1_1' title="bbox 485 315 2134 402">
    <p class='ocr_par' dir='ltr' id='par_1_1' title="bbox 485 315 2134 402">
     <span class='ocr_line' id='line_1_1' title="bbox 485 315 2134 402; baseline -0.007 0"><span class='ocrx_word' id='word_1_1' title='bbox 485 331 640 402; x_wconf 75' lang='lat'><strong>382</strong></span> <span class='ocrx_word' id='word_1_2' title='bbox 1070 315 2134 393; x_wconf 76' lang='lat' dir='ltr'>-EXCURSUSI</span> 
     </span>
    </p>
   </div>
   <div class='ocr_carea' id='block_1_2' title="bbox 414 507 2704 1963">
    <p class='ocr_par' dir='ltr' id='par_1_2' title="bbox 487 507 2700 663">
     <span class='ocr_line' id='line_1_2' title="bbox 487 507 2700 662; baseline -0.005 -85"><span class='ocrx_word' id='word_1_3' title='bbox 487 508 982 662; x_wconf 57' lang='grc' dir='ltr'><strong>οὲωυὶῃιτξίἑὼ</strong></span> <span class='ocrx_word' id='word_1_4' title='bbox 1025 509 1130 573; x_wconf 77' lang='lat' dir='ltr'><strong>illa</strong></span> <span class='ocrx_word' id='word_1_5' title='bbox 1185 507 1397 575; x_wconf 75' lang='lat' dir='ltr'><strong>baberi</strong></span> <span class='ocrx_word' id='word_1_6' title='bbox 1450 516 1682 589; x_wconf 79' lang='lat' dir='ltr'><strong>posset,</strong></span> <span class='ocrx_word' id='word_1_7' title='bbox 1736 507 2023 589; x_wconf 65' lang='lat' dir='ltr'><strong>mopiam·</strong></span> <span class='ocrx_word' id='word_1_8' title='bbox 2077 508 2266 590; x_wconf 68' lang='lat' dir='ltr'><strong>poms&#39;</strong></span> <span class='ocrx_word' id='word_1_9' title='bbox 2320 528 2401 576; x_wconf 66' lang='lat' dir='ltr'><strong>ax</strong></span> <span class='ocrx_word' id='word_1_10' title='bbox 2451 508 2622 571; x_wconf 78' lang='lat' dir='ltr'><strong>Cicer.</strong></span> <span class='ocrx_word' id='word_1_11' title='bbox 2657 508 2700 567; x_wconf 88' lang='lat' dir='ltr'>V</span> 
     </span>
     <span class='ocr_line' id='line_1_3' title="bbox 489 617 2362 663; baseline -0.002 0"><span class='ocrx_word' id='word_1_12' title='bbox 489 622 527 663; x_wconf 77' lang='lat' dir='ltr'><strong>a</strong></span> <span class='ocrx_word' id='word_1_13' title='bbox 686 620 744 661; x_wconf 78' lang='lat' dir='ltr'><strong>v.</strong></span> <span class='ocrx_word' id='word_1_14' title='bbox 2355 617 2362 624; x_wconf 83' lang='grc'><em>·</em></span> 
     </span>
    </p>

    <p class='ocr_par' dir='ltr' id='par_1_3' title="bbox 414 679 2704 1190">
     <span class='ocr_line' id='line_1_4' title="bbox 664 679 2702 760; baseline -0.003 -15"><span class='ocrx_word' id='word_1_15' title='bbox 664 687 816 745; x_wconf 89' lang='lat' dir='ltr'><strong>Cum</strong></span> <span class='ocrx_word' id='word_1_16' title='bbox 858 681 935 742; x_wconf 86' lang='lat' dir='ltr'><strong>ab</strong></span> <span class='ocrx_word' id='word_1_17' title='bbox 988 679 1085 742; x_wconf 85' lang='lat' dir='ltr'><strong>bis</strong></span> <span class='ocrx_word' id='word_1_18' title='bbox 1129 680 1555 760; x_wconf 85' lang='lat' dir='ltr'><strong>scriptoribus,</strong></span> <span class='ocrx_word' id='word_1_19' title='bbox 1610 681 1716 759; x_wconf 85' lang='lat' dir='ltr'><strong>qui</strong></span> <span class='ocrx_word' id='word_1_20' title='bbox 1770 697 1869 741; x_wconf 76' lang='lat' dir='ltr'><strong>res</strong></span> <span class='ocrx_word' id='word_1_21' title='bbox 1920 679 2019 741; x_wconf 80' lang='lat' dir='ltr'><strong>vel</strong></span> <span class='ocrx_word' id='word_1_22' title='bbox 2070 683 2391 742; x_wconf 82' lang='lat' dir='ltr'><strong>universae</strong></span> <span class='ocrx_word' id='word_1_23' title='bbox 2434 680 2702 754; x_wconf 80' lang='lat' dir='ltr'><strong>Graecias,</strong></span> 
     </span>
     <span class='ocr_line' id='line_1_5' title="bbox 490 765 2703 850; baseline -0.003 -17"><span class='ocrx_word' id='word_1_24' title='bbox 490 772 591 835; x_wconf 77' lang='lat' dir='ltr'><strong>vel</strong></span> <span class='ocrx_word' id='word_1_25' title='bbox 636 769 1006 850; x_wconf 85' lang='lat' dir='ltr'><strong>singularum</strong></span> <span class='ocrx_word' id='word_1_26' title='bbox 1062 765 1380 827; x_wconf 83' lang='lat' dir='ltr'><strong>civitatum</strong></span> <span class='ocrx_word' id='word_1_27' title='bbox 1437 767 1709 845; x_wconf 73' lang='lat' dir='ltr'><strong>certique</strong></span> <span class='ocrx_word' id='word_1_28' title='bbox 1749 767 2037 847; x_wconf 83' lang='lat' dir='ltr'><strong>temporis</strong></span> <span class='ocrx_word' id='word_1_29' title='bbox 2077 776 2480 848; x_wconf 79' lang='lat' dir='ltr'><strong>exponerent,</strong></span> <span class='ocrx_word' id='word_1_30' title='bbox 2531 777 2703 829; x_wconf 78' lang='lat' dir='ltr'><strong>tamen</strong></span> 
     </span>
     <span class='ocr_line' id='line_1_6' title="bbox 490 852 2703 936; baseline -0.004 -17"><span class='ocrx_word' id='word_1_31' title='bbox 490 857 823 919; x_wconf 80' lang='lat' dir='ltr'><strong>Troianum</strong></span> <span class='ocrx_word' id='word_1_32' title='bbox 865 853 1087 913; x_wconf 88' lang='lat' dir='ltr'><strong>bellum</strong></span> <span class='ocrx_word' id='word_1_33' title='bbox 1141 873 1268 913; x_wconf 89' lang='lat' dir='ltr'><strong>non</strong></span> <span class='ocrx_word' id='word_1_34' title='bbox 1320 852 1500 936; x_wconf 83' lang='lat' dir='ltr'><strong>plane</strong></span> <span class='ocrx_word' id='word_1_35' title='bbox 1554 857 2157 931; x_wconf 81' lang='lat' dir='ltr'><strong>praetermitteretur:</strong></span> <span class='ocrx_word' id='word_1_36' title='bbox 2233 854 2369 916; x_wconf 84' lang='lat' dir='ltr'><strong>fieri</strong></span> <span class='ocrx_word' id='word_1_37' title='bbox 2428 855 2490 913; x_wconf 87' lang='lat' dir='ltr'><strong>id</strong></span> <span class='ocrx_word' id='word_1_38' title='bbox 2540 853 2703 912; x_wconf 90' lang='lat' dir='ltr'><strong>multo</strong></span> 
     </span>
     <span class='ocr_line' id='line_1_7' title="bbox 496 939 2703 1023; baseline -0.001 -22"><span class='ocrx_word' id='word_1_39' title='bbox 496 943 682 1023; x_wconf 84' lang='lat' dir='ltr'><strong>magis</strong></span> <span class='ocrx_word' id='word_1_40' title='bbox 741 939 950 1000; x_wconf 86' lang='lat' dir='ltr'><strong>debuit</strong></span> <span class='ocrx_word' id='word_1_41' title='bbox 1006 939 1081 997; x_wconf 90' lang='lat' dir='ltr'><strong>ab</strong></span> <span class='ocrx_word' id='word_1_42' title='bbox 1139 939 1210 998; x_wconf 88' lang='lat' dir='ltr'><strong>iis</strong></span> <span class='ocrx_word' id='word_1_43' title='bbox 1232 981 1252 1014; x_wconf 90' lang='lat'><strong>,</strong></span> <span class='ocrx_word' id='word_1_44' title='bbox 1348 939 1453 1015; x_wconf 89' lang='lat' dir='ltr'><strong>qui</strong></span> <span class='ocrx_word' id='word_1_45' title='bbox 1525 939 1931 999; x_wconf 74' lang='lat' dir='ltr'><strong>historiarum</strong></span> <span class='ocrx_word' id='word_1_46' title='bbox 1997 949 2324 1019; x_wconf 83' lang='lat' dir='ltr'><strong>systemata</strong></span> <span class='ocrx_word' id='word_1_47' title='bbox 2395 939 2703 1013; x_wconf 80' lang='lat' dir='ltr'><strong>conderent,</strong></span> 
     </span>
     <span class='ocr_line' id='line_1_8' title="bbox 493 1023 2703 1106; baseline -0.002 -15"><span class='ocrx_word' id='word_1_48' title='bbox 493 1038 568 1092; x_wconf 79' lang='lat' dir='ltr'><strong>‘ut</strong></span> <span class='ocrx_word' id='word_1_49' title='bbox 630 1047 729 1089; x_wconf 84' lang='lat' dir='ltr'><strong>res</strong></span> <span class='ocrx_word' id='word_1_50' title='bbox 789 1023 1076 1087; x_wconf 85' lang='lat' dir='ltr'><strong>Troianas</strong></span> <span class='ocrx_word' id='word_1_51' title='bbox 1142 1024 1503 1102; x_wconf 84' lang='lat' dir='ltr'><strong>omninoque</strong></span> <span class='ocrx_word' id='word_1_52' title='bbox 1559 1035 1761 1085; x_wconf 88' lang='lat' dir='ltr'><strong>totum</strong></span> <span class='ocrx_word' id='word_1_53' title='bbox 1823 1026 2058 1106; x_wconf 85' lang='lat' dir='ltr'><strong>cyclum</strong></span> <span class='ocrx_word' id='word_1_54' title='bbox 2132 1025 2470 1106; x_wconf 79' lang='lat' dir='ltr'><strong>mythicum</strong></span> <span class='ocrx_word' id='word_1_55' title='bbox 2534 1024 2703 1106; x_wconf 79' lang='lat' dir='ltr'><strong>operi-</strong></span> 
     </span>
     <span class='ocr_line' id='line_1_9' title="bbox 414 1110 2704 1190; baseline -0.003 -19"><span class='ocrx_word' id='word_1_56' title='bbox 414 1127 417 1136; x_wconf 87' lang='lat'>·</span> <span class='ocrx_word' id='word_1_57' title='bbox 494 1115 611 1176; x_wconf 84' lang='lat' dir='ltr'><strong>bus</strong></span> <span class='ocrx_word' id='word_1_58' title='bbox 666 1113 787 1174; x_wconf 90' lang='lat' dir='ltr'><strong>suis</strong></span> <span class='ocrx_word' id='word_1_59' title='bbox 853 1112 1194 1170; x_wconf 78' lang='lat' dir='ltr'><strong>intexerent</strong></span> <span class='ocrx_word' id='word_1_60' title='bbox 1251 1118 1359 1168; x_wconf 89' lang='lat' dir='ltr'><strong>aut</strong></span> <span class='ocrx_word' id='word_1_61' title='bbox 1409 1110 1823 1190; x_wconf 84' lang='lat' dir='ltr'><strong>praefigerent.</strong></span> <span class='ocrx_word' id='word_1_62' title='bbox 1908 1112 1986 1170; x_wconf 88' lang='lat' dir='ltr'><strong>Et</strong></span> <span class='ocrx_word' id='word_1_63' title='bbox 2028 1110 2145 1171; x_wconf 85' lang='lat' dir='ltr'><strong>hoc</strong></span> <span class='ocrx_word' id='word_1_64' title='bbox 2198 1113 2428 1172; x_wconf 76' lang='lat' dir='ltr'><strong>sactum</strong></span> <span class='ocrx_word' id='word_1_65' title='bbox 2481 1113 2634 1172; x_wconf 83' lang='lat' dir='ltr'><strong>vides</strong></span> <span class='ocrx_word' id='word_1_66' title='bbox 2676 1129 2704 1165; x_wconf 81' lang='lat' dir='ltr'><strong>a</strong></span> 
     </span>
    </p>

    <p class='ocr_par' dir='ltr' id='par_1_4' title="bbox 491 1194 2704 1963">
     <span class='ocr_line' id='line_1_10' title="bbox 491 1194 2704 1276; baseline -0 -17"><span class='ocrx_word' id='word_1_67' title='bbox 491 1199 770 1263; x_wconf 73' lang='lat' dir='ltr'><strong>Diodoro</strong></span> <span class='ocrx_word' id='word_1_68' title='bbox 813 1196 1015 1257; x_wconf 68' lang='lat' dir='ltr'><em>&amp;culo</em></span> <span class='ocrx_word' id='word_1_69' title='bbox 1068 1194 1130 1255; x_wconf 90' lang='lat' dir='ltr'><strong>in</strong></span> <span class='ocrx_word' id='word_1_70' title='bbox 1172 1195 1340 1255; x_wconf 83' lang='lat' dir='ltr'><strong>libris</strong></span> <span class='ocrx_word' id='word_1_71' title='bbox 1381 1196 1644 1275; x_wconf 86' lang='lat' dir='ltr'><strong>quinque</strong></span> <span class='ocrx_word' id='word_1_72' title='bbox 1686 1197 2014 1276; x_wconf 85' lang='lat' dir='ltr'><strong>prioribus,</strong></span> <span class='ocrx_word' id='word_1_73' title='bbox 2060 1198 2167 1276; x_wconf 71' lang='lat' dir='ltr'><strong>qui</strong></span> <span class='ocrx_word' id='word_1_74' title='bbox 2208 1208 2445 1274; x_wconf 79' lang='lat' dir='ltr'><strong>extant,</strong></span> <span class='ocrx_word' id='word_1_75' title='bbox 2496 1199 2558 1257; x_wconf 85' lang='lat' dir='ltr'><strong>in</strong></span> <span class='ocrx_word' id='word_1_76' title='bbox 2592 1195 2704 1275; x_wconf 74' lang='lat' dir='ltr'><strong>qni⁴</strong></span> 
     </span>
     <span class='ocr_line' id='line_1_11' title="bbox 499 1281 2702 1364; baseline -0.003 -18"><span class='ocrx_word' id='word_1_77' title='bbox 499 1287 618 1348; x_wconf 84' lang='lat' dir='ltr'><strong>bus</strong></span> <span class='ocrx_word' id='word_1_78' title='bbox 672 1302 814 1344; x_wconf 83' lang='lat' dir='ltr'><strong>eum</strong></span> <span class='ocrx_word' id='word_1_79' title='bbox 874 1281 1223 1361; x_wconf 84' lang='lat' dir='ltr'><strong>Dionysium</strong></span> <span class='ocrx_word' id='word_1_80' title='bbox 1281 1281 1541 1342; x_wconf 79' lang='lat' dir='ltr'><strong>maxime</strong></span> <span class='ocrx_word' id='word_1_81' title='bbox 1595 1282 1889 1343; x_wconf 86' lang='lat' dir='ltr'><strong>Milesium</strong></span> <span class='ocrx_word' id='word_1_82' title='bbox 1945 1304 2123 1364; x_wconf 86' lang='lat' dir='ltr'><strong>supra</strong></span> <span class='ocrx_word' id='word_1_83' title='bbox 2179 1294 2566 1345; x_wconf 86' lang='lat' dir='ltr'><strong>memoratum</strong></span> <span class='ocrx_word' id='word_1_84' title='bbox 2611 1300 2702 1339; x_wconf 81' lang='lat' dir='ltr'><strong>ex·-</strong></span> 
     </span>
     <span class='ocr_line' id='line_1_12' title="bbox 498 1367 2700 1453; baseline -0.002 -22"><span class='ocrx_word' id='word_1_85' title='bbox 498 1371 802 1452; x_wconf 83' lang='lat' dir='ltr'><strong>scripsisse</strong></span> <span class='ocrx_word' id='word_1_86' title='bbox 828 1367 1113 1448; x_wconf 87' lang='lat' dir='ltr'><strong>suspicor.</strong></span> <span class='ocrx_word' id='word_1_87' title='bbox 1158 1368 1228 1426; x_wconf 87' lang='lat' dir='ltr'><strong>cs.</strong></span> <span class='ocrx_word' id='word_1_88' title='bbox 1255 1368 1356 1427; x_wconf 85' lang='lat' dir='ltr'><strong>lib.</strong></span> <span class='ocrx_word' id='word_1_89' title='bbox 1384 1367 1483 1443; x_wconf 91' lang='lat'><strong>111,</strong></span> <span class='ocrx_word' id='word_1_90' title='bbox 1515 1371 1618 1443; x_wconf 87' lang='lat'><strong>52,</strong></span> <span class='ocrx_word' id='word_1_91' title='bbox 1644 1368 1751 1428; x_wconf 87' lang='lat' dir='ltr'><strong>ubi</strong></span> <span class='ocrx_word' id='word_1_92' title='bbox 1777 1389 1837 1430; x_wconf 82' lang='lat' dir='ltr'><strong>v.</strong></span> <span class='ocrx_word' id='word_1_93' title='bbox 1865 1370 2105 1432; x_wconf 86' lang='lat' dir='ltr'><strong>Wessel.</strong></span> <span class='ocrx_word' id='word_1_94' title='bbox 2128 1368 2205 1453; x_wconf 72' lang='lat'><strong>⁴¹).</strong></span> <span class='ocrx_word' id='word_1_95' title='bbox 2247 1371 2414 1430; x_wconf 88' lang='lat' dir='ltr'><strong>Idem</strong></span> <span class='ocrx_word' id='word_1_96' title='bbox 2444 1380 2570 1430; x_wconf 87' lang='lat' dir='ltr'><strong>ante</strong></span> <span class='ocrx_word' id='word_1_97' title='bbox 2592 1384 2700 1427; x_wconf 81' lang='lat' dir='ltr'><strong>enm</strong></span> 
     </span>
     <span class='ocr_line' id='line_1_13' title="bbox 501 1451 2704 1537; baseline -0.002 -19"><span class='ocrx_word' id='word_1_98' title='bbox 501 1458 580 1518; x_wconf 82' lang='lat' dir='ltr'><strong>ab</strong></span> <span class='ocrx_word' id='word_1_99' title='bbox 619 1457 1000 1517; x_wconf 79' lang='lat' dir='ltr'><strong>Anaximene</strong></span> <span class='ocrx_word' id='word_1_100' title='bbox 1038 1455 1461 1532; x_wconf 79' lang='lat' dir='ltr'><strong>Lampsaceno</strong></span> <span class='ocrx_word' id='word_1_101' title='bbox 1498 1455 1743 1529; x_wconf 84' lang='lat' dir='ltr'><strong>sactum,</strong></span> <span class='ocrx_word' id='word_1_102' title='bbox 1788 1456 1892 1533; x_wconf 92' lang='lat' dir='ltr'><strong>qui</strong></span> <span class='ocrx_word' id='word_1_103' title='bbox 1917 1456 2249 1516; x_wconf 78' lang='lat' dir='ltr'><strong>Alexandri</strong></span> <span class='ocrx_word' id='word_1_104' title='bbox 2287 1468 2546 1537; x_wconf 87' lang='lat' dir='ltr'><strong>tempore</strong></span> <span class='ocrx_word' id='word_1_105' title='bbox 2580 1451 2704 1514; x_wconf 83' lang='lat' dir='ltr'><strong>vixit</strong></span> 
     </span>
     <span class='ocr_line' id='line_1_14' title="bbox 503 1536 2704 1626; baseline -0.003 -20"><span class='ocrx_word' id='word_1_106' title='bbox 503 1552 569 1606; x_wconf 73' lang='lat' dir='ltr'><strong>et</strong></span> <span class='ocrx_word' id='word_1_107' title='bbox 625 1542 700 1601; x_wconf 87' lang='lat' dir='ltr'><strong>ab</strong></span> <span class='ocrx_word' id='word_1_108' title='bbox 744 1538 1161 1618; x_wconf 72' lang='lat' dir='ltr'><strong>antiquissimis</strong></span> <span class='ocrx_word' id='word_1_109' title='bbox 1202 1539 1484 1598; x_wconf 79' lang='lat' dir='ltr'><strong>Graeciae</strong></span> <span class='ocrx_word' id='word_1_110' title='bbox 1525 1541 1706 1599; x_wconf 89' lang='lat' dir='ltr'><strong>rebus</strong></span> <span class='ocrx_word' id='word_1_111' title='bbox 1755 1536 1906 1622; x_wconf 73' lang='lat' dir='ltr'><strong>(nimi</strong></span> <span class='ocrx_word' id='word_1_112' title='bbox 1941 1544 2272 1626; x_wconf 76' lang='grc' dir='ltr'><strong><em>θεογονίας</em></strong></span> <span class='ocrx_word' id='word_1_113' title='bbox 2325 1544 2428 1605; x_wconf 80' lang='grc' dir='ltr'><strong>καὶ</strong></span> <span class='ocrx_word' id='word_1_114' title='bbox 2465 1537 2576 1605; x_wconf 73' lang='grc' dir='ltr'><strong>α’πό</strong></span> <span class='ocrx_word' id='word_1_115' title='bbox 2616 1539 2704 1600; x_wconf 73' lang='grc' dir='ltr'><strong>τοῦ</strong></span> 
     </span>
     <span class='ocr_line' id='line_1_15' title="bbox 502 1618 2701 1735; baseline -0.001 -42"><span class='ocrx_word' id='word_1_116' title='bbox 502 1622 749 1735; x_wconf 52' lang='grc' dir='ltr'><strong>’τούτου</strong></span> <span class='ocrx_word' id='word_1_117' title='bbox 793 1626 1007 1709; x_wconf 75' lang='grc' dir='ltr'><strong><em>γένους</em></strong></span> <span class='ocrx_word' id='word_1_118' title='bbox 1052 1628 1178 1688; x_wconf 76' lang='grc' dir='ltr'><strong>ταῖν</strong></span> <span class='ocrx_word' id='word_1_119' title='bbox 1224 1618 1608 1708; x_wconf 67' lang='grc' dir='ltr'>ἀνθρώπων)</span> <span class='ocrx_word' id='word_1_120' title='bbox 1656 1647 1828 1687; x_wconf 88' lang='lat' dir='ltr'><strong>orsus</strong></span> <span class='ocrx_word' id='word_1_121' title='bbox 1875 1624 2008 1705; x_wconf 70' lang='grc' dir='ltr'><strong>(τοίς</strong></span> <span class='ocrx_word' id='word_1_122' title='bbox 2054 1623 2301 1709; x_wconf 66' lang='grc' dir='ltr'><strong><em>πρώτας</em></strong></span> <span class='ocrx_word' id='word_1_123' title='bbox 2349 1629 2596 1709; x_wconf 75' lang='grc' dir='ltr'><strong>ἱστορίας</strong></span> <span class='ocrx_word' id='word_1_124' title='bbox 2628 1622 2701 1683; x_wconf 73' lang='lat' dir='ltr'><strong>vel</strong></span> 
     </span>
     <span class='ocr_line' id='line_1_16' title="bbox 503 1707 2701 1796; baseline -0.004 -19"><span class='ocrx_word' id='word_1_125' title='bbox 503 1738 622 1794; x_wconf 81' lang='grc' dir='ltr'><strong>την</strong></span> <span class='ocrx_word' id='word_1_126' title='bbox 650 1709 894 1796; x_wconf 73' lang='grc' dir='ltr'><strong><em>πρώτην</em></strong></span> <span class='ocrx_word' id='word_1_127' title='bbox 934 1715 1057 1773; x_wconf 73' lang='grc' dir='ltr'><strong>τῶν</strong></span> <span class='ocrx_word' id='word_1_128' title='bbox 1094 1707 1487 1793; x_wconf 72' lang='grc' dir='ltr'><strong>Ἑλληνικῶν)</strong></span> <span class='ocrx_word' id='word_1_129' title='bbox 1536 1709 1849 1772; x_wconf 77' lang='lat' dir='ltr'><strong>historiam</strong></span> <span class='ocrx_word' id='word_1_130' title='bbox 1909 1733 2103 1792; x_wconf 81' lang='lat' dir='ltr'><strong>usque</strong></span> <span class='ocrx_word' id='word_1_131' title='bbox 2143 1713 2220 1772; x_wconf 87' lang='lat' dir='ltr'><strong>ad</strong></span> <span class='ocrx_word' id='word_1_132' title='bbox 2270 1734 2526 1794; x_wconf 83' lang='lat' dir='ltr'><strong>pugnam</strong></span> <span class='ocrx_word' id='word_1_133' title='bbox 2563 1710 2701 1771; x_wconf 69' lang='lat' dir='ltr'><strong>Mun-</strong></span> 
     </span>
     <span class='ocr_line' id='line_1_17' title="bbox 509 1795 2701 1876; baseline -0.001 -17"><span class='ocrx_word' id='word_1_134' title='bbox 509 1801 835 1859; x_wconf 86' lang='lat' dir='ltr'><strong>tineensem</strong></span> <span class='ocrx_word' id='word_1_135' title='bbox 888 1804 1291 1876; x_wconf 81' lang='lat' dir='ltr'><strong>pertexuerat.</strong></span> <span class='ocrx_word' id='word_1_136' title='bbox 1340 1795 1470 1856; x_wconf 80' lang='lat' dir='ltr'><strong>vid.</strong></span> <span class='ocrx_word' id='word_1_137' title='bbox 1529 1798 1776 1857; x_wconf 86' lang='lat' dir='ltr'><strong>Diodor.</strong></span> <span class='ocrx_word' id='word_1_138' title='bbox 1817 1798 1949 1872; x_wconf 88' lang='lat' dir='ltr'><strong>XV,</strong></span> <span class='ocrx_word' id='word_1_139' title='bbox 1996 1802 2078 1864; x_wconf 87' lang='lat'><strong>89</strong></span> <span class='ocrx_word' id='word_1_140' title='bbox 2124 1808 2187 1858; x_wconf 88' lang='lat' dir='ltr'><strong>et</strong></span> <span class='ocrx_word' id='word_1_141' title='bbox 2240 1799 2413 1861; x_wconf 86' lang='lat' dir='ltr'><strong>Voss.</strong></span> <span class='ocrx_word' id='word_1_142' title='bbox 2464 1800 2535 1859; x_wconf 90' lang='lat' dir='ltr'><strong>de</strong></span> <span class='ocrx_word' id='word_1_143' title='bbox 2581 1797 2701 1857; x_wconf 73' lang='lat' dir='ltr'><strong>Hist-</strong></span> 
     </span>
     <span class='ocr_line' id='line_1_18' title="bbox 505 1882 2701 1963; baseline 0.001 -23"><span class='ocrx_word' id='word_1_144' title='bbox 505 1887 613 1948; x_wconf 82' lang='lat' dir='ltr'><strong>Gr.</strong></span> <span class='ocrx_word' id='word_1_145' title='bbox 661 1886 704 1959; x_wconf 90' lang='lat'><strong>1,</strong></span> <span class='ocrx_word' id='word_1_146' title='bbox 754 1888 852 1957; x_wconf 89' lang='lat'><strong>10,</strong></span> <span class='ocrx_word' id='word_1_147' title='bbox 895 1902 1007 1941; x_wconf 90' lang='lat' dir='ltr'><strong>nec</strong></span> <span class='ocrx_word' id='word_1_148' title='bbox 1051 1902 1176 1940; x_wconf 86' lang='lat' dir='ltr'><strong>non</strong></span> <span class='ocrx_word' id='word_1_149' title='bbox 1218 1883 1280 1942; x_wconf 88' lang='lat' dir='ltr'><strong>in</strong></span> <span class='ocrx_word' id='word_1_150' title='bbox 1311 1882 1582 1942; x_wconf 88' lang='lat' dir='ltr'><strong>Pisandri</strong></span> <span class='ocrx_word' id='word_1_151' title='bbox 1625 1903 1805 1963; x_wconf 85' lang='lat' dir='ltr'><strong>opere</strong></span> <span class='ocrx_word' id='word_1_152' title='bbox 1846 1884 2001 1944; x_wconf 79' lang='lat' dir='ltr'><strong>infra</strong></span> <span class='ocrx_word' id='word_1_153' title='bbox 2045 1884 2375 1946; x_wconf 86' lang='lat' dir='ltr'><strong>laudando.</strong></span> <span class='ocrx_word' id='word_1_154' title='bbox 2428 1885 2558 1945; x_wconf 87' lang='lat' dir='ltr'><strong>Fuit</strong></span> <span class='ocrx_word' id='word_1_155' title='bbox 2581 1901 2701 1960; x_wconf 80' lang='lat' dir='ltr'><strong>quo-</strong></span> 
     </span>
    </p>
   </div>
   <div class='ocr_carea' id='block_1_3' title="bbox 509 1964 2699 2074">
    <p class='ocr_par' dir='ltr' id='par_1_5' title="bbox 509 1964 2699 2074">
     <span class='ocr_line' id='line_1_19' title="bbox 509 1964 2699 2074; baseline -0 -45"><span class='ocrx_word' id='word_1_156' title='bbox 509 1990 626 2049; x_wconf 89' lang='lat' dir='ltr'><strong>que</strong></span> <span class='ocrx_word' id='word_1_157' title='bbox 669 1970 930 2050; x_wconf 85' lang='lat' dir='ltr'><strong>scriptor</strong></span> <span class='ocrx_word' id='word_1_158' title='bbox 985 1969 1269 2046; x_wconf 68' lang='lat' dir='ltr'><strong>antiquus</strong></span> <span class='ocrx_word' id='word_1_159' title='bbox 1327 1965 1741 2074; x_wconf 52' lang='grc' dir='ltr'><strong><em>ςσυγγραφεΰς</em></strong></span> <span class='ocrx_word' id='word_1_160' title='bbox 1794 1965 2052 2044; x_wconf 74' lang='grc' dir='ltr'><strong>παλαιὸς</strong></span> <span class='ocrx_word' id='word_1_161' title='bbox 2094 1964 2267 2034; x_wconf 69' lang='grc' dir='ltr'><strong>πάνυ</strong></span> <span class='ocrx_word' id='word_1_162' title='bbox 2312 1972 2472 2052; x_wconf 88' lang='lat' dir='ltr'><strong>apud</strong></span> <span class='ocrx_word' id='word_1_163' title='bbox 2512 1971 2699 2046; x_wconf 72' lang='lat' dir='ltr'><strong>Dionys</strong></span> 
     </span>
    </p>
   </div>
   <div class='ocr_carea' id='block_1_4' title="bbox 376 2050 2700 2138">
    <p class='ocr_par' dir='ltr' id='par_1_6' title="bbox 376 2050 2700 2138">
     <span class='ocr_line' id='line_1_20' title="bbox 376 2050 2700 2138; baseline -0.004 -16"><span class='ocrx_word' id='word_1_164' title='bbox 376 2113 395 2125; x_wconf 75' lang='grc'><strong>,,</strong></span> <span class='ocrx_word' id='word_1_165' title='bbox 508 2055 702 2121; x_wconf 68' lang='lat' dir='ltr'><strong>Helie.</strong></span> <span class='ocrx_word' id='word_1_166' title='bbox 750 2054 795 2128; x_wconf 82' lang='grc' dir='ltr'><strong>Ι,</strong></span> <span class='ocrx_word' id='word_1_167' title='bbox 841 2057 945 2126; x_wconf 82' lang='lat'><strong>72,</strong></span> <span class='ocrx_word' id='word_1_168' title='bbox 987 2061 1048 2111; x_wconf 76' lang='lat' dir='ltr'><strong>et</strong></span> <span class='ocrx_word' id='word_1_169' title='bbox 1097 2053 1139 2127; x_wconf 81' lang='grc' dir='ltr'><strong>Ι,</strong></span> <span class='ocrx_word' id='word_1_170' title='bbox 1183 2052 1267 2117; x_wconf 83' lang='grc'><strong>49</strong></span> <span class='ocrx_word' id='word_1_171' title='bbox 1313 2061 1562 2132; x_wconf 80' lang='grc' dir='ltr'><strong><em>αρχαῖος</em></strong></span> <span class='ocrx_word' id='word_1_172' title='bbox 1595 2054 1700 2117; x_wconf 80' lang='grc' dir='ltr'><strong>καὶ</strong></span> <span class='ocrx_word' id='word_1_173' title='bbox 1747 2050 1927 2138; x_wconf 75' lang='grc' dir='ltr'><strong><em>λόγου</em></strong></span> <span class='ocrx_word' id='word_1_174' title='bbox 1971 2053 2169 2138; x_wconf 68' lang='grc' dir='ltr'><strong><em>ἄξιος)</em></strong></span> <span class='ocrx_word' id='word_1_175' title='bbox 2233 2059 2501 2137; x_wconf 76' lang='lat' dir='ltr'><strong>Cephalo</strong></span> <span class='ocrx_word' id='word_1_176' title='bbox 2538 2052 2700 2131; x_wconf 70' lang='lat' dir='ltr'><strong>Gergi-</strong></span> 
     </span>
    </p>
   </div>
   <div class='ocr_carea' id='block_1_5' title="bbox 510 2130 2703 2841">
    <p class='ocr_par' dir='ltr' id='par_1_7' title="bbox 510 2130 2703 2841">
     <span class='ocr_line' id='line_1_21' title="bbox 516 2130 2699 2225; baseline 0 -24"><span class='ocrx_word' id='word_1_177' title='bbox 516 2140 683 2201; x_wconf 84' lang='lat' dir='ltr'><strong>thius</strong></span> <span class='ocrx_word' id='word_1_178' title='bbox 741 2158 847 2198; x_wconf 89' lang='lat' dir='ltr'><strong>seu</strong></span> <span class='ocrx_word' id='word_1_179' title='bbox 902 2136 1257 2216; x_wconf 85' lang='lat' dir='ltr'><strong>Gergethins</strong></span> <span class='ocrx_word' id='word_1_180' title='bbox 1315 2135 1413 2218; x_wconf 82' lang='grc' dir='ltr'><strong>(τοῖ</strong></span> <span class='ocrx_word' id='word_1_181' title='bbox 1473 2145 1530 2200; x_wconf 87' lang='grc' dir='ltr'>Γ</span> <span class='ocrx_word' id='word_1_182' title='bbox 1523 2141 1759 2220; x_wconf 79' lang='grc' dir='ltr'><strong><em>ἐργηθα</em></strong></span> <span class='ocrx_word' id='word_1_183' title='bbox 1814 2142 1960 2201; x_wconf 87' lang='lat' dir='ltr'><strong>urbs</strong></span> <span class='ocrx_word' id='word_1_184' title='bbox 2009 2142 2326 2225; x_wconf 84' lang='lat' dir='ltr'><strong>Aeolidis),</strong></span> <span class='ocrx_word' id='word_1_185' title='bbox 2367 2145 2468 2222; x_wconf 89' lang='lat' dir='ltr'><strong>qui</strong></span> <span class='ocrx_word' id='word_1_186' title='bbox 2513 2130 2699 2220; x_wconf 56' lang='lat' dir='ltr'><strong>Tamtu*</strong></span> 
     </span>
     <span class='ocr_line' id='line_1_22' title="bbox 513 2223 2702 2308; baseline -0.002 -21"><span class='ocrx_word' id='word_1_187' title='bbox 513 2227 859 2308; x_wconf 77' lang='lat' dir='ltr'><strong>scripserat:</strong></span> <span class='ocrx_word' id='word_1_188' title='bbox 904 2224 980 2284; x_wconf 84' lang='lat' dir='ltr'><strong>cf.</strong></span> <span class='ocrx_word' id='word_1_189' title='bbox 1023 2223 1213 2283; x_wconf 86' lang='lat' dir='ltr'><strong>Notae</strong></span> <span class='ocrx_word' id='word_1_190' title='bbox 1255 2224 1333 2282; x_wconf 87' lang='lat' dir='ltr'><strong>ad</strong></span> <span class='ocrx_word' id='word_1_191' title='bbox 1380 2224 1662 2304; x_wconf 81' lang='lat' dir='ltr'><strong>Apollod.</strong></span> <span class='ocrx_word' id='word_1_192' title='bbox 1708 2248 1762 2306; x_wconf 86' lang='lat' dir='ltr'><strong>p.</strong></span> <span class='ocrx_word' id='word_1_193' title='bbox 1808 2230 1963 2291; x_wconf 80' lang='lat'><strong>740:</strong></span> <span class='ocrx_word' id='word_1_194' title='bbox 2011 2228 2291 2288; x_wconf 84' lang='lat' dir='ltr'><strong>diversus</strong></span> <span class='ocrx_word' id='word_1_195' title='bbox 2325 2231 2447 2308; x_wconf 82' lang='lat' dir='ltr'><strong>ille,</strong></span> <span class='ocrx_word' id='word_1_196' title='bbox 2488 2228 2584 2287; x_wconf 79' lang='lat' dir='ltr'><strong>etsi</strong></span> <span class='ocrx_word' id='word_1_197' title='bbox 2617 2223 2702 2282; x_wconf 86' lang='lat' dir='ltr'><strong>ob-</strong></span> 
     </span>
     <span class='ocr_line' id='line_1_23' title="bbox 510 2305 2703 2395; baseline -0.001 -23"><span class='ocrx_word' id='word_1_198' title='bbox 510 2314 797 2391; x_wconf 74' lang='lat' dir='ltr'><strong>loquatur</strong></span> <span class='ocrx_word' id='word_1_199' title='bbox 837 2309 957 2369; x_wconf 88' lang='lat' dir='ltr'><strong>Leo</strong></span> <span class='ocrx_word' id='word_1_200' title='bbox 999 2308 1256 2371; x_wconf 78' lang='lat' dir='ltr'><strong>Allatius</strong></span> <span class='ocrx_word' id='word_1_201' title='bbox 1316 2310 1392 2370; x_wconf 89' lang='lat' dir='ltr'><strong>de</strong></span> <span class='ocrx_word' id='word_1_202' title='bbox 1434 2312 1634 2390; x_wconf 87' lang='lat' dir='ltr'><strong>patria</strong></span> <span class='ocrx_word' id='word_1_203' title='bbox 1678 2313 1927 2373; x_wconf 85' lang='lat' dir='ltr'><strong>Homeri</strong></span> <span class='ocrx_word' id='word_1_204' title='bbox 1969 2334 2021 2373; x_wconf 88' lang='lat' dir='ltr'><strong>c.</strong></span> <span class='ocrx_word' id='word_1_205' title='bbox 2069 2319 2126 2387; x_wconf 85' lang='lat'><strong>1,</strong></span> <span class='ocrx_word' id='word_1_206' title='bbox 2170 2334 2204 2372; x_wconf 89' lang='lat' dir='ltr'><strong>a</strong></span> <span class='ocrx_word' id='word_1_207' title='bbox 2255 2317 2598 2395; x_wconf 75' lang='lat' dir='ltr'><strong>Cephalione</strong></span> <span class='ocrx_word' id='word_1_208' title='bbox 2631 2305 2703 2366; x_wconf 72' lang='lat' dir='ltr'><strong>vel</strong></span> 
     </span>
     <span class='ocr_line' id='line_1_24' title="bbox 517 2389 2702 2479; baseline -0.003 -19"><span class='ocrx_word' id='word_1_209' title='bbox 517 2398 953 2477; x_wconf 65' lang='lat' dir='ltr'><strong>aphalacam,</strong></span> <span class='ocrx_word' id='word_1_210' title='bbox 992 2396 1162 2456; x_wconf 81' lang='lat' dir='ltr'><strong>cuius</strong></span> <span class='ocrx_word' id='word_1_211' title='bbox 1206 2389 1507 2475; x_wconf 77' lang='grc' dir='ltr'><strong><em>σύντομος</em></strong></span> <span class='ocrx_word' id='word_1_212' title='bbox 1547 2395 1850 2479; x_wconf 75' lang='grc' dir='ltr'><strong><em>ἱστορικός</em></strong></span> <span class='ocrx_word' id='word_1_213' title='bbox 1886 2398 2000 2459; x_wconf 87' lang='lat' dir='ltr'><strong>snit</strong></span> <span class='ocrx_word' id='word_1_214' title='bbox 2025 2402 2363 2460; x_wconf 75' lang='lat' dir='ltr'><strong>Musarum</strong></span> <span class='ocrx_word' id='word_1_215' title='bbox 2402 2395 2702 2461; x_wconf 77' lang='lat' dir='ltr'><strong>nominein-</strong></span> 
     </span>
     <span class='ocr_line' id='line_1_25' title="bbox 513 2480 2703 2569; baseline 0.003 -24"><span class='ocrx_word' id='word_1_216' title='bbox 513 2484 802 2564; x_wconf 87' lang='lat' dir='ltr'><strong>scriptus,</strong></span> <span class='ocrx_word' id='word_1_217' title='bbox 874 2500 972 2541; x_wconf 88' lang='lat' dir='ltr'><strong>res</strong></span> <span class='ocrx_word' id='word_1_218' title='bbox 1023 2501 1060 2541; x_wconf 86' lang='lat' dir='ltr'><strong>a</strong></span> <span class='ocrx_word' id='word_1_219' title='bbox 1112 2480 1271 2542; x_wconf 87' lang='lat' dir='ltr'><strong>Nino</strong></span> <span class='ocrx_word' id='word_1_220' title='bbox 1329 2482 1405 2541; x_wconf 87' lang='lat' dir='ltr'><strong>ad</strong></span> <span class='ocrx_word' id='word_1_221' title='bbox 1461 2482 1875 2545; x_wconf 79' lang='lat' dir='ltr'><strong>Alexandrum</strong></span> <span class='ocrx_word' id='word_1_222' title='bbox 1935 2485 2288 2547; x_wconf 80' lang='lat' dir='ltr'><strong>narratione</strong></span> <span class='ocrx_word' id='word_1_223' title='bbox 2339 2489 2703 2569; x_wconf 66' lang='lat' dir='ltr'><strong>peraequum?</strong></span> 
     </span>
     <span class='ocr_line' id='line_1_26' title="bbox 513 2566 2702 2652; baseline -0.002 -20"><span class='ocrx_word' id='word_1_224' title='bbox 513 2572 707 2633; x_wconf 86' lang='lat' dir='ltr'><strong>lectus</strong></span> <span class='ocrx_word' id='word_1_225' title='bbox 762 2569 863 2629; x_wconf 84' lang='lat' dir='ltr'><strong>ille</strong></span> <span class='ocrx_word' id='word_1_226' title='bbox 919 2566 1132 2629; x_wconf 89' lang='lat' dir='ltr'><strong>Photio</strong></span> <span class='ocrx_word' id='word_1_227' title='bbox 1193 2587 1245 2633; x_wconf 87' lang='lat' dir='ltr'><strong>c.</strong></span> <span class='ocrx_word' id='word_1_228' title='bbox 1291 2572 1403 2644; x_wconf 87' lang='grc'><strong>68,</strong></span> <span class='ocrx_word' id='word_1_229' title='bbox 1469 2577 1532 2629; x_wconf 85' lang='lat' dir='ltr'><strong>et</strong></span> <span class='ocrx_word' id='word_1_230' title='bbox 1584 2570 1649 2628; x_wconf 90' lang='lat' dir='ltr'><strong>in</strong></span> <span class='ocrx_word' id='word_1_231' title='bbox 1705 2572 2005 2652; x_wconf 87' lang='lat' dir='ltr'><strong>epitomen</strong></span> <span class='ocrx_word' id='word_1_232' title='bbox 2046 2573 2337 2634; x_wconf 86' lang='lat' dir='ltr'><strong>redactus</strong></span> <span class='ocrx_word' id='word_1_233' title='bbox 2388 2596 2419 2633; x_wconf 82' lang='lat' dir='ltr'><strong>a</strong></span> <span class='ocrx_word' id='word_1_234' title='bbox 2469 2577 2702 2652; x_wconf 81' lang='lat' dir='ltr'><strong>Sopatro:</strong></span> 
     </span>
     <span class='ocr_line' id='line_1_27' title="bbox 514 2653 2702 2735; baseline -0.002 -19"><span class='ocrx_word' id='word_1_235' title='bbox 514 2657 661 2717; x_wconf 90' lang='lat' dir='ltr'><strong>ibid.</strong></span> <span class='ocrx_word' id='word_1_236' title='bbox 705 2677 757 2716; x_wconf 90' lang='lat' dir='ltr'><strong>c.</strong></span> <span class='ocrx_word' id='word_1_237' title='bbox 805 2658 944 2718; x_wconf 85' lang='lat'><strong>161.</strong></span> <span class='ocrx_word' id='word_1_238' title='bbox 1001 2653 1141 2715; x_wconf 85' lang='lat' dir='ltr'><strong>add.</strong></span> <span class='ocrx_word' id='word_1_239' title='bbox 1183 2655 1440 2734; x_wconf 80' lang='lat' dir='ltr'><strong>Syncell.</strong></span> <span class='ocrx_word' id='word_1_240' title='bbox 1482 2677 1541 2735; x_wconf 91' lang='lat' dir='ltr'><strong>p.</strong></span> <span class='ocrx_word' id='word_1_241' title='bbox 1589 2660 1731 2732; x_wconf 90' lang='grc'><strong>167,</strong></span> <span class='ocrx_word' id='word_1_242' title='bbox 1776 2666 1837 2717; x_wconf 87' lang='lat' dir='ltr'><strong>et</strong></span> <span class='ocrx_word' id='word_1_243' title='bbox 1878 2658 1959 2718; x_wconf 91' lang='lat' dir='ltr'><strong>ib.</strong></span> <span class='ocrx_word' id='word_1_244' title='bbox 2001 2667 2131 2718; x_wconf 86' lang='lat' dir='ltr'><strong>not.</strong></span> <span class='ocrx_word' id='word_1_245' title='bbox 2216 2660 2386 2734; x_wconf 88' lang='lat' dir='ltr'><strong>Quid</strong></span> <span class='ocrx_word' id='word_1_246' title='bbox 2428 2669 2605 2719; x_wconf 84' lang='lat' dir='ltr'><strong>tamen</strong></span> <span class='ocrx_word' id='word_1_247' title='bbox 2634 2653 2702 2712; x_wconf 72' lang='lat' dir='ltr'><strong>ss·</strong></span> 
     </span>
     <span class='ocr_line' id='line_1_28' title="bbox 514 2729 2703 2841; baseline 0 -38"><span class='ocrx_word' id='word_1_248' title='bbox 514 2744 640 2803; x_wconf 66' lang='lat' dir='ltr'><strong>ci„</strong></span> <span class='ocrx_word' id='word_1_249' title='bbox 682 2739 994 2801; x_wconf 69' lang='lat' dir='ltr'><strong>Athenaeo</strong></span> <span class='ocrx_word' id='word_1_250' title='bbox 1035 2739 1144 2817; x_wconf 81' lang='lat' dir='ltr'><strong>lx,</strong></span> <span class='ocrx_word' id='word_1_251' title='bbox 1186 2761 1268 2841; x_wconf 46' lang='lat' dir='ltr'><strong>p„</strong></span> <span class='ocrx_word' id='word_1_252' title='bbox 1290 2744 1416 2805; x_wconf 86' lang='lat'><strong>393</strong></span> <span class='ocrx_word' id='word_1_253' title='bbox 1459 2743 1528 2816; x_wconf 88' lang='lat' dir='ltr'><strong>E,</strong></span> <span class='ocrx_word' id='word_1_254' title='bbox 1573 2741 1677 2800; x_wconf 77' lang='lat' dir='ltr'><strong>ubi</strong></span> <span class='ocrx_word' id='word_1_255' title='bbox 1719 2742 2089 2823; x_wconf 69' lang='lat' dir='ltr'><strong>Hegesianax</strong></span> <span class='ocrx_word' id='word_1_256' title='bbox 2134 2744 2568 2806; x_wconf 67' lang='lat' dir='ltr'><strong>Alexandriam</strong></span> <span class='ocrx_word' id='word_1_257' title='bbox 2603 2729 2703 2831; x_wconf 63' lang='lat' dir='ltr'><strong>Aa}</strong></span> 
     </span>
    </p>
   </div>
   <div class='ocr_carea' id='block_1_6' title="bbox 516 2824 2707 2991">
    <p class='ocr_par' dir='ltr' id='par_1_8' title="bbox 516 2824 2707 2991">
     <span class='ocr_line' id='line_1_29' title="bbox 519 2824 2707 2908; baseline -0.002 -15"><span class='ocrx_word' id='word_1_258' title='bbox 519 2829 921 2908; x_wconf 73' lang='grc' dir='ltr'><strong><em>Κεφαλίωνος</em></strong></span> <span class='ocrx_word' id='word_1_259' title='bbox 977 2825 1423 2908; x_wconf 74' lang='grc' dir='ltr'><strong>ἕπεγραφομενα</strong></span> <span class='ocrx_word' id='word_1_260' title='bbox 1486 2824 1726 2908; x_wconf 69' lang='grc' dir='ltr'><em>Τρωϊκὰ</em></span> <span class='ocrx_word' id='word_1_261' title='bbox 1794 2829 2086 2905; x_wconf 75' lang='grc' dir='ltr'><strong><em>συνθείςῖ</em></strong></span> <span class='ocrx_word' id='word_1_262' title='bbox 2186 2834 2422 2892; x_wconf 85' lang='lat' dir='ltr'><strong>Scilicet</strong></span> <span class='ocrx_word' id='word_1_263' title='bbox 2471 2826 2707 2907; x_wconf 60' lang='lat' dir='ltr'><strong>suspicit!</strong></span> 
     </span>
     <span class='ocr_line' id='line_1_30' title="bbox 516 2912 2707 2991; baseline -0.002 -15"><span class='ocrx_word' id='word_1_264' title='bbox 516 2915 690 2991; x_wconf 86' lang='lat' dir='ltr'><strong>licet,</strong></span> <span class='ocrx_word' id='word_1_265' title='bbox 759 2922 1026 2975; x_wconf 84' lang='lat' dir='ltr'><strong>veterem</strong></span> <span class='ocrx_word' id='word_1_266' title='bbox 1079 2913 1253 2973; x_wconf 89' lang='lat' dir='ltr'><strong>illum</strong></span> <span class='ocrx_word' id='word_1_267' title='bbox 1306 2912 1527 2973; x_wconf 87' lang='lat' dir='ltr'><strong>librum</strong></span> <span class='ocrx_word' id='word_1_268' title='bbox 1568 2913 1863 2973; x_wconf 89' lang='lat' dir='ltr'><strong>interiisse</strong></span> <span class='ocrx_word' id='word_1_269' title='bbox 1917 2926 1977 2975; x_wconf 89' lang='lat' dir='ltr'><strong>et</strong></span> <span class='ocrx_word' id='word_1_270' title='bbox 2017 2917 2080 2976; x_wconf 92' lang='lat' dir='ltr'><strong>in</strong></span> <span class='ocrx_word' id='word_1_271' title='bbox 2122 2918 2251 2977; x_wconf 85' lang='lat' dir='ltr'><strong>eius</strong></span> <span class='ocrx_word' id='word_1_272' title='bbox 2295 2920 2489 2978; x_wconf 87' lang='lat' dir='ltr'><strong>locum</strong></span> <span class='ocrx_word' id='word_1_273' title='bbox 2536 2924 2707 2974; x_wconf 72' lang='lat' dir='ltr'><strong>temero</strong></span> 
     </span>
    </p>
   </div>
   <div class='ocr_carea' id='block_1_7' title="bbox 518 2994 2709 3764">
    <p class='ocr_par' dir='ltr' id='par_1_9' title="bbox 518 2994 2709 3764">
     <span class='ocr_line' id='line_1_31' title="bbox 518 2994 2705 3083; baseline -0.002 -23"><span class='ocrx_word' id='word_1_274' title='bbox 518 3021 555 3060; x_wconf 85' lang='lat' dir='ltr'><strong>a</strong></span> <span class='ocrx_word' id='word_1_275' title='bbox 611 2998 917 3059; x_wconf 86' lang='lat' dir='ltr'><strong>nonnullis</strong></span> <span class='ocrx_word' id='word_1_276' title='bbox 984 2998 1377 3057; x_wconf 88' lang='lat' dir='ltr'><strong>substitutum</strong></span> <span class='ocrx_word' id='word_1_277' title='bbox 1448 2999 1630 3059; x_wconf 88' lang='lat' dir='ltr'><strong>fuisse</strong></span> <span class='ocrx_word' id='word_1_278' title='bbox 1697 3001 1948 3061; x_wconf 86' lang='lat' dir='ltr'><strong>similem</strong></span> <span class='ocrx_word' id='word_1_279' title='bbox 2019 3002 2243 3063; x_wconf 87' lang='lat' dir='ltr'><strong>librum</strong></span> <span class='ocrx_word' id='word_1_280' title='bbox 2316 2994 2705 3083; x_wconf 66' lang='lat' dir='ltr'><strong>Hegesimactit-</strong></span> 
     </span>
     <span class='ocr_line' id='line_1_32' title="bbox 519 3079 2706 3170; baseline 0.001 -26"><span class='ocrx_word' id='word_1_281' title='bbox 519 3087 796 3149; x_wconf 80' lang='lat' dir='ltr'><strong>Fuerunt</strong></span> <span class='ocrx_word' id='word_1_282' title='bbox 836 3083 953 3142; x_wconf 80' lang='lat' dir='ltr'><strong>alia</strong></span> <span class='ocrx_word' id='word_1_283' title='bbox 1005 3079 1244 3162; x_wconf 66' lang='grc' dir='ltr'><em>Τρωϊκὰ</em></span> <span class='ocrx_word' id='word_1_284' title='bbox 1285 3086 1622 3144; x_wconf 71' lang='lat' dir='ltr'><strong>Metrodori</strong></span> <span class='ocrx_word' id='word_1_285' title='bbox 1662 3084 1827 3163; x_wconf 87' lang='lat' dir='ltr'><strong>Chii,</strong></span> <span class='ocrx_word' id='word_1_286' title='bbox 1896 3088 2000 3166; x_wconf 85' lang='lat' dir='ltr'><strong>qui</strong></span> <span class='ocrx_word' id='word_1_287' title='bbox 2055 3088 2440 3170; x_wconf 84' lang='lat' dir='ltr'><strong>Hippocratis</strong></span> <span class='ocrx_word' id='word_1_288' title='bbox 2487 3084 2706 3164; x_wconf 66' lang='lat' dir='ltr'><strong>megisto·</strong></span> 
     </span>
     <span class='ocr_line' id='line_1_33' title="bbox 520 3167 2705 3255; baseline 0.002 -22"><span class='ocrx_word' id='word_1_289' title='bbox 520 3172 669 3246; x_wconf 83' lang='lat' dir='ltr'><strong>suit,</strong></span> <span class='ocrx_word' id='word_1_290' title='bbox 727 3169 976 3228; x_wconf 84' lang='lat' dir='ltr'><strong>laudata</strong></span> <span class='ocrx_word' id='word_1_291' title='bbox 1040 3167 1203 3246; x_wconf 87' lang='lat' dir='ltr'><strong>apud</strong></span> <span class='ocrx_word' id='word_1_292' title='bbox 1267 3168 1486 3229; x_wconf 83' lang='lat' dir='ltr'><strong>Athen.</strong></span> <span class='ocrx_word' id='word_1_293' title='bbox 1545 3171 1646 3232; x_wconf 87' lang='lat' dir='ltr'><strong>lib.</strong></span> <span class='ocrx_word' id='word_1_294' title='bbox 1695 3171 1774 3232; x_wconf 87' lang='lat' dir='ltr'><strong>lv</strong></span> <span class='ocrx_word' id='word_1_295' title='bbox 1830 3183 2124 3251; x_wconf 84' lang='lat' dir='ltr'><strong>exeunte,</strong></span> <span class='ocrx_word' id='word_1_296' title='bbox 2181 3197 2241 3255; x_wconf 89' lang='lat' dir='ltr'><strong>p.</strong></span> <span class='ocrx_word' id='word_1_297' title='bbox 2308 3176 2428 3242; x_wconf 84' lang='lat'><strong>184</strong></span> <span class='ocrx_word' id='word_1_298' title='bbox 2471 3174 2534 3236; x_wconf 81' lang='lat' dir='ltr'><strong>A.</strong></span> <span class='ocrx_word' id='word_1_299' title='bbox 2607 3167 2705 3227; x_wconf 67' lang='grc' dir='ltr'><strong>ΝΜ</strong></span> 
     </span>
     <span class='ocr_line' id='line_1_34' title="bbox 520 3249 2705 3335; baseline 0 -16"><span class='ocrx_word' id='word_1_300' title='bbox 520 3255 673 3319; x_wconf 82' lang='lat' dir='ltr'><strong>mihi</strong></span> <span class='ocrx_word' id='word_1_301' title='bbox 715 3254 979 3328; x_wconf 82' lang='lat' dir='ltr'><strong>constat,</strong></span> <span class='ocrx_word' id='word_1_302' title='bbox 1031 3253 1111 3312; x_wconf 86' lang='lat' dir='ltr'><strong>ad</strong></span> <span class='ocrx_word' id='word_1_303' title='bbox 1153 3253 1317 3331; x_wconf 87' lang='lat' dir='ltr'><strong>quod</strong></span> <span class='ocrx_word' id='word_1_304' title='bbox 1360 3264 1596 3335; x_wconf 83' lang='lat' dir='ltr'><strong>tempus</strong></span> <span class='ocrx_word' id='word_1_305' title='bbox 1638 3258 1989 3318; x_wconf 81' lang='lat' dir='ltr'><strong>referendus</strong></span> <span class='ocrx_word' id='word_1_306' title='bbox 2030 3261 2107 3319; x_wconf 87' lang='lat' dir='ltr'><strong>sit</strong></span> <span class='ocrx_word' id='word_1_307' title='bbox 2145 3262 2480 3322; x_wconf 78' lang='lat' dir='ltr'><strong>Theodorus</strong></span> <span class='ocrx_word' id='word_1_308' title='bbox 2516 3249 2705 3319; x_wconf 70' lang='lat' dir='ltr'><strong>niensis,</strong></span> 
     </span>
     <span class='ocr_line' id='line_1_35' title="bbox 522 3333 2707 3423; baseline 0.003 -22"><span class='ocrx_word' id='word_1_309' title='bbox 522 3341 631 3421; x_wconf 87' lang='lat' dir='ltr'><strong>qui</strong></span> <span class='ocrx_word' id='word_1_310' title='bbox 673 3339 741 3404; x_wconf 71' lang='grc' dir='ltr'><strong>ἐν</strong></span> <span class='ocrx_word' id='word_1_311' title='bbox 787 3333 842 3422; x_wconf 85' lang='grc' dir='ltr'><strong>β’</strong></span> <span class='ocrx_word' id='word_1_312' title='bbox 895 3341 1181 3420; x_wconf 76' lang='grc' dir='ltr'><strong><em>Τρωῑκῶν</em></strong></span> <span class='ocrx_word' id='word_1_313' title='bbox 1225 3339 1528 3401; x_wconf 80' lang='lat' dir='ltr'><strong>excitatur</strong></span> <span class='ocrx_word' id='word_1_314' title='bbox 1566 3344 1726 3423; x_wconf 88' lang='lat' dir='ltr'><strong>apud</strong></span> <span class='ocrx_word' id='word_1_315' title='bbox 1772 3345 2017 3404; x_wconf 87' lang='lat' dir='ltr'><strong>Suidam</strong></span> <span class='ocrx_word' id='word_1_316' title='bbox 2058 3346 2124 3405; x_wconf 89' lang='lat' dir='ltr'><strong>in</strong></span> <span class='ocrx_word' id='word_1_317' title='bbox 2167 3350 2548 3422; x_wconf 78' lang='grc' dir='ltr'><strong><em>Παλαίφατος</em></strong></span> <span class='ocrx_word' id='word_1_318' title='bbox 2574 3336 2707 3418; x_wconf 54' lang='lat' dir='ltr'><strong>’Affi-</strong></span> 
     </span>
     <span class='ocr_line' id='line_1_36' title="bbox 526 3420 2700 3505; baseline 0.003 -21"><span class='ocrx_word' id='word_1_319' title='bbox 526 3420 732 3505; x_wconf 71' lang='grc' dir='ltr'><strong>δηνός.</strong></span> <span class='ocrx_word' id='word_1_320' title='bbox 820 3422 1187 3485; x_wconf 85' lang='lat' dir='ltr'><strong>Fabulosum</strong></span> <span class='ocrx_word' id='word_1_321' title='bbox 1244 3427 1470 3505; x_wconf 80' lang='lat' dir='ltr'><strong>Syagri</strong></span> <span class='ocrx_word' id='word_1_322' title='bbox 1522 3449 1742 3489; x_wconf 89' lang='lat' dir='ltr'><strong>nomen</strong></span> <span class='ocrx_word' id='word_1_323' title='bbox 1804 3450 1882 3488; x_wconf 84' lang='lat' dir='ltr'><strong>ex</strong></span> <span class='ocrx_word' id='word_1_324' title='bbox 1939 3431 2168 3493; x_wconf 76' lang='lat' dir='ltr'><strong>Aeliani</strong></span> <span class='ocrx_word' id='word_1_325' title='bbox 2222 3434 2295 3494; x_wconf 90' lang='lat' dir='ltr'><strong>V.</strong></span> <span class='ocrx_word' id='word_1_326' title='bbox 2353 3434 2427 3493; x_wconf 85' lang='grc' dir='ltr'><strong>Η.</strong></span> <span class='ocrx_word' id='word_1_327' title='bbox 2467 3426 2604 3499; x_wconf 81' lang='lat' dir='ltr'><strong>xlv,</strong></span> <span class='ocrx_word' id='word_1_328' title='bbox 2644 3422 2700 3483; x_wconf 76' lang='lat'><strong>2¹</strong></span> 
     </span>
     <span class='ocr_line' id='line_1_37' title="bbox 524 3506 2709 3599; baseline -0 -27"><span class='ocrx_word' id='word_1_329' title='bbox 524 3512 775 3574; x_wconf 85' lang='lat' dir='ltr'><strong>laudare</strong></span> <span class='ocrx_word' id='word_1_330' title='bbox 821 3511 907 3570; x_wconf 82' lang='lat' dir='ltr'><strong>nil</strong></span> <span class='ocrx_word' id='word_1_331' title='bbox 950 3510 1191 3575; x_wconf 85' lang='lat' dir='ltr'><strong>attinet.</strong></span> <span class='ocrx_word' id='word_1_332' title='bbox 1274 3513 1516 3573; x_wconf 67' lang='lat' dir='ltr'><strong>Servius</strong></span> <span class='ocrx_word' id='word_1_333' title='bbox 1558 3513 1624 3579; x_wconf 74' lang='grc' dir='ltr'><strong>ἐν</strong></span> <span class='ocrx_word' id='word_1_334' title='bbox 1650 3517 1827 3599; x_wconf 77' lang='grc' dir='ltr'><strong><em>τρίτῳ</em></strong></span> <span class='ocrx_word' id='word_1_335' title='bbox 1867 3522 1993 3578; x_wconf 78' lang='grc' dir='ltr'><strong>ταῖν</strong></span> <span class='ocrx_word' id='word_1_336' title='bbox 2038 3524 2327 3599; x_wconf 74' lang='grc' dir='ltr'><strong><em>Τρωϊκοῖν</em></strong></span> <span class='ocrx_word' id='word_1_337' title='bbox 2368 3517 2634 3577; x_wconf 78' lang='lat' dir='ltr'><strong>excitatur</strong></span> <span class='ocrx_word' id='word_1_338' title='bbox 2663 3506 2709 3563; x_wconf 75' lang='grc' dir='ltr'><strong>ἱῐῑ</strong></span> 
     </span>
     <span class='ocr_line' id='line_1_38' title="bbox 526 3589 2709 3677; baseline 0 -17"><span class='ocrx_word' id='word_1_339' title='bbox 526 3597 726 3660; x_wconf 83' lang='lat' dir='ltr'><strong>Schol.</strong></span> <span class='ocrx_word' id='word_1_340' title='bbox 771 3596 919 3655; x_wconf 84' lang='lat' dir='ltr'><strong>Ven.</strong></span> <span class='ocrx_word' id='word_1_341' title='bbox 963 3596 1030 3656; x_wconf 86' lang='lat' dir='ltr'><strong>B.</strong></span> <span class='ocrx_word' id='word_1_342' title='bbox 1057 3596 1136 3656; x_wconf 87' lang='lat' dir='ltr'><strong>ad</strong></span> <span class='ocrx_word' id='word_1_343' title='bbox 1166 3597 1329 3658; x_wconf 87' lang='lat' dir='ltr'><strong>Iliad.</strong></span> <span class='ocrx_word' id='word_1_344' title='bbox 1358 3623 1424 3676; x_wconf 85' lang='grc' dir='ltr'><strong>φ,</strong></span> <span class='ocrx_word' id='word_1_345' title='bbox 1469 3601 1615 3665; x_wconf 81' lang='lat'><strong>242.</strong></span> <span class='ocrx_word' id='word_1_346' title='bbox 1704 3601 1926 3660; x_wconf 85' lang='lat' dir='ltr'><strong>Verum</strong></span> <span class='ocrx_word' id='word_1_347' title='bbox 1968 3602 2034 3662; x_wconf 88' lang='lat' dir='ltr'><strong>hi</strong></span> <span class='ocrx_word' id='word_1_348' title='bbox 2076 3604 2152 3662; x_wconf 83' lang='lat' dir='ltr'><strong>ad</strong></span> <span class='ocrx_word' id='word_1_349' title='bbox 2197 3606 2443 3665; x_wconf 84' lang='lat' dir='ltr'><strong>seriores</strong></span> <span class='ocrx_word' id='word_1_350' title='bbox 2467 3589 2709 3677; x_wconf 75' lang='lat' dir='ltr'><strong>relegamh</strong></span> 
     </span>
     <span class='ocr_line' id='line_1_39' title="bbox 527 3681 2134 3764; baseline 0.002 -19"><span class='ocrx_word' id='word_1_351' title='bbox 527 3703 654 3745; x_wconf 79' lang='lat' dir='ltr'><strong>esse</strong></span> <span class='ocrx_word' id='word_1_352' title='bbox 695 3681 1012 3743; x_wconf 82' lang='lat' dir='ltr'><strong>videntur:</strong></span> <span class='ocrx_word' id='word_1_353' title='bbox 1058 3683 1133 3742; x_wconf 87' lang='lat' dir='ltr'><strong>de</strong></span> <span class='ocrx_word' id='word_1_354' title='bbox 1175 3684 1392 3762; x_wconf 87' lang='lat' dir='ltr'><strong>quibus</strong></span> <span class='ocrx_word' id='word_1_355' title='bbox 1436 3696 1644 3764; x_wconf 86' lang='lat' dir='ltr'><strong>postea</strong></span> <span class='ocrx_word' id='word_1_356' title='bbox 1682 3689 2134 3749; x_wconf 86' lang='lat' dir='ltr'><strong>memorabitur.</strong></span> 
     </span>
    </p>
   </div>
   <div class='ocr_carea' id='block_1_8' title="bbox 527 3765 2710 3940">
    <p class='ocr_par' dir='ltr' id='par_1_10' title="bbox 527 3765 2710 3940">
     <span class='ocr_line' id='line_1_40' title="bbox 696 3765 2708 3853; baseline -0.002 -23"><span class='ocrx_word' id='word_1_357' title='bbox 696 3768 1087 3847; x_wconf 81' lang='lat' dir='ltr'><strong>Aliquamdiu</strong></span> <span class='ocrx_word' id='word_1_358' title='bbox 1146 3791 1238 3829; x_wconf 77' lang='lat' dir='ltr'><strong>res</strong></span> <span class='ocrx_word' id='word_1_359' title='bbox 1303 3773 1602 3831; x_wconf 59' lang='lat' dir='ltr'><strong>woianae</strong></span> <span class='ocrx_word' id='word_1_360' title='bbox 1661 3777 1964 3833; x_wconf 87' lang='lat' dir='ltr'><strong>communi</strong></span> <span class='ocrx_word' id='word_1_361' title='bbox 2032 3776 2234 3853; x_wconf 87' lang='lat' dir='ltr'><strong>aliquo</strong></span> <span class='ocrx_word' id='word_1_362' title='bbox 2293 3775 2449 3834; x_wconf 85' lang='lat' dir='ltr'><strong>inter</strong></span> <span class='ocrx_word' id='word_1_363' title='bbox 2507 3765 2708 3843; x_wconf 68' lang='lat' dir='ltr'><strong>scripto·</strong></span> 
     </span>
     <span class='ocr_line' id='line_1_41' title="bbox 527 3845 2710 3940; baseline -0.001 -23"><span class='ocrx_word' id='word_1_364' title='bbox 527 3873 626 3917; x_wconf 76' lang='lat' dir='ltr'><strong>res</strong></span> <span class='ocrx_word' id='word_1_365' title='bbox 668 3874 958 3917; x_wconf 83' lang='lat' dir='ltr'><strong>consensu</strong></span> <span class='ocrx_word' id='word_1_366' title='bbox 1002 3865 1177 3917; x_wconf 86' lang='lat' dir='ltr'><strong>erant</strong></span> <span class='ocrx_word' id='word_1_367' title='bbox 1218 3856 1511 3934; x_wconf 84' lang='lat' dir='ltr'><strong>traditae,</strong></span> <span class='ocrx_word' id='word_1_368' title='bbox 1568 3868 1753 3938; x_wconf 85' lang='lat' dir='ltr'><strong>prout</strong></span> <span class='ocrx_word' id='word_1_369' title='bbox 1808 3860 1882 3920; x_wconf 88' lang='lat' dir='ltr'><strong>ab</strong></span> <span class='ocrx_word' id='word_1_370' title='bbox 1926 3861 2189 3921; x_wconf 86' lang='lat' dir='ltr'><strong>Homero</strong></span> <span class='ocrx_word' id='word_1_371' title='bbox 2244 3871 2305 3919; x_wconf 83' lang='lat' dir='ltr'><strong>et</strong></span> <span class='ocrx_word' id='word_1_372' title='bbox 2357 3857 2533 3940; x_wconf 85' lang='lat' dir='ltr'><strong>poetis</strong></span> <span class='ocrx_word' id='word_1_373' title='bbox 2569 3845 2710 3930; x_wconf 73' lang='lat' dir='ltr'><strong>cycli-</strong></span> 
     </span>
    </p>
   </div>
   <div class='ocr_carea' id='block_1_9' title="bbox 532 4019 941 4030">
    <p class='ocr_par' dir='ltr' id='par_1_11' title="bbox 532 4019 941 4030">
     <span class='ocr_line' id='line_1_42' title="bbox 532 4019 941 4030; baseline 0 998"><span class='ocrx_word' id='word_1_374' title='bbox 532 4019 941 4030; x_wconf 95' lang='lat' dir='ltr'><strong> </strong></span> 
     </span>
    </p>
   </div>
   <div class='ocr_carea' id='block_1_10' title="bbox 532 4097 2711 4252">
    <p class='ocr_par' dir='ltr' id='par_1_12' title="bbox 532 4097 2711 4252">
     <span class='ocr_line' id='line_1_43' title="bbox 669 4097 2709 4181; baseline 0.001 -21"><span class='ocrx_word' id='word_1_375' title='bbox 669 4109 712 4179; x_wconf 72' lang='grc'><strong>”)</strong></span> <span class='ocrx_word' id='word_1_376' title='bbox 749 4108 829 4163; x_wconf 79' lang='lat' dir='ltr'><strong>ef.</strong></span> <span class='ocrx_word' id='word_1_377' title='bbox 867 4110 1355 4162; x_wconf 84' lang='lat' dir='ltr'><strong>Commentationem</strong></span> <span class='ocrx_word' id='word_1_378' title='bbox 1394 4111 1573 4181; x_wconf 84' lang='lat' dir='ltr'><strong>paullo</strong></span> <span class='ocrx_word' id='word_1_379' title='bbox 1609 4122 1731 4164; x_wconf 87' lang='lat' dir='ltr'><strong>ante</strong></span> <span class='ocrx_word' id='word_1_380' title='bbox 1762 4113 2042 4167; x_wconf 79' lang='lat' dir='ltr'><strong>laudatam.</strong></span> <span class='ocrx_word' id='word_1_381' title='bbox 2114 4115 2264 4169; x_wconf 82' lang='lat' dir='ltr'><strong>Viam</strong></span> <span class='ocrx_word' id='word_1_382' title='bbox 2295 4114 2365 4167; x_wconf 84' lang='lat' dir='ltr'><strong>sd</strong></span> <span class='ocrx_word' id='word_1_383' title='bbox 2409 4112 2534 4163; x_wconf 76' lang='lat' dir='ltr'><strong>hanc</strong></span> <span class='ocrx_word' id='word_1_384' title='bbox 2561 4097 2709 4179; x_wconf 65' lang='lat' dir='ltr'><strong>mydgi-</strong></span> 
     </span>
     <span class='ocr_line' id='line_1_44' title="bbox 532 4174 2711 4252; baseline -0.001 -18"><span class='ocrx_word' id='word_1_385' title='bbox 532 4197 627 4234; x_wconf 79' lang='lat' dir='ltr'><strong>cae</strong></span> <span class='ocrx_word' id='word_1_386' title='bbox 671 4198 787 4233; x_wconf 83' lang='lat' dir='ltr'><strong>cum</strong></span> <span class='ocrx_word' id='word_1_387' title='bbox 819 4195 944 4237; x_wconf 74' lang='lat' dir='ltr'><strong>vera</strong></span> <span class='ocrx_word' id='word_1_388' title='bbox 982 4179 1209 4232; x_wconf 83' lang='lat' dir='ltr'><strong>historia</strong></span> <span class='ocrx_word' id='word_1_389' title='bbox 1243 4183 1600 4234; x_wconf 82' lang='lat' dir='ltr'><strong>conserendae</strong></span> <span class='ocrx_word' id='word_1_390' title='bbox 1646 4181 1906 4235; x_wconf 81' lang='lat' dir='ltr'><strong>rationem</strong></span> <span class='ocrx_word' id='word_1_391' title='bbox 1938 4183 2198 4240; x_wconf 75' lang='lat' dir='ltr'><strong>munierat</strong></span> <span class='ocrx_word' id='word_1_392' title='bbox 2226 4180 2497 4252; x_wconf 80' lang='lat' dir='ltr'><strong>Dionysius</strong></span> <span class='ocrx_word' id='word_1_393' title='bbox 2529 4174 2711 4228; x_wconf 48' lang='lat' dir='ltr'><strong>Milev&amp;</strong></span> 
     </span>
    </p>
   </div>
   <div class='ocr_carea' id='block_1_11' title="bbox 532 4247 2713 4377">
    <p class='ocr_par' dir='ltr' id='par_1_13' title="bbox 532 4247 2713 4377">
     <span class='ocr_line' id='line_1_45' title="bbox 532 4247 2713 4377; baseline -0.002 -73"><span class='ocrx_word' id='word_1_394' title='bbox 532 4248 712 4377; x_wconf 60' lang='lat' dir='ltr'><strong>Kaollo</strong></span> <span class='ocrx_word' id='word_1_395' title='bbox 749 4257 873 4303; x_wconf 76' lang='lat' dir='ltr'><strong>ante</strong></span> <span class='ocrx_word' id='word_1_396' title='bbox 907 4260 1249 4310; x_wconf 55' lang='lat' dir='ltr'><strong>memoratum</strong></span> <span class='ocrx_word' id='word_1_397' title='bbox 1316 4259 1370 4302; x_wconf 82' lang='lat' dir='ltr'><strong>et</strong></span> <span class='ocrx_word' id='word_1_398' title='bbox 1404 4248 1520 4321; x_wconf 77' lang='lat' dir='ltr'><strong>ipse</strong></span> <span class='ocrx_word' id='word_1_399' title='bbox 1553 4251 1854 4305; x_wconf 77' lang='lat' dir='ltr'><strong>Hellanicus</strong></span> <span class='ocrx_word' id='word_1_400' title='bbox 1888 4253 2139 4318; x_wconf 77' lang='lat' dir='ltr'><strong>Lesbiae,</strong></span> <span class='ocrx_word' id='word_1_401' title='bbox 2191 4254 2279 4324; x_wconf 83' lang='lat' dir='ltr'><strong>qai</strong></span> <span class='ocrx_word' id='word_1_402' title='bbox 2322 4253 2379 4304; x_wconf 86' lang='lat' dir='ltr'><strong>in</strong></span> <span class='ocrx_word' id='word_1_403' title='bbox 2422 4247 2557 4302; x_wconf 80' lang='lat' dir='ltr'><strong>libris</strong></span> <span class='ocrx_word' id='word_1_404' title='bbox 2595 4252 2713 4307; x_wconf 63' lang='grc' dir='ltr'><strong>*ψη</strong></span> 
     </span>
    </p>
   </div>
   <div class='ocr_carea' id='block_1_12' title="bbox 532 4314 2712 4459">
    <p class='ocr_par' dir='ltr' id='par_1_14' title="bbox 532 4314 2712 4459">
     <span class='ocr_line' id='line_1_46' title="bbox 532 4314 2712 4445; baseline -0.039 -2"><span class='ocrx_word' id='word_1_405' title='bbox 532 4318 758 4444; x_wconf 40' lang='lat' dir='ltr'><strong>Egi-14⁸⁶}</strong></span> <span class='ocrx_word' id='word_1_406' title='bbox 808 4318 1071 4445; x_wconf 40' lang='lat' dir='ltr'><strong>argubio&amp;</strong></span> <span class='ocrx_word' id='word_1_407' title='bbox 1126 4319 1417 4374; x_wconf 49' lang='lat' dir='ltr'><strong>mum</strong></span> <span class='ocrx_word' id='word_1_408' title='bbox 1479 4320 1731 4375; x_wconf 56' lang='grc' dir='ltr'><strong>Ῑώῖθΐίυ</strong></span> <span class='ocrx_word' id='word_1_409' title='bbox 1785 4322 2111 4376; x_wconf 59' lang='lat' dir='ltr'><strong>subtemine</strong></span> <span class='ocrx_word' id='word_1_410' title='bbox 2153 4322 2372 4377; x_wconf 77' lang='lat' dir='ltr'><strong>videtur.</strong></span> <span class='ocrx_word' id='word_1_411' title='bbox 2440 4319 2502 4372; x_wconf 73' lang='lat' dir='ltr'><strong>cf.</strong></span> <span class='ocrx_word' id='word_1_412' title='bbox 2543 4314 2712 4376; x_wconf 75' lang='lat' dir='ltr'><strong>Dionys-</strong></span> 
     </span>
     <span class='ocr_line' id='line_1_47' title="bbox 635 4407 999 4459; baseline -0.044 -2"><span class='ocrx_word' id='word_1_413' title='bbox 635 4408 701 4444; x_wconf 78' lang='lat'><strong>10·</strong></span> <span class='ocrx_word' id='word_1_414' title='bbox 759 4429 775 4457; x_wconf 80' lang='lat'>‚</span> <span class='ocrx_word' id='word_1_415' title='bbox 916 4407 999 4459; x_wconf 82' lang='lat' dir='ltr'><strong>pr.</strong></span> 
     </span>
    </p>
   </div>
  </div>
 </body>
</html>
