2882 5028
613 320 758 398 DE
815 320 1297 399 CARMINE
1347 320 1662 399 EPICO
1718 323 2095 403 VIRGIL.
2383 334 2487 406 3⁵

193 507 312 583 dia
369 524 513 587 aut
579 522 966 609 acceptus
1008 507 1354 584 Patrocli
1415 507 1706 588 funere
1766 509 2004 588 dolor
2054 527 2481 616 erupturus

197 613 316 709 sit,
365 613 772 690 sollicitos
814 637 967 688 nos
1011 626 1303 691 teneat.

386 722 685 797 XVIII.
738 721 867 793 De
912 741 1153 792 versu
1200 714 1497 813 Virgilii
1547 715 1778 817 epico
1823 716 2156 820 eiusque
2197 714 2300 794 ad
2340 742 2477 796 au-

196 843 363 894 rem
406 823 805 897 suavitate
840 844 931 896 ac
961 821 1338 918 gravitate
1378 818 1768 896 nonnulla
1815 820 2215 922 disputare
2259 822 2477 899 iuva·
2523 916 2530 921 .

197 936 338 1012 ret,
365 926 518 1000 nisi
566 927 972 1000 maiorem
1000 921 1519 999 subtilitatem
1548 947 1638 999 ea
1665 948 1795 999 res
1827 923 2186 1024 haberet,
2233 948 2475 1027 quam

199 1040 285 1102 ut
327 1027 785 1127 legentium
826 1028 1140 1103 animos
1174 1040 1254 1103 et
1287 1026 1567 1102 oculos
1610 1041 1892 1103 tenere
1923 1030 2191 1130 possit.
2263 1027 2472 1106 Illud

196 1155 454 1207 unum
481 1131 1055 1226 monebimus,
1113 1132 1192 1206 in
1232 1153 1590 1206 errorem
1624 1130 2007 1208 inducere
2035 1131 2473 1209 iuvenilem

198 1237 561 1312 animum
619 1236 881 1312 videri
944 1259 1122 1331 eoS,
1192 1236 1327 1336 qui
1387 1235 1611 1309 nimii
1657 1236 1736 1308 in
1799 1258 1900 1311 eo
1950 1249 2170 1334 sunt,
2234 1250 2328 1312 ut
2370 1233 2474 1313 ad

196 1362 474 1415 rerum
510 1364 766 1416 sonos
798 1353 882 1414 et
912 1352 1231 1414 naturas
1264 1337 1920 1414 accommodatos
1964 1352 2045 1415 et
2077 1338 2472 1435 formatos

198 1442 448 1518 velint
476 1468 650 1520 esse
694 1467 995 1520 versus.
1099 1441 1504 1544 Equidem
1546 1462 1716 1517 non
1753 1440 2114 1518 diffiteor
2142 1467 2469 1520 sensum

197 1571 339 1622 me
434 1549 678 1623 animi
761 1543 1301 1645 refragantem
1365 1544 1666 1621 habere
1693 1604 1715 1641 ,
1830 1548 2468 1651 quotiescunque

198 1650 700 1749 persuadere
757 1650 962 1726 mihi
1019 1648 1249 1742 volO,
1316 1671 1701 1747 magnum
1744 1648 2096 1752 aliquem
2141 1665 2469 1752 poetam

204 1766 433 1828 aestu
498 1767 903 1829 tantarum
981 1778 1257 1829 rerum
1338 1754 1762 1854 abreptum
1835 1767 1918 1830 et
1983 1776 2467 1854 magnorum

199 1854 852 1955 phantasmatum
916 1858 998 1932 vi
1080 1856 1659 1933 inflammatum
1737 1857 1818 1931 in
1894 1878 2104 1934 sono
2195 1882 2468 1936 cursus

201 1963 601 2059 equestris
662 1959 790 2036 vel
843 1960 1086 2036 tubae
1137 1961 1265 2037 vel
1308 1960 1634 2035 aliarum
1697 1984 1972 2036 rerum
2037 1961 2465 2040 reddendo

200 2061 616 2157 laborare3
699 2070 1081 2141 Attenuat
1131 2090 1219 2140 ea
1285 2089 1413 2139 res
1480 2076 1562 2138 et
1614 2060 1995 2165 deprimit
2051 2065 2465 2166 ingenium

196 2181 493 2266 poetae
542 2180 627 2243 et
669 2169 856 2244 artis
907 2170 1269 2269 poeticae
1314 2166 1801 2265 dignitatem.
1907 2170 2114 2245 Sunt
2163 2182 2463 2269 tamen,
2587 2202 2607 2230 s

196 2271 345 2365 ais,
418 2271 619 2347 tales
657 2296 933 2348 versus
968 2273 1049 2347 in
1093 2272 1405 2373 optimo
1445 2293 1772 2372 quoque
1810 2284 2070 2372 poeta.
2175 2277 2461 2369 Recte3

193 2387 387 2449 sunt
427 2377 713 2476 utique
766 2374 1037 2469 multi3
1104 2376 1245 2452 etsi
1290 2375 1565 2476 plures
1622 2373 1814 2450 alios
1856 2372 1956 2450 ad
2020 2372 2180 2452 hoc
2244 2376 2462 2454 lusus

190 2500 456 2576 genus
512 2479 1127 2556 accommodare
1176 2478 1383 2556 solet
1443 2501 1730 2555 eorum
1795 2477 2244 2579 ingenium,
2321 2479 2462 2584 qui
2509 2557 2516 2566 ,

190 2581 495 2659 talibus
538 2583 784 2658 rebus
834 2584 1287 2681 indulgentz
1370 2585 1566 2677 Quis
1616 2583 1869 2678 enim,
1922 2584 2070 2659 nisi
2106 2586 2263 2660 iam
2293 2586 2462 2661 ani·
2533 2589 2549 2603 ‘

186 2711 432 2761 mum
469 2686 573 2762 ad
602 2688 819 2762 leves
847 2686 1001 2762 hos
1031 2687 1246 2763 lusus
1282 2684 1716 2775 deflexerit,
1751 2685 2103 2762 studium
2133 2687 2459 2789 aliquod

188 2803 498 2890 poetae
568 2803 937 2887 agnoscat
998 2791 1079 2866 in
1136 2789 1288 2866 illis
1357 2815 1446 2865 ac
1524 2787 1947 2885 similibuS,
2015 2790 2459 2868 cuiusmodi

186 2905 422 2970 sunt:
478 2900 746 2969 Patris
798 2895 1066 2992 magni
1111 2922 1395 2993 parere
1436 2897 1770 2993 parabat
1821 2897 2162 2993 Imperio.
2268 2899 2460 2974 Aut:

188 3002 402 3072 Avia
446 3011 622 3073 tum
680 3010 1062 3073 resonant
1116 3002 1372 3073 avibus·
1425 2995 1761 3094 virgulta
1823 2996 2154 3075 sonoris.
2259 2997 2459 3073 Mihi

184 3101 480 3200 utique
540 3101 639 3177 ad
688 3101 1043 3202 poetices
1100 3099 1464 3175 indolem
1518 3100 1850 3200 propius
1914 3122 2088 3177 esse
2138 3099 2461 3177 videtur

185 3216 589 3301 statuere,
642 3205 894 3305 ipsam
940 3203 1319 3280 orationis
1354 3215 1721 3279 naturam
1764 3203 1868 3278 ita
1915 3226 2090 3279 esse
2129 3227 2458 3304 compa-

174 3320 476 3403 ratam,
528 3320 621 3382 ut
642 3307 1076 3384 multarum
1100 3333 1376 3384 rerum
1405 3331 1651 3383 sonos
1676 3306 2088 3407 exprimat;
2143 3304 2459 3383 inflam-

180 3423 512 3486 matum
566 3424 836 3486 autem
887 3410 1531 3512 phantasmatum
1593 3408 1861 3512 specie
1925 3408 2235 3485 obiecta
2287 3412 2456 3487 ani-

182 3538 465 3611 mum,
523 3539 708 3590 cum
724 3574 746 3611 ,
801 3538 1078 3590 rerum
1105 3507 1406 3615 species
1432 3513 1580 3589 sibi
1606 3513 2118 3590 obversantes
2156 3526 2250 3589 ut
2276 3537 2456 3591 ora-

184 3619 421 3693 tione
472 3616 737 3694 vivide
783 3619 1203 3718 exprimat,
1271 3617 1616 3715 laborat,
1689 3616 2134 3692 necessario
2177 3616 2262 3693 in
2310 3618 2455 3695 ista

182 3718 585 3798 vocabula
609 3722 1004 3819 incidere,
1055 3720 1183 3798 vel
1216 3721 1594 3797 orationis
1626 3720 2116 3821 proprietate
2148 3718 2456 3797 ducen-

186 3836 293 3904 te.
398 3828 518 3901 Ita
575 3846 854 3921 graves
915 3837 996 3901 et
1058 3824 1390 3921 celeres»,
1445 3823 1670 3900 lenes
1713 3847 1804 3899 ac
1856 3820 2142 3919 duroS,
2207 3847 2454 3908 sonos

189 3927 321 4002 vel
358 3952 532 4003 non
577 3928 943 4029 idagens
991 3941 1071 4004 et
1119 3952 1399 4005 curans
1446 3925 1556 4028 ad
1595 3950 1871 4003 rerum
1915 3940 2280 4002 naturam
2322 3952 2452 4004 ac·-

197 4030 749 4108 commodabit
790 4046 872 4109 et
900 4045 1171 4108 orator
1207 4032 1545 4134 quisque
1581 4030 1848 4107 bonus
1881 4042 1964 4107 et
1992 4029 2249 4106 multo
2280 4055 2453 4107 ma-

192 4135 308 4232 gis
347 4149 607 4237 poeta.
712 4135 959 4214 Aliud
1002 4149 1155 4232 est,
1194 4137 1292 4210 'in
1335 4159 1500 4238 quo
1531 4135 1677 4212 viri
1710 4133 1928 4212 docti
1970 4147 2451 4234 argutantur,

200 4240 418 4339 quod
475 4243 752 4317 versus
820 4236 1337 4355 imperfectos
1397 4263 1570 4315 non
1626 4238 1700 4315 ei
1767 4260 2124 4335 caussae,
2205 4262 2449 4338 quam

198 4341 340 4442 ipsi
364 4346 714 4423 Maronis
756 4340 1186 4421 familiares
1224 4342 1791 4445 prodiderant,
1846 4337 2073 4444 quod
2115 4363 2320 4442 opus
2350 4340 2447 4416 ab

1799 4465 2036 4536 Δ31οῑ
