2882 5028
652 354 829 427 AD
930 352 1587 431 LIBRUM
1691 355 1819 429 VI
2156 363 2353 439 1009

92 542 164 601 in
187 549 430 616 monte3
472 541 634 601 viam
685 542 835 601 adeo
879 560 990 621 per
1033 541 1165 600 loca
1205 561 1419 621 parum
1465 540 1737 602 habitata
1780 552 1840 602 et
1879 562 1989 623 per
2026 544 2232 607 lucum
2274 549 2355 609 ad

91 626 254 686 illud
283 626 557 699 duxisse,
596 637 656 686 et
684 628 751 688 in
788 628 976 687 latere
1001 628 1225 688 montis
1246 626 1529 688 horridos
1560 648 1771 726 specus
1795 629 2141 692 occurrisse.

274 712 420 771 Fuit
445 722 646 772 autem
675 712 795 773 hoc
822 712 1113 792 Apollinis
1151 714 1443 792 templum
1488 733 1565 773 ex
1601 714 2052 792 antiquissimis,
2109 717 2352 780 Daedali

90 797 256 857 illud
285 818 436 878 opus
467 797 742 859 habitum
776 797 874 877 (vt
900 800 979 862 14
1004 797 1157 880 sqq.)
1186 807 1507 877 statuaque
1532 799 1632 858 dei
1659 800 1920 860 colossea
1946 800 2351 866 nobilitatum.

87 885 343 943 Servius
373 881 451 942 ad
497 904 553 944 v.
580 889 621 948 9
657 883 719 944 h.
749 883 915 944 libri·
963 885 1206 943 Caelius
1236 885 1393 943 enim
1436 886 1527 961 (L.
1560 885 1793 946 Caelius
1828 887 2180 968 Antipater,
2246 892 2351 969 qui

88 968 239 1028 belli
276 969 486 1028 Punici
525 969 578 1029 11
605 968 918 1029 historiam
959 968 1222 1051 scripsit)
1254 969 1329 1028 cle
1362 970 1633 1028 Cumano
1662 971 1945 1048 Apolline
1975 976 2101 1034 aa.-
2143 978 2258 1034 Est
2285 979 2352 1036 in

80 1055 251 1132 sano
299 1057 545 1132 signum
588 1057 894 1134 Apollinis
944 1057 1247 1132 lignum,
1323 1056 1520 1114 altam
1558 1076 1680 1114 non
1718 1060 1919 1115 minus
1961 1060 2151 1136 pedes
2193 1062 2348 1138 XV,

88 1143 274 1198 cuius
297 1142 633 1199 meminisse
652 1153 910 1219 putatur
942 1143 1010 1201 V
1003 1142 1245 1218 agilius
1280 1139 1367 1221 (v.
1418 1144 1458 1204 9
1507 1142 1671 1200 allus
1704 1142 1968 1218 Apollo,·
2029 1143 2134 1202 sed
2167 1142 2286 1204 hoc
2313 1166 2350 1204 a

88 1224 224 1284 situ
274 1225 481 1305 templi
523 1227 797 1304 petitum.
883 1225 1286 1285 Altitudinem
1320 1233 1523 1284 tamen
1570 1245 1692 1286 non
1723 1226 2031 1304 vulgarem
2072 1226 2350 1292 habuisse

87 1310 389 1389 templum
418 1329 649 1369 necesse
691 1321 816 1386 est,
873 1332 1010 1371 cum
1043 1313 1107 1370 in
1140 1331 1210 1370 eo
1247 1311 1481 1390 signum
1517 1320 1719 1380 tantae
1757 1312 2179 1391 magnitudinis
2219 1316 2349 1377 col-

88 1396 364 1455 locatum
393 1414 516 1455 esse
556 1398 844 1475 potuerit,
888 1406 949 1456 et
974 1416 1112 1456 cum
1136 1418 1194 1456 v.
1228 1401 1306 1460 19
1340 1400 1639 1456 ianmania
1664 1399 1891 1475 templa
1925 1399 2347 1484 appellentur).

89 1483 186 1539 De
220 1501 291 1540 eo
339 1483 457 1542 Cic.
505 1481 579 1540 de
609 1482 739 1542 Div.
773 1483 818 1557 1,
862 1481 947 1549 43
988 1483 1180 1561 quid?
1243 1502 1383 1540 cam
1431 1482 1635 1541 Οιιηιιε
1679 1482 1906 1559 Apollo
1947 1485 2234 1546 sudavit?
2289 1495 2349 1546 et

89 1568 448 1644 obsequens
476 1568 680 1633 c.114
712 1569 918 1626 Cumis
946 1571 1011 1626 in
1036 1589 1173 1625 arce
1211 1568 1525 1645 Apollinis
1553 1570 1946 1626 simulacrum
1967 1571 2210 1629 sudavit
2234 1572 2347 1632 sub

90 1675 146 1713 a.
186 1657 330 1726 662,
375 1671 513 1730 ergo
559 1660 687 1711 tum
714 1653 915 1712 adhuc
941 1662 1267 1731 supererat.
1353 1650 1487 1710 Alia
1529 1652 1605 1711 de
1643 1673 1713 1712 eo
1759 1652 2037 1732 Apolline
2077 1655 2347 1736 prodigia

90 1748 349 1798 narrant
376 1738 502 1799 Liv.
533 1738 737 1815 XLIII,
783 1738 882 1811 15,
938 1738 1247 1815 Augustin.
1281 1739 1345 1795 C.
1375 1737 1440 1797 Ι).
1476 1737 1576 1811 ΠΙ,
1628 1743 1724 1803 11.
1812 1739 2118 1799 Celebratn
2146 1750 2348 1802 autem

91 1823 388 1903 Apollinis
428 1823 632 1901 religio
678 1833 810 1883 erat
849 1824 965 1882 iam
1009 1825 1070 1882 in
1125 1826 1308 1883 Cume
1347 1842 1454 1883 seu
1496 1824 1697 1902 Cyme,
1720 1823 2008 1884 Aeolidis:
2070 1825 2177 1885 ubi
2219 1827 2347 1887 eius

90 1909 390 1987 templum
430 1909 847 1987 clarissimum,
893 1930 1031 1969 cum
1060 1909 1303 1969 oraculo
1341 1908 1410 1967 in
1447 1928 1566 1986 quo
1593 1909 1934 1971 Alexander
1958 1930 2197 1988 quoque
2232 1912 2346 1972 de-

94 1995 409 2054 dicaverat
465 1993 878 2075 lychnuchum
926 1996 1219 2076 praeclari
1275 1994 1503 2074 operis:
1568 1995 1694 2057 vid.
1749 1996 2009 2057 Plinium
2060 1997 2346 2075 XXXIV,

95 2085 153 2145 3.
190 2101 236 2139 s.
270 2083 328 2143 8.

266 2164 334 2223 In
364 2185 610 2226 ascensu
641 2165 721 2226 ad
749 2168 1039 2247 templum
1070 2169 1241 2227 lucus
1279 2170 1524 2226 Triviae
1550 2168 1666 2226 suit
1689 2164 1773 2248 (v.
1808 2167 1936 2248 18),
1976 2166 2043 2225 in
2069 2187 2189 2246 quo
2213 2168 2345 2250 ipso
2408 2221 2413 2238 ,

92 2251 384 2330 templum
425 2252 577 2310 illud
617 2253 908 2331 Apollinis
967 2253 1211 2313 videtur
1266 2253 1446 2312 fuisse
1491 2253 1820 2312 conditum.
1920 2253 2077 2313 Dum
2115 2257 2346 2315 Aeneas

93 2346 513 2414 argumentum
541 2337 603 2396 in
631 2339 860 2398 foribus
882 2340 1086 2419 templi
1115 2339 1421 2417 sculptum
1452 2340 1911 2418 contemplatur,
1967 2340 2243 2398 arcessita
2270 2340 2345 2400 ab

93 2422 322 2481 Achate
363 2420 697 2501 Deiphobe,
756 2423 981 2484 Phoebi
1047 2426 1402 2501 Triviaeque
1450 2427 1728 2484 sacerdos
1783 2426 1872 2503 (v.
1910 2423 2040 2505 35),
2084 2427 2348 2486 Teucros

94 2518 276 2568 vocat
317 2509 450 2567 alta
481 2511 546 2566 in
592 2511 842 2588 templa,
902 2532 963 2570 v.
1000 2509 1105 2574 40.
1191 2511 1354 2570 Haec
1393 2508 1469 2568 de
1499 2508 1791 2586 Apollinis
1821 2510 2047 2588 templo
2090 2512 2141 2569 si
2186 2512 2347 2571 acci-

95 2597 255 2674 pias,
299 2603 465 2652 totus
489 2613 694 2655 rerum
733 2598 885 2655 ordo
917 2596 1238 2673 turbatur,
1292 2596 1398 2655 sed
1428 2593 1688 2673 Sibyllae
1725 2604 1999 2669 antrum,
2041 2592 2345 2674 μἀντεῖον,

92 2679 544 2757 intelligendum
574 2699 727 2756 esse,
769 2683 1153 2741 manifestum
1180 2682 1286 2758 flt3
1336 2691 1397 2740 et
1428 2680 1747 2740 subiicitur
1777 2682 2009 2738 statim:
2053 2682 2347 2740 Excisum

94 2767 400 2825 Euboicae
428 2766 590 2824 latus
622 2770 834 2844 ingens
856 2770 1027 2845 rupis
1057 2766 1140 2849 (h.
1174 2786 1222 2826 e.
1256 2765 1509 2840 montis,
1555 2766 1649 2824 cui
1679 2766 1972 2842 templum
1997 2765 2346 2844 impositum

94 2850 250 2932 erat)
294 2852 356 2907 in
387 2863 646 2910 antrum.
697 2853 771 2912 cf.
808 2873 866 2913 v.
900 2857 959 2916 9.
997 2858 1074 2918 10
1113 2862 1175 2913 et
1202 2872 1332 2931 sup.
1374 2851 1474 2925 111,
1520 2851 1662 2915 443.
1747 2850 1932 2909 Abest
1968 2859 2168 2910 autem
2208 2851 2344 2931 pal-

94 2941 201 2996 mis
237 2936 452 2994 CCXX
484 2937 558 2995 ab
589 2938 956 3016 Areufiliei
973 2981 991 3011 ,
1040 2958 1187 3015 quas
1215 2937 1508 3017 Apollinis
1540 2936 1746 3015 templi
1791 2936 1998 2995 ruinas
2026 2955 2153 2994 esse
2179 2935 2344 2995 dixi-

93 3043 257 3096 mus,
304 3030 550 3099 crypta,
594 3024 896 3082 communi
937 3023 1214 3102 opinione
1266 3045 1377 3104 pro
1420 3022 1678 3100 Sibyllae
1725 3031 1901 3080 antro
1946 3019 2170 3079 habita.
2217 3021 2343 3082 vid.

93 3108 378 3167 Mazzella
409 3108 484 3165 ‹lo
527 3109 661 3167 Situ
698 3109 926 3168 Puteol.
968 3120 1029 3167 et
1069 3110 1237 3167 Cum.
1271 3131 1320 3169 c.
1355 3113 1458 3173 29.
1548 3107 1613 3165 In
1649 3107 1934 3166 interiore
1975 3106 2135 3164 antri
2173 3114 2345 3183 parte

94 3196 381 3274 adytum,
425 3192 488 3251 in
516 3213 635 3269 quo
661 3193 969 3274 Deiphobe
1003 3194 1097 3253 dei
1123 3195 1394 3255 afflatum
1433 3192 1796 3271 excipiebat3
1858 3191 1982 3271 ipse
2013 3192 2240 3251 Aeneas
2263 3193 2345 3252 ad

92 3282 424 3360 ingressum
454 3280 616 3337 antri
656 3280 1042 3340 substiterat:
1084 3281 1226 3340 vide
1253 3301 1311 3340 v.
1340 3281 1424 3344 45
1465 3282 1725 3340 Ventum
1757 3289 1884 3337 erat
1918 3278 2009 3335 ad
2046 3280 2231 3336 limen
2281 3287 2345 3337 et

96 3370 166 3432 81
215 3365 393 3423 Ostia
425 3365 667 3443 iamque
703 3367 917 3424 domus
948 3379 1199 3444 patuere
1222 3398 1310 3411 —
1338 3375 1401 3423 et
1449 3368 1530 3429 98
1570 3362 1817 3421 Talibus
1861 3383 1934 3421 ex
1960 3363 2141 3441 adyto
2168 3363 2344 3422 dictis

99 3484 195 3511 —.
245 3448 496 3507 Difficile
521 3459 721 3509 tamen
761 3462 851 3511 est
898 3452 977 3510 ad
1023 3451 1485 3530 assequendum,
1531 3468 1684 3526 quae
1724 3448 1842 3508 loci
1887 3450 2106 3526 species
2134 3446 2343 3508 bacin

96 3545 270 3615 parte
310 3543 520 3614 poetae
565 3536 765 3594 animo
811 3538 1127 3597 obversata
1164 3539 1258 3596 sit.
1343 3537 1496 3596 Vide
1538 3534 1719 3594 enim:
1779 3543 1989 3593 narrat
2032 3555 2118 3595 vs.
2150 3537 2234 3600 42
2276 3535 2345 3594 in

93 3622 264 3701 rupis
316 3622 611 3680 Cumanae
651 3621 835 3682 latere
896 3636 1137 3682 anuum
1165 3667 1181 3696 ‚
1242 3643 1360 3702 quo
1407 3625 1527 3681 lati
1573 3621 1799 3678 ducunt
1838 3620 2041 3678 aditus
2081 3633 2338 3694 centum,

95 3712 249 3766 ostia
279 3720 512 3765 centum
530 3751 548 3781 ,
597 3709 753 3766 uncle
785 3721 967 3767 rumzc
1010 3709 1255 3766 totidem
1286 3729 1456 3767 voces
1475 3749 1493 3780 ,
1540 3726 1829 3784 responsa
1854 3704 2140 3782 Sibyllae.
2233 3708 2342 3763 Se—

96 3792 367 3852 cundum
406 3790 555 3851 haec
582 3812 819 3852 censeas
859 3795 1018 3853 antri
1046 3794 1247 3853 aditus
1277 3803 1340 3852 et
1372 3794 1525 3852 ostia
1558 3792 1766 3870 plura,
1822 3811 2037 3869 magno
2073 3809 2340 3864 numero,

95 3879 292 3938 fuisse.
387 3878 666 3936 Attamen
714 3880 1051 3958 subiungit:
1128 3893 1370 3938 ventum
1406 3891 1537 3936 erat
1582 3877 1671 3934 acl
1706 3878 1931 3937 limen.-
2006 3874 2169 3951 quod
2202 3893 2343 3932 saue

97 3984 213 4023 non
242 3964 445 4043 potuit
487 3983 611 4022 esse
648 3974 888 4024 centum
915 3967 1239 4041 ostiorum,
1291 3965 1398 4024 sed
1444 3972 1686 4023 tantum
1716 3966 1935 4022 tinius.-
1992 3968 2153 4020 stant
2187 3978 2344 4036 quo-

95 4068 205 4125 que
234 4069 326 4108 VS.
351 4047 433 4111 47
462 4051 817 4128 anteferes,
869 4070 1082 4128 easque
1111 4053 1357 4110 clausas.
1444 4051 1596 4108 Nam
1620 4068 1681 4108 v.
1711 4047 1813 4112 52.
1859 4047 1941 4110 53
1967 4065 2155 4124 neque
2184 4046 2344 4102 enim

96 4149 229 4194 ante
257 4134 560 4193 dehiscent
592 4139 879 4195 attonitae
912 4158 1147 4215 magna
1192 4158 1298 4196 ora
1324 4137 1559 4195 (lomus.
1652 4134 1835 4192 Fores
1867 4151 2012 4188 mox
2052 4129 2340 4211 aperiun-

95 4227 192 4280 tur
224 4228 291 4279 et
323 4218 591 4298 Sibylla
574 4241 638 4279 ιιι
669 4220 923 4301 adytum
947 4222 1161 4298 irruit,
1203 4243 1345 4281 nam
1369 4243 1430 4284 v.
1456 4225 1539 4287 98
1565 4220 1790 4281 talibus
1815 4235 1892 4275 ex
1920 4214 2104 4293 adyto
2136 4213 2336 4274 dictis.

95 4306 398 4367 enimvero
424 4324 589 4365 nunc
610 4327 700 4367 vs.
736 4312 814 4372 81
849 4318 1026 4388 poeta
1051 4320 1287 4367 centum
1312 4312 1469 4367 ostia
1501 4312 1822 4367 memorat:
1893 4301 2066 4359 Ostia
2097 4302 2342 4380 iamque

95 4392 302 4452 domus
322 4402 575 4469 patuere
603 4395 877 4471 ingentia
905 4406 1140 4455 eentum
1163 4406 1371 4473 sponte
1395 4415 1513 4453 sua
1540 4394 1810 4471 vatisque
1827 4386 2036 4466 serunt
2059 4406 2342 4464 responsa

188 4493 508 4568 Vnica.
557 4493 769 4571 ΤοΜ.
823 4496 916 4573 Π.
1688 4590 1691 4597 „
1820 4487 1926 4560 64
