2882 5028
520 312 934 390 »ΑΒ
1037 312 1695 388 LIBRUM
1797 312 1887 386 11
2093 337 2096 338 f
2303 317 2456 391 433

679 581 1601 696 ,ExcURsth
1717 527 1958 716 xv

420 757 942 827 Praedictio
1003 754 1303 822 aditus
1356 753 1859 841 Hesperiae·
1892 750 2263 818 obscura.

389 935 462 1013 11,
503 936 649 998 781.
675 933 805 997 782
845 930 955 990 Ad
973 941 1188 987 terram
1215 928 1581 1004 Hesperiam
1613 928 1809 985 venies
1827 968 1846 1000 ‚
1893 922 1999 982 ubi
2021 926 2269 1003 Lydius
2304 948 2455 986 awa

236 1023 391 1081 Inter
413 1024 617 1099 opima
645 1020 840 1091 uirum
866 1017 991 1074 leni
1002 1015 1157 1091 fluit
1181 1016 1429 1091 agmine
1477 1011 1725 1090 Thybris
1744 1034 1763 1068 .-
1819 1010 1961 1067 Illic
1988 1031 2079 1068 res
2121 1012 2317 1071 laetae
2357 1034 2455 1070 re-

213 1127 521 1187 ›gnwnque
545 1117 604 1163 et
626 1106 801 1181 regia
828 1104 1048 1160 coniux
1074 1101 1275 1157 Parta
1301 1096 1431 1157 tibi.
1526 1098 1592 1157 In
1644 1095 1740 1155 his
1768 1094 2039 1154 versibus
2078 1097 2275 1174 gravis
2313 1116 2456 1156 cen-

235 1212 363 1252 sura
395 1199 611 1272 poetae
650 1186 934 1248 occurrit.
1017 1183 1316 1244 Audierat
1343 1182 1567 1242 scilicet
1600 1181 1822 1241 Aeneas
1858 1180 1979 1238 iam
2003 1188 2136 1239 tum
2160 1201 2236 1240 ex
2265 1182 2457 1243 Creu-

212 1293 323 1354 sa,
362 1298 542 1357 quaxn
577 1276 647 1335 in
670 1284 896 1334 terram
931 1271 1056 1330 sata
1088 1289 1222 1328 eum
1254 1277 1450 1328 essent
1483 1269 1766 1328 ductura:
1823 1274 2001 1325 norat
2029 1265 2374 1348 Hesperiam
2399 1277 2463 1327 et

231 1364 518 1441 Tiberim3
560 1362 686 1442 ipse
730 1357 990 1418 Tiberim
1025 1357 1088 1415 in
1123 1354 1385 1414 discessu
1414 1353 1488 1413 ab
1523 1349 1939 1414 Andromache
1971 1352 2131 1411 facto
2167 1363 2462 1413 memorat

208 1450 324 1510 tib.
346 1449 443 1527 m,
476 1451 610 1515 500
642 1466 731 1524 sq.
770 1444 1009 1504 Latium
1034 1440 1207 1500 sociis
1229 1439 1493 1500 ostendit
1530 1440 1807 1499 laborum
1848 1436 2028 1496 finem
2056 1438 2099 1514 1,
2135 1439 2264 1503 205
2300 1441 2458 1498 Ten-

230 1536 419 1595 dimus
443 1539 509 1594 in
541 1535 799 1592 Latium
817 1538 928 1588 etc.
959 1537 1020 1587 et
1045 1525 1334 1607 Apollinis
1365 1526 1591 1606 Grynei
1630 1522 1971 1599 oraculum,
2016 1523 2182 1601 quod
2219 1524 2322 1583 lib.
2359 1524 2458 1601 lv,

228 1620 363 1688 845.
406 1617 538 1685 34'6
572 1619 647 1678 de
672 1616 911 1676 sedibus
943 1613 1010 1673 in
1031 1612 1202 1672 Italia
1227 1613 1356 1672 fato
1398 1611 1706 1670 destinatis
1742 1608 1907 1671 haud
1935 1608 2115 1668 dubie
2156 1609 2278 1668 iam
2323 1618 2460 1669 ante

231 1706 545 1766 disemum
576 1724 608 1763 e
633 1702 814 1763 Troia
843 1708 1171 1778 acceperat.
1256 1697 1445 1777 Atqui
1489 1697 1551 1755 in
1596 1706 1879 1775 sequente
1921 1693 2077 1754 libro
2111 1693 2368 1753 Aeneam
2397 1695 2460 1753 in

230 1791 507 1869 Thracia,
556 1808 704 1850 mox
728 1789 792 1847 in
822 1789 1000 1846 Creta
1032 1784 1339 1844 considere
1370 1781 1733 1857 videbimus,
1794 1780 2114 1858 Hesperiae
2143 1789 2205 1839 et
2229 1780 2458 1839 Tiberis

228 1878 394 1958 plane
434 1879 882 1948 immemorem,
942 1890 1133 1949 neque
1176 1870 1490 1930 oraculum
1531 1867 1822 1946 Apollinis
1847 1868 1910 1927 in
1959 1866 2101 1925 Delo
2132 1875 2461 1946 acceptum,

229 1984 331 2024 nec
354 1963 674 2024 Penatium
700 1959 997 2018 monitum
1025 1956 1091 2015 in
1128 1953 1297 2016 hunc
1323 1974 1562 2015 sensum
1588 1955 2084 2032 interpretantem
2100 1994 2119 2025 ,
2137 1951 2335 2029 “quod
2367 1959 2463 2010 ta-

228 2070 352 2110 men
385 2053 589 2110 faeere
606 2063 841 2107 necesse
864 2052 993 2103 erat
1023 2042 1094 2117 ei,
1138 2043 1239 2120 qui
1265 2039 1416 2099 haec
1443 2060 1518 2098 ex
1550 2042 1795 2117 coniuge
1821 2057 1925 2099 sua
1952 2036 2244 2097 audierat.
2288 2037 2463 2111 Quo-

228 2137 397 2195 modo
425 2155 617 2216 porro
648 2132 891 2191 classem
917 2146 1130 2209 parare
1159 2134 1444 2207 poterant
1464 2125 1561 2200 ΠΙ,
1590 2130 1630 2191 7
1661 2128 1885 2183 Incerti
1921 2144 2037 2202 quo
2056 2122 2458 2201 sumserunt,

229 2222 325 2281 uhi
361 2227 569 2281 sistere
608 2218 822 2277 detur?
858 2223 922 2273 et
961 2217 1065 2279 88.
1113 2214 1306 2290 Quem
1344 2211 1694 2291 sequimur?
1747 2229 1934 2290 quove
1976 2211 2060 2266 ire
2097 2207 2307 2266 iubes?
2361 2206 2466 2266 ube

224 2328 427 2384 ponere
451 2304 676 2365 sedes?
717 2302 786 2362 In
814 2299 1114 2360 Servianis
1156 2299 1272 2356 iam
1308 2297 1450 2356 olim
1483 2295 1973 2374 suissevidetur‚
2032 2293 2134 2370 qui
2173 2291 2323 2352 haee
2352 2292 2464 2351 de-

228 2392 651 2472 prehenderet:
701 2390 822 2448 Cur
847 2386 1029 2464 ergo.
1057 2384 1273 2462 inquit,
1297 2384 1539 2441 Aeneas
1563 2381 1774 2439 horum
1797 2403 1916 2439 non
1945 2380 2212 2436 meminit
2243 2391 2301 2437 et
2321 2399 2464 2438 eon-

227 2480 361 2539 sidit
403 2483 469 2540 in
527 2476 800 2537 Thracia
838 2486 894 2533 et
937 2473 1082 2530 alias
1117 2469 1311 2528 locate?
1393 2469 1472 2527 Et
1507 2465 1583 2527 ad
1626 2466 1725 2542 ΙΙΙ,
1783 2470 1898 2530 181
1952 2462 2129 2522 etiam
2183 2464 2328 2523 alios
2368 2462 2468 2523 hic

227 2562 467 2625 haesisse
506 2561 787 2624 intellexi
826 2578 859 2616 e
912 2558 1111 2616 Burm.
1158 2564 1333 2615 nota..
1407 2555 1614 2614 Potest
1645 2561 1844 2611 tamen
1887 2548 2145 2626 aliquid,
2192 2569 2304 2610 nec
2341 2549 2466 2608 sine

228 2652 416 2729 colore
432 2697 450 2728 ‚
506 2645 900 2727 responderi:
971 2641 1136 2720 quod
1187 2643 1491 2717 Hesperia
1537 2639 1666 2698 sive
1707 2639 1899 2696 Italia
1941 2644 2106 2693 terra
2158 2642 2286 2694 tum
2343 2642 2470 2694 erat

226 2736 415 2816 ignota
432 2782 448 2813 ‚
495 2732 746 2795 obscuri
774 2728 1032 2789 nominis
1058 2736 1120 2785 et
1144 2726 1330 2806 ignoti
1352 2725 1522 2800 situs,
1571 2723 1764 2783 multo
1795 2722 1977 2801 magis
2004 2719 2265 2796 Tiberin
2305 2718 2470 2779 unde

228 2822 298 2881 de
323 2844 391 2883 eo
423 2840 560 2884 non
590 2818 743 2877 male
773 2817 883 2875 ins.
906 2814 1014 2872 lib.
1052 2812 1123 2886 V,
1167 2814 1249 2876 83
1293 2811 1632 2871 Ausonium
1653 2853 1670 2883 ,
1699 2868 1704 2874 ,
1731 2809 2069 2886 quicunque
2102 2813 2223 2880 est,
2277 2826 2469 2884 quae-

226 2928 339 2968 ure
371 2907 703 2984 Thybrin&
747 2900 1030 2980 quodque
1059 2898 1314 2956 Creusae
1346 2896 1679 2969 monitum,
1724 2902 1797 2951 ut
1823 2894 2017 2953 solent
2054 2910 2149 2950 res
2183 2891 2470 2950 obscurae

227 3003 327 3054 aut
367 2995 578 3054 minus
624 2986 993 3069 probabiles,
1049 3003 1265 3063 parum
1308 2982 1426 3041 alte
1464 2983 1528 3041 in
1570 2983 1801 3038 Aeneae
1843 2978 2105 3038 animum
2144 2975 2470 3036 descende—

227 3089 350 3140 rat:
389 3101 519 3140 non
557 3074 741 3154 magis
771 3094 842 3132 ac
865 3069 1232 3130 Cassandrae
1257 3068 1610 3128 vaticinium
1644 3065 1747 3125 lib.
1779 3064 1879 3141 111,
1928 3066 2050 3127 188
2087 3082 2215 3140 sqq.
2298 3060 2471 3120 Unde

229 3174 287 3224 et
309 3164 606 3226 Anchises
627 3161 714 3221 ibi
742 3157 1016 3236 adiungit
1041 3175 1101 3215 v.
1132 3160 1274 3221 186.
1304 3157 1425 3218 187
1456 3156 1580 3213 Sed
1602 3155 1741 3232 quis
1775 3150 1863 3209 ad
1883 3152 2220 3225 Hesperiae
2259 3159 2482 3206 ventu-¹

231 3272 319 3309 ros
340 3255 549 3311 liuor-a
588 3249 843 3306 Teucros
862 3242 1152 3302 crederet!
1197 3238 1367 3318 Bona·
1391 3241 1570 3299 estin
1594 3237 1755 3298 hauc
1783 3238 1905 3296 sere
1935 3231 2295 3294 sententiam
2324 3242 2471 3292 nota

231 3332 649 3398 Holdsworthi
693 3352 753 3412 p.
797 3334 943 3396 236.
985 3328 1063 3387 es.
1098 3346 1158 3406 p.
1200 3328 1343 3390 232.

1135 3560 1544 3571 Μ’*-

744 3753 1595 3848 ExcURsUs
1695 3684 2038 3833 xvl'

530 3929 1139 4010 Luciferi
1239 3934 1599 3991 ortus
1701 3914 1832 3983 ab
1930 3912 2179 3979 Ida.

398 4109 472 4185 11,
516 4110 644 4172 801
686 4108 941 4185 Iamque
971 4105 1136 4180 iugis
1158 4117 1430 4158 sununae
1468 4089 1752 4171 surgebat
1778 4084 2031 4165 Lucifer
2068 4084 2222 4145 Idae
2270 4082 2481 4140 Duce-

233 4190 449 4273 batque
493 4193 677 4265 diem.
769 4191 929 4250 Noto
988 4195 1307 4268 poetarum
1360 4198 1529 4241 more
1581 4177 1776 4237 sidera
1832 4170 2137 4231 montibus
2198 4166 2481 4227 oriuntur

233 4278 692 4355 vel·oocidunt;
746 4297 807 4338 v.
848 4295 900 4335 c.
948 4272 1229 4353 Apollon.
1267 4271 1324 4344 Ι,
1375 4270 1572 4340 12733
1642 4279 1817 4341 quem
1859 4266 2060 4318 autem
2093 4254 2273 4314 alium
2301 4267 2481 4326 quam

235 4361 411 4424 Idam,
444 4374 714 4424 mont·-
757 4377 1090 4422 memorare
1128 4356 1191 4417 h.
1230 4355 1273 4415 1.
1320 4359 1556 4434 poterat
1593 4346 1810 4430 poeta?
1894 4343 1990 4403 Ita
2035 4338 2239 4415 Eurip.
2262 4332 2482 4394 Troad.

336 4465 648 4541 Vnum..
704 4465 914 4537 Tom.
969 4459 1064 4535 ΙΙ.
1609 4540 1612 4543 Δ
1966 4444 2070 4514 28
