2882 5028
731 382 913 453 AD
1019 377 1672 451 LIBRUM
1777 380 1892 454 Vl
2252 384 2445 458 1035

197 578 262 629 et
288 569 416 628 vita
453 567 795 627 suturarum
836 567 1089 647 speciem
1130 576 1191 628 et
1232 567 1637 627 conditionem
1676 585 1847 625 nemo
1892 567 2235 627 mortalium
2275 569 2448 628 aliter

196 657 564 714 constituere
605 654 809 733 potuit
854 663 960 713 aut
988 662 1205 732 potest,
1250 673 1431 732 quam
1473 673 1550 712 ex
1591 652 1754 713 vitae
1788 670 1929 711 suae
1963 655 2304 713 notionibus
2345 674 2447 714 re-

195 758 457 817 rumque
505 739 866 798 conditione.
967 736 1090 799 Nec
1134 739 1307 798 aliter
1351 760 1386 797 a
1434 739 1675 799 vatibus
1719 738 2002 797 Hebraeis
2042 740 2116 798 de
2157 740 2227 799 iis
2266 740 2447 799 rebus

197 836 403 885 actum
442 833 563 901 est;
606 844 719 884 nec
746 824 916 884 aliter
941 845 1210 902 unquam
1237 825 1328 903 agi
1356 826 1596 903 poterit.

371 910 723 989 Exemplum
757 909 939 969 huius
979 910 1067 970 rei
1108 929 1231 968 esse
1272 919 1514 989 poterat
1542 911 1665 990 ipse
1697 909 1864 968 Plato
1896 909 1958 967 in
1984 906 2104 968 hoc
2146 908 2220 968 de
2244 909 2447 969 inferis

198 996 379 1056 rebus
404 995 554 1055 loco.
644 997 759 1054 Ter
782 996 880 1056 vel
913 1005 1127 1073 quater
1152 995 1318 1054 hunc
1339 1015 1672 1054 sermonem
1701 995 1960 1053 instituit
1975 1043 1993 1071 ,
2036 995 2285 1054 diversis
2309 996 2444 1073 qui-

200 1082 340 1141 dem
373 1080 586 1155 modis,
630 1090 695 1139 at
733 1081 955 1159 ubique
992 1081 1263 1159 mytlmm
1303 1099 1365 1138 se
1395 1081 1605 1141 afferre
1641 1080 1981 1159 profitetur.
2068 1081 2445 1139 Mirationem

199 1186 344 1226 sane
376 1166 523 1224 haec
559 1186 657 1224 res
688 1167 884 1226 facere
933 1175 1173 1245 poterat
1202 1187 1271 1224 ac
1297 1166 1573 1226 debebat.
1658 1166 1792 1225 Non
1822 1165 2002 1223 modo
2025 1164 2143 1225 hoc
2165 1167 2252 1224 ita
2287 1165 2359 1225 fit
2383 1166 2446 1225 in

198 1252 514 1311 notissimo
539 1250 873 1311 Phaedonis
899 1251 1031 1311 loco
1059 1273 1117 1332 p.
1158 1255 1241 1315 80
1270 1271 1427 1330 seqq.
1460 1252 1536 1311 de
1563 1253 1790 1310 mundo
1815 1249 2112 1327 aethereo,
2145 1252 2445 1311 bonorum

198 1337 376 1411 sede,
419 1346 511 1411 et,
556 1344 751 1396 terrae
772 1338 1088 1416 voragine,
1147 1337 1435 1413 Tartar03
1495 1338 1602 1396 ubi
1640 1336 1750 1396 sub
1782 1338 1819 1396 f.
1850 1336 2082 1397 adiicit:
2141 1336 2330 1411 „haec
2363 1338 2445 1395 ita

200 1442 304 1501 „se
348 1421 605 1498 habere,
653 1441 827 1481 nemo
873 1444 1052 1481 sanus
1093 1431 1347 1494 asserat,
1390 1432 1591 1482 tamen
1621 1432 1693 1481 nt
1731 1423 1829 1480 vel
1858 1423 1941 1480 sic
1973 1423 2069 1483 vel
2103 1423 2217 1481 alio
2262 1422 2445 1481 modo

200 1528 339 1586 „res
372 1527 434 1566 se
478 1506 756 1567 habitura
1646 1527 1929 1585 orumque
1973 1508 2246 1584 sedibus,
2308 1527 2446 1567 cum

202 1595 331 1671 „illi
357 1594 723 1651 immortales
1646 1603 1981 1653 ientaneum
2024 1603 2147 1670 est,
2190 1595 2275 1652 ita
2304 1613 2446 1652 sen-

204 1681 433 1756 „tire.“
520 1678 743 1739 Verum
1646 1679 1823 1737 rideas
1860 1678 2316 1759 philosophum,
2373 1688 2442 1739 ut

202 1764 434 1843 mythos
475 1786 552 1821 ac
578 1778 756 1823 vetere
1646 1786 1672 1823 ι.
1691 1766 1770 1840 Χ,
1814 1765 1927 1823 sub
1961 1765 2024 1841 f.,
2067 1765 2171 1823 ubi
2206 1764 2280 1822 de
2311 1764 2444 1823 ani-

202 1869 437 1910 marum
467 1869 705 1908 accessu
734 1871 756 1907 a
1646 1870 1830 1923 sensu,
1888 1851 2164 1929 praemiis
2192 1870 2263 1907 ac
2294 1869 2444 1929 poe-

201 1937 294 1995 nis
324 1935 617 2015 decuplis,
662 1936 756 1993 Eri
1646 1954 1706 1993 se
1735 1938 1988 2011 fatetur3
2048 1946 2109 1994 et
2135 1935 2198 1994 in
2225 1935 2443 2014 Gorgia

201 2022 313 2081 sub
344 2021 448 2079 fin.
479 2020 553 2078 de
582 2021 756 2079 tribu:
1646 2020 1731 2096 is,
1793 2020 1985 2098 deque
2019 2021 2228 2079 animis
2265 2020 2443 2079 nudis

200 2106 612 2184 inspiciendis,
679 2125 755 2165 ve
1646 2125 1741 2164 are
1794 2106 1948 2165 velle
1994 2115 2214 2165 monet.
2303 2107 2443 2179 Quo

201 2192 379 2251 etiam
408 2190 654 2270 mythus
683 2190 756 2250 de
1646 2213 1688 2250 ,n
1717 2190 1987 2251 Phaedro
2026 2212 2084 2270 p.
2129 2195 2292 2255 1123
2316 2191 2366 2252 F
2368 2193 2442 2250 rs.

202 2279 301 2336 Sic
327 2285 388 2334 et
410 2278 473 2335 in
502 2275 773 2336 Axiocho
808 2280 919 2336 sub
952 2280 991 2336 f.
1018 2296 1093 2335 ex
1120 2280 1655 2356 Hyperboraei-um
1687 2277 1905 2337 tabulis
1948 2278 2011 2336 in
2049 2277 2195 2336 Delo
2237 2296 2445 2338 serva-

204 2364 280 2423 tis
304 2362 489 2441 petita
516 2362 736 2420 dicitur
756 2361 956 2421 afferri
984 2362 1272 2421 narratio.

367 2448 496 2506 Etsi
519 2466 666 2506 vero
702 2446 931 2526 Virgilii
962 2450 1161 2505 animo
1188 2446 1491 2505 Platonica
1526 2445 1744 2526 placita
1763 2447 2044 2507 insedisse
2072 2467 2255 2528 supra
2280 2446 2447 2506 haud

201 2534 559 2611 negaverim,
598 2553 725 2593 non
756 2543 956 2592 tamen
996 2532 1096 2591 ille
1124 2532 1433 2609 putandus
1472 2541 1562 2591 est
1587 2532 1850 2592 Platonis
1863 2532 2297 2613 philosophiam
2327 2553 2446 2592 no-

202 2620 293 2678 bis
319 2629 624 2696 tamquam
647 2619 877 2677 trutina
912 2616 1260 2696 appendisse
1286 2625 1391 2675 aut
1416 2636 1865 2693 annumerasse,
1909 2627 1981 2677 ut
2008 2618 2157 2675 adeo
2185 2617 2262 2676 ad
2282 2619 2444 2676 illam

201 2706 401 2764 omnia
438 2705 710 2764 revocari
739 2704 1001 2782 possint3
1043 2721 1256 2762 verum
1287 2702 1526 2760 miscuit
1562 2703 1661 2760 ille
1696 2702 2063 2781 Pythagorea
2092 2703 2444 2778 Platonicis;

203 2802 336 2850 tum
364 2790 694 2849 tenendum
726 2798 839 2865 est,
897 2787 1409 2868 philosophemata
1451 2788 1619 2846 illum
1670 2807 1805 2846 cum
1848 2788 2068 2846 dilectu
2117 2797 2176 2846 et
2213 2789 2444 2867 poetica

199 2877 328 2953 lege
354 2884 671 2950 tractasse,
716 2883 779 2934 et
811 2874 889 2932 ad
916 2875 1189 2951 vulgares
1214 2872 1521 2951 opiniones
1549 2882 1609 2931 et
1631 2873 1982 2952 popularem
2007 2872 2445 2952 philosophiam

202 2960 541 3036 deflexisse,
588 2969 713 3019 tum
743 2960 853 3018 alia
896 2978 971 3017 ex
1007 2960 1428 3039 superstitione
1456 2959 1721 3037 vulgari,
1777 2978 1914 3017 curn
1944 2977 2060 3035 qua
2100 2960 2446 3018 convenisse

200 3046 492 3106 videntur
518 3046 846 3105 nonnulla'
830 3067 893 3104 in
920 3045 1135 3119 teletis,
1183 3044 1586 3118 immiscuisse,
1629 3043 1794 3121 quod
1822 3053 2061 3122 poetam
2093 3045 2323 3123 epicum
2350 3048 2444 3102 sa-

201 3151 339 3192 ccre
381 3132 471 3190 sas
522 3140 672 3193 erat.
761 3131 845 3190 Eo
887 3131 1311 3209 purgationum
1355 3129 1596 3203 modos,
1655 3149 1804 3206 quos
1843 3130 2132 3208 supplicia
2169 3131 2444 3209 appellat,

199 3218 416 3293 resero,
460 3237 519 3275 v.
549 3217 904 3290 739—742,
949 3217 1052 3274 ubi
1083 3236 1142 3275 v.
1168 3215 1307 3273 Not.
1395 3214 1646 3272 Eosdem
1677 3215 1738 3273 in
1771 3215 1928 3274 vasis
1957 3216 2149 3292 pictis,
2194 3217 2444 3275 Etrusca

200 3303 386 3381 vulgo
415 3302 731 3371 vocabant,
774 3320 1083 3380 expressos
1115 3319 1237 3357 esse
1278 3301 1531 3379 suspicio
1578 3309 1709 3359 erat
1736 3299 1903 3358 Gorii
1929 3299 2078 3359 Mus.
2117 3303 2348 3361 EtrusC.
2375 3304 2443 3362 T.

201 3389 278 3462 11,
320 3409 376 3468 p.
427 3388 567 3450 148.
618 3391 736 3450 132
765 3407 891 3463 sqq.
941 3396 1000 3444 et
1036 3385 1283 3444 Passerii
1324 3384 1580 3463 Paralip.
1620 3406 1674 3462 p.
1710 3389 1851 3448 189.
1880 3385 2014 3444 Vas.
2048 3387 2278 3446 Et1·.usc
2307 3389 2372 3447 T.
2402 3389 2443 3462 1,

200 3495 261 3554 p.
306 3476 407 3537 50.
492 3473 679 3530 Aliter
726 3469 801 3529 de
857 3470 949 3529 his
1008 3471 1308 3549 suppliciis
1355 3470 1723 3547 disputatum
1761 3490 1796 3527 a
1836 3470 2135 3529 Platone
2118 3494 2180 3530 in
2230 3475 2445 3550 Gorgia

200 3581 261 3639 p
291 3560 414 3622 357
445 3559 529 3632 Ε.,
575 3556 677 3635 qui
708 3557 874 3614 sedes
904 3557 1215 3614 doctrinae
1241 3564 1348 3613 est.
1436 3555 1596 3628 Alia,
1653 3549 1977 3614 admodum
2017 3559 2282 3630 variata,
2337 3580 2445 3616 oc·-

200 3653 462 3703 currunt
485 3643 546 3700 in
575 3641 965 3720 scriptoribus
992 3650 1129 3719 post
1154 3641 1378 3718 Virgilii
1404 3649 1690 3720 tempora,
1735 3660 1887 3717 quae
1918 3641 1996 3699 ad
2022 3664 2132 3701 nos
2163 3666 2284 3703 non
2309 3664 2444 3722 spe-

201 3739 392 3789 ctant.
488 3729 555 3786 ln
585 3727 675 3785 his
717 3736 809 3785 est
841 3726 1198 3785 Plutarchus
1244 3726 1471 3803 aliquot
1506 3726 1679 3800 locis;
1734 3727 2003 3804 inprimis
2042 3729 2106 3786 in
2144 3730 2339 3788 libello
2369 3730 2444 3789 de

201 3835 337 3874 sera
386 3833 547 3872 num.
593 3811 759 3871 vind.
806 3813 873 3870 T.
927 3812 999 3886 11,
1047 3811 1190 3877 564.
1235 3811 1341 3869 ubi
1380 3810 1732 3889 Thespesius
1769 3813 1980 3890 aliquis
2010 3815 2297 3888 Solensis,
2341 3817 2444 3892 qui

200 3903 322 3959 iam
359 3906 633 3957 mortuus
659 3899 721 3955 in
759 3900 947 3956 vitam
976 3897 1255 3971 redierat,
1298 3896 1527 3955 somnia
1567 3896 1832 3956 fabulose
1858 3907 2096 3957 narrat:
2152 3900 2228 3957 ad
2269 3920 2442 3978 quem

201 3988 405 4046 locum
438 3984 725 4041 seriorum
756 3981 1252 4062 philosophorum
1279 3991 1610 4041 commenta
1641 3982 1815 4041 docte
1855 3984 2133 4061 exposuit
2161 3984 2442 4064 Wytten-

201 4069 377 4131 bach.
424 4068 507 4125 De
536 4067 865 4127 millenario
896 4088 1194 4128 annorum
1230 4087 1479 4127 numero
1510 4089 1568 4128 v.
1594 4068 1733 4130 Not.
1763 4068 1840 4127 ad
1874 4089 1928 4127 v.
1959 4068 2103 4132 748.

1075 4298 1483 4308 --—-—-———-
