2882 5028
483 369 682 446 ,οη
863 321 878 334 “
1078 337 1977 447 Εχουζκιὶευε
2082 349 2154 422 x

474 550 876 614 Menenia·
924 543 1038 605 auh
1078 540 1288 602 mm
1331 538 1731 621 promontorii
1772 544 2042 598 exn-ema
2083 557 2206 600 ora.
2309 535 2453 598 Eius
2496 528 2719 614 'paludis

474 637 659 714 vulgo
699 630 946 710 vestigia
983 629 1207 691 habere
1251 626 1523 687 ereditur
1561 628 1773 685 Lacus
1817 627 2163 701 eblus-cius,
2218 624 2326 684 sed
2362 618 2723 703 probabilior

475 731 570 783 est
595 720 757 782 Paoli
796 717 1119 789 sententia,
1176 714 1283 794 qui
1317 712 1396 773 ad
1424 715 1612 772 Mans
1652 724 1946 771 mot-cuum
1976 711 2163 772 refert
2200 711 2500 788 paludem
2530 703 2725 766 Ache-

475 812 708 870 rusiam
743 803 849 866 fol.
888 806 993 869 28.
1077 801 1195 861 Alii
1227 808 1441 881 poetae
1488 797 1798 878 Virgilium
1841 795 2150 858 auctorem
2172 795 2234 854 in
2273 795 2370 855 his
2399 794 2727 852 inferorum

477 893 751 956 amm'bua
791 887 1206 950 deaei-uerunt.
1291 885 1465 945 Cous.
1508 904 1567 946 v.
1609 903 1660 943 e.
1701 885 1984 943 Senecam
2022 884 2199 944 Here.
2242 883 2360 943 fur.
2396 883 2550 946 680.
2593 879 2729 942 686-

475 984 606 1046 709
631 997 759 1057 sqq.
802 975 1012 1036 Silium
1043 975 1124 1050 X,
1172 973 1527 1047 116—121,
1570 970 1674 1048 qui
1701 970 1993 1049 Cocytum
2020 972 2084 1030 iu
2115 970 2371 1028 Lucrino
2395 976 2461 1024 et
2495 966 2732 1043 Styga

476 1066 542 1125 in
576 1066 816 1126 Averno
840 1059 1107 1141 quaerit,
1149 1058 1312 1119 viam
1352 1065 1553 1116 autem
1596 1056 1677 1115 ad
1705 1056 1925 1116 inferos
1969 1076 2082 1136 per
2120 1054 2515 1116 Acherusiam
2559 1049 2731 1128 palu-

477 1151 638 1213 dem.
743 1147 830 1207 Do
882 1146 1085 1207 fluviis
1125 1144 1456 1204 inferorum
1516 1142 1684 1202 locus
1731 1142 1911 1202 etiam
1963 1141 2305 1222 praeclarus
2366 1150 2457 1201 est
2502 1135 2733 1197 Miltoni

479 1238 583 1298 lib.
614 1234 687 1310 11,
732 1231 858 1301 674
886 1251 1033 1310 sqq„
1077 1229 1292 1309 dignus
1323 1228 1428 1307 qui
1454 1236 1865 1306 comparatum
1924 1237 1987 1287 at
2024 1228 2100 1286 de
2136 1228 2504 1307 etymologia
2543 1221 2735 1283 nomi-

479 1342 662 1392 num,
727 1337 880 1399 quae
927 1317 1023 1377 his
1070 1315 1343 1375 amnibus
1403 1313 1597 1374 indita
1644 1321 1819 1390 sunt,
1892 1333 1954 1374 v.
2005 1314 2118 1374 loe.
2165 1312 2533 1393 Apollodori
2586 1305 2735 1390 apud

479 1408 838 1469 stobaeum:
877 1403 944 1464 in
969 1400 1338 1482 Fragmentis
1362 1396 1638 1479 Apollod.
1668 1419 1800 1479 pag.
1830 1397 1997 1465 1047
2016 1418 2165 1477 sqq„
2219 1399 2324 1459 ubi
2349 1421 2411 1481 p.
2448 1401 2625 1465 1050
2650 1396 2736 1454 lo-

483 1513 590 1554 eus
623 1490 933 1571 Sophoclis
963 1507 999 1548 e
1024 1488 1331 1567 Polyxena
1362 1486 1447 1544 sie
1472 1484 1722 1545 videtur
1756 1485 2218 1544 constituendus
2233 1530 2251 1562 ,
2293 1496 2373 1546 ut
2409 1506 2529 1591 pro
2565 1477 2620 1548 ὦ
2647 1477 2739 1551 uie

481 1581 716 1659 legatur
737 1571 950 1650 Ἀκτᾶς
977 1581 1040 1633 et
1068 1574 1260 1633 altero
1289 1589 1474 1632 versu
1496 1575 1760 1633 λιποῦσα
1786 1571 2003 1650 λίμνης
2032 1563 2236 1651 ἦλθον
2261 1566 2552 1652 vizonem·
2576 1567 2741 1654 γὸονς

479 1660 824 1746 Ἀχέροντος
846 1655 1186 1742 ὄξυπλῆγας
1211 1655 1470 1740 ἔρσενας
1496 1650 1664 1736 χόας.
1715 1676 1776 1737 p.
1813 1657 1978 1722 1051
2020 1650 2143 1719 nimi
2171 1660 2289 1720 τοῦ
2326 1661 2574 1740 γοργῶς
2605 1657 2740 1736 ‹pai-

482 1758 703 1814 νεσθαι
738 1749 846 1827 leg.
876 1743 1065 1830 γοργὰ
1108 1768 1195 1823 φ.,
1239 1753 1301 1803 et
1334 1761 1393 1822 p.
1445 1741 1609 1806 1053
1648 1741 1688 1801 l.
1719 1746 1778 1807 3.
1810 1737 2207 1822 στερεμνόδη,
2253 1752 2317 1802 et
2362 1744 2405 1804 1.
2446 1745 2490 1809 5
2520 1740 2740 1823 καμόν·

484 1857 644 1915 τωνς
687 1833 899 1896 ultima
937 1851 973 1892 e
1006 1830 1155 1892 Cod.
1200 1827 1443 1891 Stobaei
1474 1828 1681 1889 Eseur.
1720 1827 2133 1908 suppeditavit
2164 1829 2417 1890 doctiss.
2458 1829 2738 1911 Tyelueu

978 2249 2016 2343 EXCURSUS
2137 2251 2239 2336 X

488 2422 973 2489 Descensna
1040 2422 1155 2489 ad
1196 2423 1541 2502 inferos
1600 2444 1698 2486 an
1746 2444 1843 2488 ex
1899 2419 2204 2487 initiis
2250 2420 2739 2490 Eleusiniis

1237 2507 1360 2574 ait
1415 2505 2002 2575 adumbratus.

662 2681 821 2740 Dum
851 2681 916 2740 in
960 2681 1095 2741 loeo
1135 2679 1256 2742 hoe
1297 2681 1664 2743 nobilissimo
1707 2681 1783 2740 de
1829 2679 2116 2740 descensu
2158 2677 2401 2739 Aeneae
2432 2682 2515 2741 ad
2542 2682 2741 2742 inseres

492 2787 837 2841 versamur,
886 2769 1030 2844 etsi,
1086 2768 1251 2828 unde
1293 2778 1475 2848 poeta
1518 2768 1827 2828 materiam
1876 2767 2009 2825 eius
2040 2774 2457 2845 ornatumque
2502 2767 2743 2848 petiuit

492 2854 637 2914 satia
683 2853 1051 2913 declaratum
1094 2872 1220 2913 esse
1266 2855 1544 2931 videtur5
1595 2863 1798 2913 tamen
1838 2852 2266 2926 Warburtoni‚
2329 2853 2465 2914 Viri
2512 2855 2747 2915 Samni„

494 2940 666 3000 Glevi
700 2957 806 2999 seu
831 2939 1198 2999 Glocestriae
1228 2939 1537 3020 Episcopi,
1595 2939 1889 3000 sententia
1931 2938 2481 3020 praetermittenda
2526 2961 2565 2998 a
2596 2939 2747 3000 noba

492 3046 619 3085 non
645 3034 756 3099 est,
797 3044 950 3105 quae
976 3027 1042 3084 in
1072 3026 1528 3087 Commentariis
1569 3027 1643 3085 de
1674 3030 1879 3086 Moses
1909 3026 2122 3083 divina
2147 3025 2462 3101 legatione
2485 3023 2691 3106 (Tom.
2714 3024 2749 3091 l.

491 3111 594 3171 lib.
626 3111 696 3185 11,
723 3113 781 3169 S.
821 3110 889 3193 4)
925 3111 1067 3169 olim
1107 3113 1408 3192 exposita,
1452 3111 1721 3192 praefixa
1764 3129 2005 3192 quoque
2044 3117 2135 3169 est
2182 3110 2353 3170 Tom.
2396 3110 2486 3170 111
2533 3110 2750 3190 Vin-gili

493 3196 1008 3257 Warburtoniani.
1093 3198 1277 3257 Redit
1303 3207 1504 3257 autem
1530 3196 1635 3257 illa
1661 3197 1812 3274 huc,
1856 3195 2009 3255 nihil
2034 3204 2107 3254 ut
2140 3194 2307 3254 aliud
2336 3194 2465 3255 hoc
2493 3199 2583 3259 ad
2611 3199 2748 3257 inse—

491 3302 595 3342 τοι
626 3282 916 3342 descensu
943 3285 1376 3362 repraesentari
1404 3304 1435 3341 a
1465 3292 1641 3364 poeta
1684 3282 2039 3354 contendat,
2083 3301 2260 3359 quam
2297 3284 2485 3341 mitia
2518 3286 2751 3342 Am

494 3375 557 3427 et
599 3369 1048 3446 descriptionem
1075 3390 1341 3449 pompae
1383 3367 1589 3450 (θεᾶς)
1631 3370 1980 3427 Eleus-iniere
2010 3385 2247 3437 eorum,
2295 3367 2403 3445 qui
2440 3369 2752 3429 initiaren—

494 3463 628 3527 tur,
684 3455 872 3513 oeulis
913 3453 1186 3515 exhiberi
1238 3456 1466 3515 solitae.
1565 3454 1805 3514 Placere
1836 3461 2079 3533 poterat
2133 3452 2409 3512 doctrina
2463 3453 2629 3514 haec
2670 3453 2757 3512 vel

495 3538 765 3599 novitate
810 3560 945 3617 aua,
992 3541 1087 3600 vel
1116 3542 1419 3620 ingeniosa
1452 3540 1572 3601 viri
1617 3540 1942 3599 doctissimi
1986 3539 2382 3598 exornatione
2402 3582 2420 3613 ,
2477 3541 2591 3601 vel
2642 3543 2756 3622 ipss

494 3625 627 3685 veri
666 3623 921 3700 fiducia,
966 3646 1105 3685 cum
1148 3647 1267 3704 qua
1312 3626 1388 3686 ab
1424 3645 1497 3686 eo
1543 3626 1813 3707 exposita
1863 3634 1970 3686 est.
2055 3625 2257 3704 Neque
2297 3623 2363 3683 id
2410 3629 2630 3707 negari
2662 3645 2757 3687 ve·

493 3711 632 3787 lim,
674 3709 825 3770 nihil
853 3712 1098 3770 omnino
1139 3713 1475 3773 narrationi
1506 3712 1859 3791 Virgilianae
1889 3731 2027 3772 cum
2062 3711 2374 3770 Eleusiniis
2404 3713 2607 3774 initiis
2646 3731 2757 3772 ene

497 3815 829 3856 commune.
916 3797 1074 3856 Illud
1119 3799 1274 3859 enim
1322 3818 1400 3859 ex
1446 3799 1650 3858 multis
1689 3799 1905 3877 passim
1948 3806 2222 3858 veterum
2252 3797 2434 3875 loeis,
2496 3801 2757 3861 maxime

497 3902 578 3942 ex
619 3881 1038 3962 Aristophanis
1092 3884 1309 3961 Ranis,
1382 3886 1549 3960 loeo,
1620 3904 1742 3963 quo
1780 3881 2000 3944 Bacchi
2043 3883 2121 3942 ad
2159 3885 2382 3943 inferos
2439 3885 2757 3946 descensu

497 3968 806 4030 exhibitus
849 3979 971 4045 est,
1016 3969 1348 4029 Claudiano
1377 3971 1453 4029 de
1488 3973 1560 4030 R.
1600 3970 1873 4051 Proserp.
1905 3971 2003 4029 lib.
2035 3970 2079 4046 1,
2125 3973 2270 4044 619,
2313 3970 2625 4032 Pausania
2662 3972 2751 4031 lih-

494 4055 593 4132 X,
643 4078 701 4136 p.
743 4059 888 4133 876,
945 4056 1204 4116 Luciano
1257 4056 1326 4115 in
1368 4054 1650 4136 Cataplo,
1719 4056 2043 4116 Themistio
2097 4056 2259 4137 apud
2299 4057 2384 4116 lo.
2433 4059 2759 4118 stobaeum

496 4150 560 4199 et
589 4143 665 4201 al.
697 4142 838 4201 satis
866 4151 1140 4202 constare
1178 4143 1461 4219 videtur,
1504 4144 1609 4216 iis,
1669 4144 1775 4222 qui
1801 4142 2220 4217 initiarentur,
2254 4144 2626 4221 ‚symbolica
2658 4144 2759 4202 25-

497 4246 615 4305 qua
668 4229 1215 4307 repraesentatione
1274 4228 1517 4311 piorum
1576 4228 2018 4309 impiorumque
2069 4229 2334 4308 praemia
2415 4251 2488 4290 ac
2546 4250 2761 4313 poeu-

495 4321 635 4392 post
672 4313 834 4373 haue
868 4315 1061 4375 vitam
1100 4314 1278 4376 fuisse
1307 4315 1678 4395 propositas,
1720 4335 1934 4393 resque
1972 4314 2223 4389 inseras,
2266 4316 2608 4378 Tartarum
2636 4336 2757 4377 cun

495 4397 730 4478 Elysio,
804 4409 1203 4478 monstratas,
1273 4400 1486 4462 eadem
1536 4402 1661 4463 sere
1699 4402 1891 4484 specie
1907 4446 1927 4481 ,
1984 4421 2107 4481 qua
2148 4402 2212 4461 in
2263 4412 2447 4464 sexto
2488 4402 2757 4465 Aeneidi-
