2882 5028
432 393 479 462 6
900 310 909 335 ⁶
1015 383 1948 476 Dlsoulsvrlo
2055 384 2094 457 1

430 586 591 647 tam
631 594 991 669 magnaS,
1048 596 1291 671 quam
1331 569 1917 666 hexametrum,
1975 583 2055 647 et
2084 593 2360 647 sensus
2392 592 2692 669 quem-

432 700 592 777 que
630 699 815 750 suus
860 673 1138 769 docet,
1192 687 1291 749 et·
1323 673 1594 750 multis
1636 675 1993 753 virorum
2046 673 2472 753 doctorum
2521 672 2695 750 dis-

430 779 970 880 putationibus
1013 790 1131 855 est
1171 776 1676 857 declaratum.

635 886 765 961 IV.
819 887 887 960 A
919 880 1122 957 binis
1156 880 1372 956 hisce
1405 895 1817 980 tamquam
1841 881 2266 981 principiiS,
2319 893 2409 956 ut
2441 893 2521 956 et
2553 903 2694 956 res

428 999 786 1065 narratae
818 984 1427 1063 admirationem
1473 981 1765 1063 faciant
1802 997 1885 1061 et
1928 986 2092 1085 ipsa
2120 984 2464 1062 narratio
2516 983 2694 1061 ani-

429 1114 660 1167 mum
710 1088 1249 1165 admirationis
1297 1086 1703 1186 voluptate
1746 1085 2166 1165 delinitum
2207 1100 2497 1185 teneat,
2553 1112 2689 1165 re-

432 1192 782 1294 petenda
825 1205 1012 1273 sunt
1051 1191 1356 1290 omnia,
1425 1190 1715 1291 quibus
1774 1191 2142 1268 carminis
2202 1191 2404 1292 epici
2448 1214 2693 1289 argu-

429 1310 836 1392 mentum,
888 1319 1282 1395 personae
1329 1295 1639 1395 epicae,
1693 1291 1933 1389 facta,
1961 1295 2319 1370 ‘virtutes
2363 1319 2451 1370 ac
2497 1294 2694 1371 cha-

431 1413 813 1493 racteres,
865 1399 1345 1493 sententiae,
1398 1398 1654 1475 oratio
1685 1422 1771 1474 ac
1805 1398 2170 1474 dictionis
2204 1421 2455 1496 genus
2489 1422 2695 1473 con-

433 1504 899 1595 stituuntur3
991 1499 1241 1577 verbo
1310 1507 1812 1579 admiratione
1877 1508 2216 1601 quaesita
2286 1508 2698 1581 delectatio

431 1615 874 1687 moderatur
913 1612 989 1685 in
1024 1612 1166 1681 hoc
1203 1633 1481 1704 genere
1521 1611 1782 1683 munia.

638 1715 912 1788 Potest
959 1722 1228 1787 autem
1271 1707 1631 1787 accidere
1675 1707 2079 1784 mentibus
2117 1709 2408 1783 nostris
2442 1707 2696 1782 admi-
2771 1735 2775 1738 ⁴

436 1815 636 1893 ratio
667 1838 940 1890 rerum
978 1812 1102 1888 vel
1133 1812 1562 1890 hominum
1594 1811 1846 1890 modo
1885 1836 2070 1887 cum
2101 1810 2471 1887 molliore
2507 1836 2696 1887 mo-

438 1915 548 1995 do
618 1942 803 1995 cum
865 1916 1228 2014 graviore
1295 1916 1750 1995 animorum
1829 1913 2211 2017 impulsu;
2296 1916 2699 1990 ‘miramur

439 2022 656 2096 enim
685 2018 828 2099 alia
860 2020 1209 2095 attonitis
1238 2017 1556 2116 similes,
1614 2018 1758 2094 alia
1781 2033 2089 2095 terrore
2122 2017 2486 2119 perculsi,
2545 2016 2695 2093 alia

439 2148 624 2203 cum
651 2125 787 2220 ira,
820 2122 1034 2216 odio,
1076 2123 1223 2201 alia
1250 2123 1761 2199 miseratione
1794 2123 2218 2213 commoti}
2278 2120 2695 2199 interdum

435 2250 728 2324 magno
752 2252 937 2305 cum
966 2227 1207 2305 animi
1239 2239 1461 2305 aestu
1491 2226 1802 2302 miratio
1835 2239 1953 2301 est
1975 2227 2415 2318 coniuncta,
2450 2226 2698 2301 inter-

441 2329 638 2409 dum
667 2355 850 2407 cum
880 2329 1189 2405 leniore
1222 2353 1309 2407 ac
1335 2330 1791 2405 remissiore
1814 2330 2145 2430 impetu,
2171 2342 2250 2403 et
2279 2354 2462 2405 cum
2483 2328 2698 2405 mol-

440 2433 639 2513 liore
684 2447 765 2510 et
795 2433 1156 2513 suaviore
1198 2433 1444 2509 animi
1483 2429 1798 2511 affectu.
1879 2436 2061 2529 Quo
2096 2433 2267 2533 ipso
2305 2433 2694 2534 sequitur,

436 2551 530 2616 ut
551 2560 837 2635 magna
857 2538 936 2615 in
966 2536 1127 2614 hoc
1151 2559 1448 2634 genere
1473 2561 1642 2612 esse
1670 2538 1919 2637 possit
1932 2537 2260 2611 varietas
2286 2562 2435 2637 pro
2470 2560 2698 2634 argu-

436 2642 690 2722 menti
711 2653 985 2722 natura
1022 2639 1349 2735 diversa,
1364 2653 1614 2740 utque
1646 2641 1899 2714 inanis
1916 2641 2011 2714 sit
2027 2640 2384 2714 virorum
2416 2640 2698 2716 docto-

439 2770 621 2826 rum
647 2769 915 2844 opera,
959 2746 1096 2845 qui
1127 2744 1462 2820 Homeri
1503 2767 1592 2821 ac
1615 2742 1913 2840 Virgilii
1946 2743 2323 2844 exemplis
2356 2768 2699 2820 omnem

443 2849 808 2928 carminis
866 2847 1065 2948 epici
1112 2861 1477 2926 naturam
1534 2846 2180 2923 circumscribere
2245 2846 2697 2924 voluerunt.

647 2955 846 3032 Eam
887 2950 1501 3032 admirationem
1540 2975 1852 3046 rerum,
1899 2975 2102 3053 quae
2149 2974 2332 3025 cum
2380 2963 2699 3026 terrore

443 3066 577 3134 aut
609 3078 792 3134 cum
826 3055 1337 3134 miseratione
1385 3067 1467 3131 et
1513 3055 1873 3152 graviore
1921 3053 2254 3129 omnino
2299 3054 2538 3129 animi
2577 3050 2699 3130 af·-

443 3156 659 3238 fectu
705 3169 1069 3236 mentem
1117 3157 1488 3258 impellit,
1540 3158 1901 3260 inprimis
1945 3158 2047 3234 ad
2090 3156 2490 3233 tenendos
2526 3156 2699 3232 ani-

440 3284 621 3340 mos
684 3260 984 3351 valere,
1078 3283 1614 3361 magnamque
1681 3260 2300 3338 delectationem
2366 3262 2698 3355 habere,

444 3363 620 3465 quis
646 3387 815 3439 non
852 3362 1114 3444 videat
1156 3377 1236 3440 et
1262 3376 1588 3446 naturae
1633 3364 2032 3441 humanae
2070 3388 2240 3439 esse
2275 3379 2698 3441 consenta-

443 3491 696 3546 neum
735 3467 1172 3566 intelligat?
1223 3471 1384 3545 Res
1416 3492 1509 3543 ex
1542 3482 1765 3569 parte
1813 3467 2352 3545 animadversa
2392 3469 2474 3543 in
2516 3468 2698 3569 opi-

445 3570 778 3645 nionem
816 3570 1228 3648 induxerat
1258 3573 1912 3649 Marmontelium
1935 3582 2047 3670 *),
2101 3584 2193 3646 ut
2220 3573 2421 3647 intra
2457 3571 2698 3669 tragi-

447 3697 583 3749 cos
613 3670 946 3754 affectus
980 3699 1148 3751 non
1180 3675 1448 3750 minus
1491 3677 1809 3776 epicum
1838 3699 2091 3774 genus·
2130 3677 2556 3770 contineri,
2616 3686 2699 3750 et

444 3775 666 3856 idem
715 3792 1271 3875 argumentum
1324 3779 1407 3853 in
1461 3792 1898 3881 utrumque
1940 3781 2177 3855 usum
2236 3803 2696 3855 accommo-

447 3879 615 3956 dari
644 3905 880 3980 posse
927 3882 1418 3961 existimaret.
1529 3883 1694 3960 Sed
1743 3883 2097 3959 dramate
2147 3882 2373 3959 latius
2419 3896 2696 3985 patere

449 4008 767 4062 carmen
820 3985 1171 4084 epicum,
1226 3984 1384 4062 hoc
1429 4001 1580 4078 est,
1633 3988 2173 4063 narrationem
2205 4012 2355 4087 per
2389 4009 2696 4063 caussas

450 4101 529 4166 et
573 4086 896 4164 consilia
938 4089 1404 4191 expositam3
1459 4105 1539 4166 et
1579 4114 1910 4190 magnos
1956 4087 2290 4166 affectus
2333 4117 2500 4167 non
2547 4089 2696 4165 nisi

446 4216 687 4268 unam
725 4215 891 4272 esse
927 4219 1018 4270 ex
1043 4192 1403 4294 pluribus
1435 4194 1978 4274 admirationis
2006 4196 2456 4274 movendae
2487 4217 2696 4272 caus-

508 4364 865 4372 *0⁴—mffl—

615 4422 667 4503 ‘)
714 4425 997 4500 Poeeiqne
1042 4423 1359 4493 Mammiae
1390 4424 1458 4482 T.
1491 4423 1560 4497 ΙΙ,
1609 4444 1665 4504 p.
1694 4424 1816 4486 234
1850 4442 1973 4499 sqq.
