2882 5028
523 385 571 455 6
1107 378 2039 470 n1sQU1s1T10
2147 379 2186 452 1

522 578 682 641 tam
723 586 1082 662 magnaS,
1139 589 1382 665 quam
1422 563 2008 660 hexametrum,
2067 576 2146 641 et
2176 588 2451 641 sensus
2484 588 2764 664 quem-

523 694 683 769 que
721 692 906 744 suus
951 667 1229 763 docet,
1283 680 1384 743 et·
1415 667 1685 743 multis
1728 669 2083 747 virorum
2137 667 2563 747 doctorum
2612 667 2765 744 dis-

522 770 1061 873 putationibus
1103 783 1221 847 est
1262 770 1767 851 declaratum.

723 878 855 954 IV.
910 880 978 953 A
1008 874 1214 950 binis
1247 873 1462 950 hisce
1497 888 1906 975 tamquam
1932 875 2356 976 principib,
2409 887 2500 951 ut
2532 888 2612 951 et
2642 898 2765 951 res

520 992 876 1057 narratae
909 977 1521 1055 admirationem
1564 975 1854 1056 faciant
1893 991 1976 1053 et
2019 979 2184 1079 ipsa
2211 978 2556 1057 narratio
2607 978 2765 1055 ani-

520 1107 752 1158 mum
799 1080 1338 1159 admirationis
1387 1079 1793 1180 voluptate
1837 1080 2257 1158 delinitum
2299 1096 2588 1180 teneat,
2641 1107 2765 1158 re-

522 1186 872 1287 petenda
915 1198 1102 1265 sunt
1140 1184 1447 1283 omnia,
1516 1184 1804 1283 quibus
1864 1185 2231 1262 carminis
2291 1186 2493 1287 epici
2539 1209 2765 1284 argu-

521 1302 926 1385 mentum,
977 1312 1373 1390 personae
1419 1288 1729 1387 epicae,
1781 1284 2023 1384 facta,
2080 1289 2408 1366 virtutes
2454 1314 2541 1364 ac
2587 1290 2765 1365 cha-

522 1405 902 1486 ractereS,
954 1392 1435 1487 sententiae,
1489 1391 1744 1467 oratio
1775 1416 1862 1471 ac
1896 1391 2261 1469 dictionis
2293 1415 2547 1490 genus
2579 1417 2765 1469 con-

523 1496 988 1589 stituuntur;
1081 1492 1331 1571 verbo
1399 1501 1902 1573 adunit-atione
1967 1503 2306 1596 quaesita
2375 1503 2765 1575 delectatio

521 1607 963 1679 moderatur
1002 1606 1078 1679 ὄπ
1114 1605 1255 1675 hoc
1291 1627 1570 1698 genere
1610 1605 1871 1675 omnia.

728 1708 1001 1779 Potest
1047 1715 1317 1783 autem
1361 1699 1720 1781 accidere
1764 1701 2168 1778 mentibus
2207 1704 2497 1778 nostris
2531 1703 2765 1778 admi.

525 1808 725 1885 ratio
755 1831 1029 1883 rerum
1068 1806 1190 1881 vel
1222 1805 1651 1883 hominum
1682 1805 1936 1882 modo
1975 1831 2158 1882 cum
2191 1805 2561 1881 molliore
2596 1831 2765 1881 mo-

526 1909 636 1989 do
707 1935 892 1989 cum
955 1909 1316 2007 graviore
1384 1909 1838 1987 animorum
1918 1908 2301 2010 impulsu;
2390 1910 2765 1985 miramu1

528 2014 744 2089 enim
774 2011 917 2093 alia
948 2012 1297 2088 attonitis
1326 2011 1644 2108 simileS‚
1704 2012 1848 2087 alia
1868 2027 2178 2089 terrore
2210 2012 2575 2113 perculsi,
2634 2012 2765 2088 alia

527 2141 711 2195 cum
740 2117 875 2213 ira,
908 2115 1123 2209 odio,
1164 2115 1311 2197 alia
1340 2116 1849 2193 miseratione
1882 2117 2306 2207 commoti,
2364 2116 2765 2193 interdum

524 2243 816 2317 magno
841 2244 1026 2299 cum
1055 2220 1297 2299 animi
1328 2232 1549 2297 aestu
1578 2219 1891 2296 miratio
1923 2234 2042 2295 est
2063 2221 2504 2313 coniuncta,
2540 2222 2765 2296 inter-

529 2322 726 2401 dum
755 2348 936 2401 cum
969 2322 1277 2399 leniore
1310 2347 1398 2401 ac
1424 2323 1879 2399 remissiore
1901 2325 2233 2423 impetu,
2259 2336 2338 2398 et
2368 2348 2552 2398 cum
2572 2323 2765 2400 mol-

528 2426 727 2507 liore
772 2439 852 2502 et
882 2426 1243 2505 suaviore
1286 2425 1531 2502 animi
1572 2423 1886 2505 affectu.
1967 2431 2149 2521 Quo
2184 2426 2356 2527 ipso
2395 2429 2763 2528 sequitur.

524 2544 616 2610 ut
639 2553 924 2627 magna
943 2531 1025 2608 in
1054 2530 1214 2607 hoc
1238 2552 1536 2629 genere
1560 2555 1730 2606 esse
1758 2531 2008 2631 possit
2021 2531 2348 2606 varietas
2374 2556 2524 2632 pro
2556 2556 2763 2630 argu-

523 2634 778 2714 menti
799 2647 1073 2716 natura
1109 2632 1437 2729 diversa,
1452 2647 1702 2734 utque
1733 2634 1987 2709 inanis
2003 2635 2100 2709 sit
2114 2635 2470 2709 virorum
2505 2635 2763 2712 docto

526 2763 709 2820 rum
735 2761 1002 2838 opera,
1046 2739 1182 2838 qui
1214 2738 1549 2815 Homeri
1591 2760 1679 2814 ac
1702 2737 2000 2834 Virgilii
2033 2737 2411 2839 exemplis
2444 2764 2763 2816 omnen

529 2841 895 2920 carminis
953 2841 1150 2941 epici
1199 2855 1563 2919 naturam
1620 2840 2268 2918 circumscribere
2333 2841 2761 2918 voluerunt

733 2947 931 3024 Eam
974 2944 1588 3025 admirationem
1627 2969 1939 3041 rerum,
1986 2970 2189 3047 quae
2237 2968 2421 3019 cum
2467 2957 2761 3022 terror«

529 3060 664 3126 aut
696 3071 879 3127 cum
912 3047 1425 3126 miseratione
1473 3061 1554 3124 et
1600 3049 1960 3145 graviore
2006 3047 2341 3124 omnino
2386 3049 2630 3125 animi
2667 3047 2761 3125 af-

529 3149 744 3232 fectu
792 3163 1156 3230 mentem
1202 3150 1576 3251 impellit,
1628 3152 1988 3253 inprimis
2032 3152 2133 3228 ad
2177 3152 2577 3229 tenendos
2614 3154 2761 3229 ani-

526 3277 708 3333 mos
770 3253 1070 3344 valere,
1163 3277 1702 3354 magnamque
1768 3254 2387 3332 delectationem
2454 3256 2759 3333 habere

530 3357 705 3458 quis
733 3381 900 3432 non
935 3355 1200 3436 videat
1242 3371 1323 3433 ct
1349 3371 1675 3438 naturae
1719 3358 2118 3436 humanae
2158 3383 2326 3434 esse
2361 3375 2759 3435 consenta·

530 3484 781 3536 neum
820 3459 1257 3560 intelligat?
1308 3464 1472 3539 Res
1504 3486 1594 3536 ex
1630 3477 1852 3563 parte
1898 3461 2438 3538 animadversa
2478 3466 2561 3538 in
2603 3466 2759 3564 opi-

530 3563 862 3640 nionem
902 3564 1314 3644 induxerat
1344 3567 1998 3642 Marmontelium
2021 3575 2132 3664 *),
2187 3578 2278 3641 ut
2306 3567 2506 3642 intra
2543 3569 2759 3664 tragi·

532 3690 667 3742 cos
698 3663 1031 3746 affectus
1066 3693 1233 3744 non
1269 3669 1534 3744 minus
1578 3671 1894 3770 epicum
1923 3694 2176 3768 genus
2216 3671 2644 3766 contineri,
2707 3698 2753 3746 e

530 3769 750 3850 idem
800 3787 1357 3869 argumentum
1412 3772 1492 3846 in
1551 3786 1983 3873 utrumque
2026 3799 2263 3850 usum
2320 3799 2757 3850 accommo·

460 3887 465 3892 ‘
532 3872 700 3950 dari
730 3898 964 3975 posse
1012 3877 1504 3955 existimaret.
1615 3877 1778 3954 Sed
1829 3877 2182 3953 dramate
2230 3877 2458 3953 latius
2504 3892 2757 3979 pater«

534 4002 852 4056 carmen
905 3981 1257 4079 epicum,
1313 3978 1470 4056 hoc
1516 3996 1665 4072 est,
1718 3982 2258 4056 narrationem
2288 4007 2440 4082 per
2474 4007 2749 4058 caussa

535 4093 613 4158 et
657 4080 980 4157 consilia
1023 4083 1490 4185 expositam3
1544 4098 1624 4160 et
1663 4109 1995 4184 magnos
2042 4081 2374 4161 affectus
2418 4111 2586 4162 non
2631 4088 2755 4162 nis

530 4209 771 4260 unam
809 4209 976 4262 esse
1011 4213 1102 4263 ex
1126 4186 1489 4288 pluribus
1521 4189 2062 4265 admirationis
2092 4190 2541 4267 movendae
2571 4216 2755 4267 caus

574 4357 873 4366 *m—-ffl--v-
894 4359 947 4365 ..—

699 4415 750 4495 ‘)
798 4418 1081 4495 l'oetique
1124 4416 1444 4487 anpot'ee
1475 4419 1542 4476 T.
1575 4417 1644 4492 u,
1692 4438 1749 4498 p.
1778 4419 1900 4481 234
1935 4437 2058 4494 oqq.
