2882 5028
364 325 369 330 ’
426 363 577 438 464
909 361 992 436 P.
1046 356 1587 434 v1RG1L11
1640 355 2191 433 MARoms

429 541 867 625 Connubiis
904 544 1265 644 arvisque
1300 544 1528 618 novis
1570 555 1895 643 operata
1932 543 2344 635 iuventus3

424 652 605 727 Iura
650 648 1102 749 domosque
1150 645 1474 725 dabam:
1530 646 1792 823 squioto
1838 672 2094 748 quum
2123 646 2387 724 tabida
2416 670 2674 723 mem-

1652 775 1781 847 us,
2187 805 2190 810 .
2351 821 2362 842 ,

430 856 851 953 Conrupto
891 852 1093 928 coeli
1131 864 1421 949 tractu,
1475 852 2087 954 miserandaque
2132 852 2352 928 venit

425 957 1028 1058 Arboribusque
1055 957 1395 1056 satisque
1431 954 1627 1054 lueS‚
1677 971 1757 1033 et
1783 955 2048 1032 letifer
2078 979 2347 1034 annus,

424 1061 935 1162 Linquebant
964 1059 1211 1135 dulcis
1243 1060 1575 1156 animam,
1632 1073 1764 1135 aut
1794 1083 2024 1157 aegra
2051 1059 2472 1136 trahebant
2530 1066 2680 1139 140

431 1168 828 1264 Corpora3
880 1176 1054 1239 tum
1086 1162 1367 1239 sterilis
1407 1187 1735 1240 exurere
1767 1165 2012 1239 Sirius
2044 1185 2314 1261 agros;

430 1267 1147 1362 Arebantherbae,
1204 1279 1283 1342 et
1317 1266 1614 1342 victum
1642 1290 1867 1366 seges
1901 1289 2131 1364 aegra
2166 1264 2523 1364 negabat„

426 1375 730 1452 Rursus
760 1369 860 1448 ad
892 1370 1246 1447 oraclum
1279 1370 1649 1468 Ortygiae
1676 1370 2269 1471 Phoebumque
2299 1391 2678 1445 remenso

571 1564 677 1619 136
708 1565 927 1616 Poterat
958 1561 1148 1627 scribi,
1181 1561 1367 1615 saltem
1397 1561 1839 1630 pronuntiandum
1873 1573 1952 1613 est
1984 1559 2283 1615 Connubls.
2354 1559 2484 1629 (vid.
2523 1560 2593 1611 V.
2620 1559 2682 1610 L.

430 1634 499 1685 ad
528 1638 655 1685 Aen.
682 1635 720 1696 1,
737 1634 847 1695 734
889 1633 1070 1684 eadem
1103 1631 1355 1702 synizesis
1382 1635 1451 1695 V,
1468 1634 1615 1687 262:
1652 1631 1881 1698 „evincti
1906 1644 2144 1702 tempora
2178 1642 2249 1682 ta
2266 1630 2514 1681 eniis.⁸‘
2539 1630 2682 1694 Wr.)

430 1705 900 1840 ε’.
946 1700 1678 1840 Μ..
1737 1720 2453 1838 (ω...

432 1840 644 1893 omnino
673 1841 951 1893 deterioris
974 1841 1028 1891 in
1054 1841 1157 1892 hoe
1178 1857 1371 1907 genere
1398 1840 1617 1891 rationis
1645 1850 1841 1892 auctor.
1893 1840 2034 1906 Wr.)
2178 1839 2280 1893 140
2327 1851 2384 1889 ee
2423 1837 2463 1889 l.
2499 1855 2686 1889 annus

432 1908 738 1980 Linquebat
764 1912 818 1962 d.
845 1929 898 1962 a.
936 1909 1140 1978 aliquot
1160 1909 1315 1961 codd.
1342 1910 1485 1977 apud
1514 1908 1649 1961 Pier.
1715 1909 1925 1978 (dulces
1948 1907 2134 1960 Medic.
2168 1905 2308 1975 Wr.)
2416 1909 2516 1960 141
2555 1907 2683 1958 dum

431 1980 670 2032 Parthas.
697 1980 753 2031 in
776 1998 938 2047 marg.
1009 1981 1192 2031 serius
1222 1980 1429 2047 Menag.
1456 1996 1561 2031 sec.
1626 1997 1826 2031 exuere
1847 1978 2010 2032 wall.
2049 1977 2291 2046 (steriles
2321 1976 2514 2028 Medic.
2538 1977 2683 2041 ΠΟ.)

436 2049 538 2103 142
575 2046 861 2100 Ardebant
904 2050 1214 2100 tresssurm.
1255 2065 1368 2099 cum
1405 2049 1593 2116 fragm.
1639 2048 1810 2099 Vatic.
1880 2065 2039 2118 seges
2070 2050 2195 2117 ipsa
2234 2047 2367 2100 alter
2394 2045 2584 2108 Goth„
2620 2063 2683 2097 ex

430 2117 584 2185 lapsu
610 2117 831 2170 librarii.
902 2116 1181 2199 negabant
1204 2117 1340 2169 Gud.
1380 2128 1436 2169 et
1464 2116 1681 2169 Mentel.
1708 2135 1740 2170 a
1803 2134 1847 2168 r.
1873 2134 1961 2178 m.,
1995 2116 2139 2185 quod
2173 2116 2417 2184 placebat
2444 2115 2684 2167 Heinsio.

432 2206 504 2239 ne
543 2205 640 2239 are
661 2188 845 2255 fragm.
872 2189 1045 2238 Vatic.
1069 2204 1099 2238 a
1167 2204 1210 2239 r.
1232 2204 1302 2238 m.
1443 2188 1544 2243 143
1580 2191 1759 2238 Oracu
1785 2205 1874 2237 um
1914 2185 2073 2256 plene
2105 2184 2161 2236 iu
2204 2185 2383 2238 multis
2423 2185 2584 2238 codd.
2630 2195 2685 2237 et

433 2257 502 2308 ed
624 2259 808 2310 reviso
832 2257 1034 2326 Puget„
1068 2273 1126 2308 se
1189 2275 1238 2309 v.
1260 2273 1376 2326 sup.
1407 2258 1472 2322 11,
1507 2258 1625 2312 181.

434 2423 494 2475 et
523 2414 769 2475 tandem
796 2436 910 2474 arx
941 2416 1079 2493 ipsa
1106 2416 1293 2475 tectis.
1359 2411 1512 2496 (vid.
1594 2414 1785 2474 lumn.
1826 2413 1903 2473 ad
1930 2413 2058 2474 eius
2086 2414 2292 2493 fragm.
2335 2434 2394 2494 p.
2436 2411 2556 2495 58)
2598 2423 2685 2473 est

436 2501 577 2562 Not.
607 2501 685 2564 ad
715 2521 803 2563 vs.
835 2499 938 2567 46.
988 2497 1166 2582 lVr.)
1377 2537 1389 2548 ·
1598 2499 2010 2561 adumbratus.
2097 2500 2287 2561 Porro
2338 2509 2539 2560 totum
2587 2495 2707 2560 lo·'

524 2587 646 2655 135
669 2620 759 2632 —
789 2588 929 2652 146.
1009 2587 1214 2646 Novos
1270 2588 1515 2648 colonos
1599 2607 1739 2647 cum
1781 2597 1922 2646 ante
1955 2587 2160 2647 oculos
2199 2584 2414 2646 habuit
2448 2588 2682 2646 Statius

433 2675 563 2734 lues
616 2681 831 2732 exorta
873 2692 1063 2732 novas
1112 2672 1280 2731 sedes
1325 2694 1513 2752 quae-

432 2779 568 2821 rere
592 2759 776 2839 ‘cogit
867 2758 1008 2824 135.
1044 2780 1303 2837 puppes.
1364 2759 1516 2819 Cum

435 2866 474 2905 a
515 2854 689 2926 parte
722 2864 832 2903 sua
878 2843 1273 2926 declarandae
1320 2854 1517 2905 essent

436 2951 654 3007 naves,
738 2931 981 3011 proprie
1038 2935 1273 3010 puppis
1334 2931 1515 3008 dicta,

434 3016 865 3077 subducturum
899 3018 963 3074 in
987 3018 1211 3075 siccum
1237 3017 1517 3094 navium3

434 3123 617 3184 prora
646 3109 951 3182 spectante
983 3100 1047 3159 in
1075 3102 1283 3162 altum.
1371 3124 1517 3181 ope-

433 3200 571 3247 rata
605 3208 727 3247 non
757 3186 834 3245 ad
859 3206 988 3245 rem
1014 3205 1244 3246 sacram
1270 3197 1360 3247 est
1385 3198 1522 3248 tra-

435 3271 735 3348 hendum3
778 3271 883 3330 sed
912 3271 1105 3351 simpl.
1132 3292 1373 3353 operam
1406 3274 1521 3333 da·-

436 3379 520 3419 re.
561 3365 635 3416 ut
663 3357 741 3417 ad
772 3356 990 3416 Tibull.
1017 3365 1322 3418 notatum:
1364 3359 1436 3435 11,
1463 3367 1518 3437 1,

437 3444 521 3509 65
556 3452 620 3502 et
652 3443 725 3519 ll,
758 3447 819 3517 8,
846 3446 945 3506 86.
1023 3446 1158 3502 iura
1195 3446 1519 3526 domosque

435 3527 685 3588 dabam.
737 3528 945 3587 domos
976 3526 1037 3589 h.
1082 3548 1132 3588 e.
1171 3530 1370 3590 locum
1403 3529 1520 3590 do-

434 3613 667 3673 miciliis
697 3612 1047 3688 statuendis,
1095 3635 1382 3695 agrosque
1419 3637 1519 3676 as-

439 3699 771 3777 signabam3
815 3709 875 3758 et
913 3698 1130 3761 dabam
1162 3706 1297 3761 ium
1328 3701 1388 3762 h.
1421 3703 1517 3761 le-

433 3805 531 3863 ges
562 3794 623 3844 et
657 3785 964 3861 instituta,
1004 3796 1218 3867 utpote
1258 3788 1321 3846 in
1355 3808 1514 3850 nova

436 3871 712 3947 civitate,
765 3872 1116 3932 condebam.
1215 3872 1515 3952 Argutum

438 3957 609 4040 nimis
660 3966 843 4034 esset,
917 3957 994 4016 ad
1051 3959 1145 4017 ius
1205 3959 1514 4037 publicum

433 4042 859 4122 privatumque
878 4044 1121 4107 referre.
1167 4043 1353 4105 Aliter
1378 4050 1516 4105 iura

435 4128 481 4203 1,
527 4126 673 4193 426.
1471 4132 1492 4147 ⁴

524 4213 876 4279 137-142.
918 4213 1131 4272 Ornati
1160 4233 1389 4288 versus,
1417 4214 1519 4272 in-

432 4298 639 4379 primis
672 4319 730 4358 v.
766 4298 907 4373 140,
941 4299 1045 4376 qui
1069 4308 1274 4358 tamen
1302 4319 1377 4358 ex
1392 4299 1518 4359 Lu-

434 4385 623 4446 cretio
668 4384 741 4462 V,
787 4387 911 4451 987
944 4394 1007 4445 et
1047 4386 1238 4446 Ennio
1285 4381 1371 4465 (v.
1400 4386 1522 4445 Co-

1598 2671 1784 2731 Theb.
1812 2672 1857 2748 1,
1902 2677 2027 2737 632
2059 2694 2185 2751 sqq.
2268 2675 2467 2734 §Vena
2491 2669 2684 2753 (qnod

1596 2758 1724 2817 sere
1780 2758 1856 2817 de
1901 2758 2072 2817 malis
2125 2757 2684 2835 calamitatibusque

1597 2843 2010 2923 ingruentibus
2060 2842 2335 2925 ponitur)
2406 2843 2685 2902 membris

1598 2928 2018 3009 arboribusque
2040 2934 2304 3009 satisque
2329 2930 2460 2988 lues
2489 2926 2684 3010 (quod

1599 3015 1898 3095 eleganter
1913 3059 1932 3091 ,
1989 3023 2061 3074 ut
2087 3035 2233 3074 mox
2260 3035 2432 3093 seges
2459 3036 2677 3093 aeg-m,

1605 3101 1683 3159 ab
1731 3101 1881 3160 aeris
1925 3100 2260 3175 miasmate,
2317 3100 2396 3160 ad
2438 3101 2683 3161 arbores

1604 3195 1940 3266 segetesque
1985 3195 2143 3245 tetro
2186 3186 2325 3244 solis
2367 3196 2536 3246 aestu
2567 3205 2680 3244 ex-

1602 3282 1771 3331 ustas
1802 3269 2112 3355 tractum).
2203 3272 2485 3351 Con-apto
2531 3273 2685 3331 coeli

1604 3370 1831 3431 tractu,
1879 3357 2033 3417 seris
2054 3357 2257 3438 plaga,
2302 3357 2572 3437 regione,
2607 3367 2684 3417 ut

1604 3442 1771 3502 alibi:
1815 3443 1876 3503 h.
1912 3463 1960 3502 e.
1990 3462 2142 3502 aere.
2188 3443 2321 3503 Alia
2345 3444 2682 3503 Burmanni

1602 3538 1695 3589 est
1721 3529 2157 3609 interpretatio,
2185 3538 2258 3588 ut
2280 3542 2526 3603 tructus,
2561 3529 2682 3588 du-

1601 3624 1765 3690 ctus,
1811 3614 2060 3675 haustus
2090 3615 2240 3673 aeris
2265 3616 2363 3674 sit.
2450 3616 2683 3675 Laudat

1599 3702 1824 3778 egregie
1845 3701 1921 3759 ad
1951 3721 2077 3759 rem
2105 3702 2334 3760 Luci-et.
2367 3700 2462 3777 Vl,
2498 3704 2681 3767 1126.

1598 3787 1821 3848 Lucan.
1852 3785 1977 3862 vn,
2021 3789 2166 3850 412.
2252 3787 2441 3846 Docta
2487 3797 2550 3847 et
2580 3807 2682 3846 ar-

1597 3880 1738 3950 guta
1780 3873 2227 3951 interpretati03
2283 3872 2390 3931 sed
2419 3873 2680 3952 priorem

1597 3958 1761 4017 illam
1794 3960 2101 4037 vulgarem
2131 3957 2302 4016 offert
2330 3978 2425 4017 res
2454 3969 2516 4017 et
2538 3960 2680 4018 iuu-

1599 4053 1769 4102 ctura
1791 4066 1804 4102 :
1830 4043 2246 4123 arboribusque
2263 4048 2532 4124 saci-sque
2561 4046 2681 4102 lues

1598 4148 1724 4188 non
1743 4131 1913 4189 venit
1929 4129 2154 4188 haustu
2184 4130 2356 4203 aeris,
2396 4129 2503 4190 sed
2535 4131 2680 4190 aeris

1599 4216 1932 4293 corruptela
1953 4258 1969 4286 ‚
2017 4235 2076 4274 v.
2108 4235 2159 4278 e.
2190 4235 2264 4274 ex
2294 4214 2550 4275 humido
2582 4236 2680 4274 ea-

1601 4300 1747 4360 lore.
1797 4334 1870 4345 —
1927 4300 2047 4364 140
2080 4304 2290 4360 anima
2333 4301 2680 4361 diciturne-

1603 4388 1867 4467 linquere
1904 4408 2012 4445 nos
2029 4431 2048 4463 ,
2113 4397 2174 4447 et
2215 4408 2324 4446 nos
2366 4391 2640 4447 annnam
2655 4409 2676 4457 ,·
