2882 5028
372 355 526 429 200
834 346 923 422 P.
984 340 1507 421 VIRGILII
1585 338 2149 415 MARONIS

377 538 726 615 Centum
756 529 975 627 aliae,
992 527 1762 630 totidemque'pares
1791 538 2044 600 aetate
2079 524 2443 621 ministri,
2477 529 2648 606 705

379 638 537 735 Qui
581 635 915 736 dapibus
940 657 1260 708 mensas
1290 643 1657 728 onerent,
1716 642 1796 705 et
1825 627 2113 729 pocula
2147 642 2477 728 ponant.

480 766 656 839 706.
710 775 1080 832 omnam·
1283 775 1602 830 pumma·

515 932 624 988 706
654 935 822 982 Antea
857 939 1104 981 onerent.
1133 937 1369 997 ponant.
1439 926 1546 978 Sed
1584 936 1836 976 onerant.
1876 936 2114 995 ponunt.
2164 927 2317 977 Rom.
2356 946 2469 981 cum
2507 927 2649 997 ple-

381 1001 556 1070 risque
597 1000 714 1053 aliis
750 997 1067 1070 pervetustis
1109 995 1295 1060 Pierii,
1356 996 1499 1064 quod
1535 1004 1679 1046 recte
1722 993 1799 1045 illi
1843 993 2129 1062 probatur,
2184 1004 2446 1066 tamquam
2525 999 2650 1050 uod

380 1070 561 1123 nescio
591 1068 718 1139 quid
744 1067 1056 1138 picturatius
1083 1066 1316 1127 habeat,
1350 1083 1507 1133 quum
1542 1081 1628 1115 res
1668 1063 1782 1130 ipsa
1827 1062 1904 1114 ita
1944 1062 2057 1130 geri
2093 1064 2349 1117 videatur.
2420 1068 2505 1119 Sci
2526 1070 2651 1120 icet

383 1140 595 1192 omnino
636 1140 742 1191 hoc
768 1139 825 1190 in
851 1140 1066 1189 Marone
1093 1136 1375 1187 observare
1414 1135 1540 1186 licet
1586 1133 1726 1200 (vide
1752 1151 1799 1183 v.
1827 1151 1871 1183 c.
1903 1134 1977 1182 1v
1979 1171 1993 1196 ,
2028 1133 2148 1195 27);
2198 1136 2403 1187 recedit
2437 1136 2530 1188 ille
2569 1138 2647 1189 ab

383 1209 486 1262 bac
522 1207 898 1278 consequentia
940 1217 1045 1258 tem
1087 1223 1261 1269 orum,
1311 1204 1398 1255 cui
1448 1214 1728 1272 tantopere
1776 1202 2023 1253 studebat
2060 1204 2275 1269 Cicero,
2324 1215 2384 1257 ut
2426 1225 2489 1257 ex
2528 1225 2680 1276 qna.

383 1279 659 1332 dicendum
699 1288 869 1342 esset,
920 1293 1023 1345 qno
1101 1284 1256 1326 antea
1298 1273 1386 1325 hic
1429 1272 1626 1324 editum
1667 1281 1815 1323 erat:
1856 1275 2078 1323 centum
2106 1276 2348 1326 ministri
2371 1288 2503 1339 sunt,
2541 1280 2656 1347 qui

387 1378 452 1388 —
482 1360 710 1401 onerent
735 1359 789 1399 et
850 1357 1039 1399 onam.
1077 1346 1262 1413 (Recte
1288 1360 1413 1394 vero
1443 1341 1654 1394 Iahnius
1686 1342 1755 1392 ad
1793 1346 1923 1392 Aen.
1952 1343 2019 1405 V,
2053 1343 2201 1397 342:
2265 1347 2448 1408 „Quae
2479 1348 2651 1416 ney-

383 1418 501 1472 nius
543 1418 610 1470 de
635 1418 691 1469 fo
828 1435 859 1469 a
894 1428 1025 1467 sunt
1072 1415 1169 1484 qui
1207 1412 1473 1481 disputat,
1533 1428 1750 1463 monens
1795 1411 2036 1462 Ciceroni
2081 1412 2135 1464 in
2180 1412 2264 1464 his
2305 1415 2650 1467 scribendum

387 1542 552 1602 niam
594 1539 661 1600 L.
718 1557 990 1599 numero.
1061 1535 1222 1617 (vid.
1280 1536 1354 1599 V.
1400 1536 1468 1599 1..

394 1626 577 1703 Wr.)
617 1623 969 1709 (respexisse
1000 1630 1177 1704 poeta
1211 1630 1471 1702 putatur

388 1712 605 1794 Odyss.
636 1735 697 1792 η,
731 1712 854 1777 105
886 1731 976 1788 sq.
1007 1709 1082 1768 de
1112 1707 1346 1768 Alcinoi
1366 1727 1470 1767 re-

388 1799 481 1878 gia
500 1844 516 1873 ,
558 1798 731 1858 cuius
777 1795 1125 1861 convivium
1182 1793 1472 1874 expressit

388 1885 450 1944 in
479 1903 640 1962 seqq.
685 1903 764 1942 ex
801 1882 1018 1961 odyss.
1049 1888 1119 1958 θ,
1149 1881 1233 1945 57
1260 1877 1375 1961 ὃς.)
1415 1892 1474 1937 et

381 1971 663 2049 flammis
692 1969 928 2028 adolere
948 1969 1227 2025 Penates.
1276 1965 1472 2025 Pena-

391 2066 483 2116 tes
514 2063 621 2114 aut
650 2074 762 2134 pro
788 2054 904 2113 aris
931 2072 1002 2111 ac
1026 2051 1190 2126 focis,
1223 2061 1331 2110 aut
1357 2071 1470 2131 pro

390 2141 523 2222 ipso
563 2140 882 2220 penetrali,
941 2137 1304 2215 omninoque
1358 2157 1472 2216 pro

394 2234 575 2286 domo
620 2225 808 2306 accipi
850 2234 1119 2304 possunt.
1206 2223 1331 2282 Iam
1374 2244 1473 2309 eos

392 2313 630 2372 adolere
658 2312 946 2391 fhmmis
992 2309 1150 2369 dixit
1192 2307 1473 2388 Virgilius

391 2398 629 2479 poetico
711 2395 998 2456 orationis
1070 2414 1269 2469 more,
1338 2414 1472 2474 pro,

394 2483 666 2544 flammas
690 2482 931 2543 adolere
957 2480 1024 2541 in
1047 2479 1384 2556 Penatibus,
1428 2500 1475 2539 s.

396 2569 663 2646 aedibus,
704 2568 769 2635 h.
796 2589 847 2632 e.
870 2569 935 2627 in
963 2566 1081 2626 aris
1106 2567 1185 2626 ad
1208 2568 1475 2625 Penates.

395 2665 471 2728 ut
496 2655 623 2732 VII,
648 2659 728 2721 71
761 2657 944 2714 castis
969 2653 1169 2712 adolet
1196 2651 1345 2711 dum
1374 2653 1476 2709 al-

395 2744 556 2804 taria
580 2740 774 2801 taedis
800 2760 914 2822 pro
941 2739 1148 2799 taedas
1178 2738 1244 2797 in
1278 2737 1475 2812 altari,

397 2828 781 2907 exquisitiore
834 2826 1099 2902 ratione,
1146 2834 1218 2884 ut
1254 2823 1478 2903 passim

397 2914 558 2990 alibi,
598 2914 838 2974 adolere
849 2911 1034 2991 soc-os
1064 2922 1126 2970 et
1157 2912 1288 2970 alia.
1332 2906 1479 2968 'Eo-

405 3001 543 3059 dem
593 2999 777 3058 modo
828 2999 935 3060 Ge.
992 2996 1073 3057 IV
1090 3042 1107 3072 ,
1150 3000 1294 3062 378.
1350 2998 1479 3060 379

402 3084 755 3145 Panchaeis
824 3083 1171 3142 adolescunt
1237 3080 1480 3160 ignibus

396 3191 585 3229 ame.-
631 3168 697 3233 h.
730 3189 782 3231 e.
823 3177 963 3228 tura
997 3168 1061 3227 in
1105 3166 1223 3226 aris
1266 3166 1479 3225 adole-

283 3267 292 3279 ·
399 3263 579 3315 scunt
622 3255 720 3316 vel
777 3252 1013 3313 ardent.
1081 3250 1233 3334 (vid.
1277 3261 1479 3310 tamen

398 3341 483 3401 ibi
512 3340 652 3406 Not.
689 3340 796 3402 W
784 3335 870 3420 r.)
957 3338 1204 3411 Statius,
1249 3339 1353 3416 qui
1379 3347 1482 3397 to-

400 3436 534 3487 tum
560 3424 624 3486 h.
649 3426 691 3485 l.
729 3424 1052 3505 expressit,
1097 3423 1232 3499 sed,
1275 3432 1347 3483 ut
1386 3444 1484 3483 so-

399 3512 516 3588 let,
559 3511 638 3571 sd
674 3510 986 3571 fastidium
1015 3528 1204 3589 usque
1245 3509 1485 3590 produ-

402 3598 511 3657 ctis
553 3597 797 3676 singulis
851 3615 1058 3656 rerum
1100 3596 1418 3655 momentis
1460 3596 1484 3654 1

400 3682 588 3743 Theb.
622 3681 747 3748 512
771 3701 919 3761 sqq„
961 3681 1072 3741 ait:
1115 3681 1482 3761 adolet-efo-

402 3791 503 3828 cos
520 3812 538 3844 ,
587 3770 916 3848 epulasque
952 3781 1203 3826 recentes
1242 3771 1481 3827 instau-

402 3875 535 3913 rare
554 3898 571 3929 ,
665 3852 843 3912 iubet.
994 3854 1247 3912 Adolere
1298 3854 1485 3933 Jbeos

404 3940 584 4000 etiam
610 3940 786 3999 Silius
814 3937 973 3997 dixit
1001 3939 1107 4015 xl,
1136 3942 1265 4003 278
1290 3939 1356 3999 in
1386 3940 1483 3998 lo-

404 4047 496 4102 co,
539 4025 643 4104 qui
670 4035 730 4085 et
759 4025 883 4104 ipse
913 4043 988 4083 ex
1017 4034 1226 4084 nostro
1256 4034 1347 4084 est
1371 4025 1487 4085 ad-

402 4112 747 4187 umbratus;
790 4110 956 4189 quod
1001 4110 1116 4169 iam
1155 4119 1297 4170 ante
1340 4111 1487 4170 Cer-

404 4197 545 4259 dam
567 4197 725 4258 vidit
756 4196 1135 4275 Pomponius.
1221 4196 1344 4256 Iam
1375 4218 1489 4257 au-

402 4295 526 4345 tem
568 4303 849 4364 quaeras,
893 4301 1180 4361 quorsum
1196 4327 1213 4356 ,
1256 4282 1318 4341 in
1362 4283 1489 4343 vita

405 4369 615 4450 utique
648 4368 923 4443 heroica,
967 4367 1128 4427 inter
1177 4368 1378 4447 epulas
1423 4369 1485 4428 in

1552 1535 1688 1595 foco
1735 1534 1887 1613 ignis
1946 1534 2188 1594 incendi
2244 1537 2452 1596 solitus
2510 1539 2601 1598 sit
2616 1541 2653 1599 ’ἒ

1553 1621 1686 1679 Νοιι
1767 1638 1908 1679 sane
1985 1621 2222 1700 frigoris
2302 1623 2655 1702 depellendi

1555 1726 1792 1783 caussa,
1836 1724 1945 1764 nec
1994 1707 2069 1765 ad
2113 1728 2323 1768 carnes
2372 1730 2657 1788 coquen-

1557 1793 1705 1852 das:
1806 1811 2021 1850 verum
2099 1805 2426 1874 perpetuus
2502 1797 2651 1869 jue,

1555 1880 1730 1938 etiam
1767 1897 1875 1957 per
1899 1880 2177 1955 sequiora
2208 1890 2497 1961 tempora,
2532 1901 2655 1940 re-

1553 1964 1793 2044 ligiosus
1822 1984 1950 2023 mos
1977 1965 2110 2042 suit,
2139 1976 2212 2026 ut
2244 1968 2305 2026 in
2332 1968 2493 2026 sestis
2527 1968 2656 2027 sal·

1555 2060 1680 2110 tem
1714 2049 1903 2128 epulis
1933 2051 2104 2111 focus
2138 2053 2258 2132 igni
2284 2053 2528 2127 luceret,
2584 2054 2653 2113 in

1559 2137 1811 2196 deorum
1850 2137 2060 2215 utique
2100 2136 2412 2214 honorem,
2448 2139 2657 2198 Pena-

1557 2223 1714 2282 tium
1743 2223 2003 2281 maxime
2032 2224 2129 2283 vel
2171 2225 2341 2284 Genii
2385 2224 2483 2284 vel
2523 2226 2661 2283 La-

1556 2309 1671 2383 ris;
1715 2308 1865 2365 facta
1915 2329 2155 2387 quoque
2202 2314 2267 2370 in
2314 2312 2515 2370 focum
2570 2312 2655 2370 li-

1557 2394 1796 2452 batione
1830 2394 1979 2469 vini,
2023 2414 2128 2454 seu
2170 2405 2308 2455 ture
2343 2407 2662 2475 cremato;

1557 2479 1800 2540 heroica
1813 2480 1939 2539 vita
1955 2480 2129 2540 etiam
2146 2483 2339 2542 carnis
2354 2483 2663 2562 prosectis

1557 2567 1622 2626 in
1639 2569 1833 2645 ignem
1848 2566 2098 2627 iniectis.
2139 2570 2219 2627 De
2232 2579 2368 2628 ture
2386 2579 2661 2630 testatur

1559 2652 1727 2711 locus
1742 2672 1773 2709 e
1789 2653 1894 2714 Ge.
1915 2653 2011 2729 lv,
2026 2658 2169 2718 878.
2187 2658 2312 2720 379
2329 2655 2460 2714 cxci
2468 2665 2661 2717 tatus.

1562 2738 1631 2796 ln
1673 2738 2026 2818 explicando
2064 2760 2197 2799 voc.
2255 2743 2492 2800 adolere
2526 2763 2665 2802 nu-

1561 2833 1783 2903 gantur
1795 2823 2201 2885 Gramm'atici.
2223 2826 2478 2887 Videtur
2495 2830 2664 2888 olere

1563 2910 1637 2969 ab
1682 2910 1850 2969 initio
1890 2912 2133 2971 omnino
2178 2913 2488 2973 notionem
2531 2934 2665 2973 au·-

1562 2995 1738 3075 gendi
1792 2993 2098 3074 habuisse,
2154 2998 2261 3060 sed
2318 2999 2665 3060 substitisse

1561 3081 1805 3141 tandem
1858 3083 1924 3142 in
1974 3104 2099 3143 uno
2157 3103 2364 3144 rerum
2416 3106 2664 3166 genere,

1565 3167 1730 3247 quod
1770 3168 2208 3229 incrementum
2261 3169 2445 3232 habet
2500 3193 2663 3232 con-

1565 3255 1806 3313 tinuum
1824 3301 1840 3330 ‚
1886 3275 1991 3315 seu
2032 3256 2198 3334 quod
2238 3258 2662 3334 continuatur,

1567 3340 1792 3400 scilicet
1815 3341 2090 3401 flammae
2116 3341 2181 3400 in
2206 3343 2414 3405 fomite
2445 3345 2662 3404 nutri-

1568 3435 1694 3501 tae3
1740 3427 1901 3486 unde
1950 3428 2187 3487 adolete
2220 3440 2309 3490 est
2357 3449 2663 3507 cremar-05

1568 3520 1701 3571 tum
1733 3513 1882 3572 fumi
1924 3523 1986 3572 et
2029 3513 2234 3573 odoris
2274 3536 2349 3574 ex
2393 3526 2664 3576 cremata

1569 3598 1848 3657 victimae
1895 3619 2075 3659 carne
2119 3604 2219 3659 vel
2257 3612 2429 3679 ture5
2488 3603 2667 3662 unde

1568 3685 1720 3742 olere
1750 3695 1841 3743 est
1871 3686 2119 3744 odorem
2147 3688 2432 3748 emittere.
2480 3689 2535 3747 N
2536 3710 2664 3748 on-

1569 3768 1734 3829 nulla
1778 3771 1853 3830 de
1891 3770 1986 3830 his
2013 3772 2135 3830 iam
2162 3772 2229 3831 in
2268 3775 2535 3835 perizon.
2580 3775 2663 3834 ad

1569 3857 1772 3920 Sanct.
1822 3877 1880 3936 p.
1923 3859 2049 3922 757
2095 3878 2413 3919 occurrere
2456 3861 2663 3921 video.

1570 3940 1724 4023 (vid.
1751 3950 1954 4001 tamen
1981 3943 2116 4002 Not.
2150 3944 2228 4003 ad
2260 3947 2364 4006 Ge.
2394 3947 2494 4024 IV,
2508 3950 2663 4013 379.

1658 4113 1802 4178 705.
1828 4118 1973 4180 706.
2016 4115 2303 4176 Ducentis
2325 4116 2453 4176 aliis
2475 4117 2665 4177 mini-

1568 4197 1823 4258 sterium
1849 4199 2076 4280 dapum
2101 4212 2162 4260 et
2187 4203 2311 4262 vini
2346 4223 2667 4284 apponen-

1573 4282 1636 4342 di
1664 4285 2038 4347 mandatum.
2077 4309 2260 4366 pares
2296 4300 2518 4362 aetate,
2552 4291 2665 4348 int.

1572 4388 1821 4450 pueros,
1866 4391 1941 4431 ex
1985 4393 2172 4434 more.
2216 4374 2413 4434 valer.
2457 4374 2549 4434 ΡΙ.
2591 4375 2666 4450 11,
