2882 5028
412 351 418 359 ·
513 349 1131 429 AENElnos
1185 352 1401 428 Lm.
1453 351 1587 461 ly,
1635 355 2068 434 615-629

2278 364 2427 437 699

194 542 393 615 Tum
443 561 624 637 νος,
701 560 749 613 o
806 536 1062 635 Tyrii,
1139 537 1474 639 stirpem
1544 551 1624 614 et
1686 562 1938 637 genus
2004 564 2250 617 omne
2299 537 2430 618 fu-

1312 641 1320 650 ’
1342 655 1614 716 turum

189 746 549 820 Exercete
582 742 826 836 odiis3
882 743 1288 846 cinerique
1318 744 1520 821 haec
1549 745 1837 821 mittite
1871 759 2148 822 nostro

193 852 531 926 Munera.
605 846 887 926 Nullus
930 873 1158 924 amor
1201 848 1557 949 populi5‚
1613 873 1763 925 nec
1807 846 2140 926 foedera
2169 863 2429 929 sunt0.

190 952 544 1027 Exoriare
585 950 861 1053 aliquis
897 953 1187 1027 nostris
1220 977 1312 1026 ex
1343 953 1651 1029 ossibus
1685 952 1922 1044 uuor,

2244 1004 2247 1005 f
2279 958 2431 1035 625

196 1055 334 1149 Qui
368 1053 540 1132 face
572 1054 1017 1131 Dardanios
1061 1053 1447 1156 ferroque
1475 1081 1810 1158 sequare
1837 1054 2194 1152 colonoS‚

190 1161 403 1234 Nunc
420 1219 440 1255 ,
498 1158 729 1254 olim,

784 1183 1301 1261 quocumque
1347 1158 1652 1238 dabunt
1690 1183 1773 1236 se
1803 1173 2173 1260 ternpore
2207 1161 2431 1241 vires.

191 1262 436 1338 Litora
463 1262 829 1338 litoribus
865 1265 1289 1359 contraria,
1341 1261 1713 1340 fluctibus
1742 1263 1998 1339 undas

190 1365 584 1467 Inprecor‚
615 1391 833 1442 arma
863 1368 1143 1462 armis;
1174 1381 1538 1468 pugnent
1568 1369 1878 1470 ipsique
1909 1379 2432 1480 nepotesque.

311 1575 413 1632 622
447 1588 508 1628 et
547 1575 701 1627 deest
735 1574 939 1629 Zalich.
976 1594 1009 1628 a
1041 1595 1110 1628 m.
1143 1594 1228 1644 pr.
1282 1577 1412 1645 (stir-
1451 1597 1563 1641 em,
1597 1596 1778 1651 genus
1813 1595 1993 1640 omne,
2019 1571 2279 1645 futuram
2299 1613 2315 1640 ,
2348 1574 2434 1627 le-

190 1643 396 1711 gendum
429 1645 730 1715 suspicatur
763 1646 980 1699 Wakef.
1034 1646 1101 1698 ad
1135 1649 1345 1699 Lucret.
1379 1650 1401 1699 1
1457 1687 1472 1713 ‚
1508 1648 1630 1703 739.
1677 1646 1818 1712 Wr.)

626 1717 730 1770 627
757 1734 1121 1837 finaeo-unque
1153 1717 1397 1770 Parrhas.
1605 1789 1617 1801 .
1932 1785 1945 1797 ⁸
2196 1783 2208 1796 ·
2340 1785 2371 1797 ..

800 1824 812 1836 .
853 1803 1151 1922 pfuzlssstque
1174 1800 1506 1868 nepotesque
1519 1788 1698 1838 Heius.
1732 1795 1972 1855 reposuit
2004 1803 2032 1834 e
2068 1784 2255 1837 Medic.
2284 1785 2436 1837 alus-

194 1722 265 1763 ter
295 1715 479 1767 Hamb.

192 1799 329 1834 arma
352 1787 490 1837 viris
508 1803 591 1853 pr.
618 1787 753 1836 Ham

191 1868 279 1919 qne
311 1854 615 1922 potioribus
651 1855 808 1907 codd.

1959 1646 2063 1702 626
2099 1663 2324 1714 sequere
2351 1645 2435 1697 al-

1536 1720 1639 1772 629
1691 1721 1809 1769 Iam
1861 1734 2058 1787 precor
2105 1715 2208 1765 duo
2261 1717 2434 1767 Burm.

1003 1872 1035 1905 o
1073 1854 1175 1923 leg.
1193 1874 1404 1929 apseque
1420 1870 1677 1927 nepotem
1718 1867 1773 1907 et
1790 1856 1866 1907 sic
1885 1852 2216 1906 Grammatici
2242 1855 2435 1921 passim

189 1919 413 1985 laudant3
449 1923 533 1976 sic
570 1941 777 1993 quoque
814 1942 990 1976 omnes
1027 1926 1190 1977 Goth.
1230 1928 1303 1994 (et
1339 1925 1505 1977 Palat.
1541 1945 1656 1978 cum
1695 1929 1778 1981 11.
1818 1928 1898 1979 12.
1940 1927 2026 1977 W
2019 1924 2088 1989 r.)
2162 1925 2293 1993 (ipsi
2365 1943 2435 1974 u·-

188 2005 447 2064 gustuque
482 2006 720 2066 nepotes
752 1996 944 2045 Moret.
993 2011 1078 2063 qu.
1117 2013 1179 2045 ex
1214 1993 1667 2063 interpolatione.)
1740 1997 1800 2045 In
1850 2011 1954 2062 quo
2001 1992 2155 2044 facile
2208 1944 2437 2061 iutefiigi

190 2061 375 2130 possit,
424 2063 658 2115 alterum
707 2081 812 2133 que
856 2062 1060 2115 librarii
1109 2063 1260 2134 culpa
1312 2064 1556 2115 extritum
1605 2082 1738 2119 esse.
1826 2063 2052 2114 Videtur
2098 2073 2272 2114 tamen
2307 2063 2438 2115 mihi

190 2148 281 2200 que
321 2132 450 2184 illud
506 2131 559 2183 in
596 2132 826 2184 clausula
863 2133 1029 2185 totius
1067 2134 1359 2185 sententiae
1408 2144 1464 2185 et
1498 2134 1754 2185 orationis
1789 2133 2086 2184 redundans
2138 2131 2227 2183 vix
2264 2133 2437 2185 locum

191 2200 315 2251 tueri

188 2265 280 2321 hnc
310 2222 558 2325 advoces.

385 2220 545 2266 osse,
579 2203 663 2253 vel
699 2202 896 2253 aurium
936 2202 1148 2257 iudicio.
1219 2205 1353 2256 Tum
1390 2206 1601 2276 ipsique
1634 2221 1739 2254 non
1772 2202 1953 2265 habet,
1990 2200 2130 2271 quod
2164 2202 2438 2255 commode

629 2273 766 2323 Nam
815 2272 1018 2323 debent
1063 2290 1178 2323 esse
1227 2285 1316 2324 aut
1354 2272 1488 2354 ‘ipsi‘
1518 2276 1696 2341 Tyrii:
1746 2282 1853 2323 tum
1893 2288 2017 2323 vero
2066 2271 2279 2339 languet
2314 2282 2440 2341 post

188 2341 444 2407 superiora
501 2340 667 2392 multo
722 2344 988 2409 graviora:
1034 2355 1291 2413 pugnent
1342 2345 1452 2413 ipsi
1499 2352 1552 2393 et
1598 2352 1853 2412 nepotes;
1898 2352 1987 2392 aut
2015 2343 2239 2413 populi:
2291 2341 2440 2410 atqui

190 2408 381 2528 quinam
416 2421 548 2463 sunt
578 2428 654 2482 po
694 2412 910 2464 talorum
944 2411 1206 2483 nepotes?
1278 2413 1606 2462 Heumannus
1645 2422 1699 2463 et
1733 2411 2000 2479 Trappius
2037 2420 2091 2461 et
2127 2413 2203 2463 Io.
2239 2412 2438 2463 Schra-

225 2495 334 2531 erns
378 2480 434 2533 in
494 2480 623 2533 sche
665 2480 742 2546 is,
815 2489 982 2532 totum
1031 2480 1413 2533 hemistichium
1471 2480 1869 2533 rescindendum
1935 2498 2049 2532 esse
2121 2480 2440 2548 iudicabant,

190 2555 429 2619 tamquam
466 2562 732 2611 assutum5
778 2550 984 2602 scilicet
1031 2551 1156 2602 viris
1194 2552 1361 2602 doctis
1398 2570 1505 2603 non
1542 2552 1911 2614 succurrebat,
1973 2550 2061 2618 qui
2096 2549 2175 2601 illi
2213 2552 2440 2604 Cartha-—

192 2616 486 2682 giniensium
530 2631 754 2689 nepotes
791 2638 907 2671 esse
945 2630 1180 2684 possent.
1254 2621 1656 2672 Holdsworthus
1711 2622 1888 2671 Iubam
1926 2619 2030 2671 huc
2064 2621 2323 2684 vocabat,
2387 2633 2441 2673 et

190 2683 422 2741 laudabat
453 2689 664 2741 Lucani
699 2690 870 2742 locum
906 2689 1000 2741 lib.
1037 2692 1190 2754 vm,
1235 2690 1342 2745 283
1379 2709 1493 2759 sqq.
1565 2691 1720 2742 Dicas
1757 2689 1994 2758 potuisse
2032 2700 2245 2757 poetam
2286 2690 2440 2742 latius

191 2751 345 2825 ipsum
392 2758 662 2813 Bocchum
712 2779 773 2813 ac
808 2760 1140 2828 Iugurtham,
1195 2759 1352 2811 Afros
1388 2770 1566 2825 certe,
1631 2759 1732 2812 etsi
1765 2777 1870 2811 non
1906 2758 2125 2828 proprie
2160 2759 2440 2828 Carthagi-

193 2952 388 2993 arena.
436 2932 630 2995 nolim
662 2954 697 2992 a
731 2932 1132 3013 gladiatorum
1152 2955 1273 3015 pu-

194 3037 299 3098 gna
323 3021 389 3079 in
413 3020 861 3102 amphitheatro
891 3033 1124 3101 petere;
1169 3019 1274 3079 sed

196 3114 278 3166 est
338 3127 449 3186 pro
514 3127 729 3186 campo
749 3150 764 3181 ,
843 3107 974 3167 loco
1027 3126 1278 3187 pugnae.

195 3193 332 3254 621.
357 3214 497 3252 cum
545 3195 849 3270 sanguine
868 3238 885 3268 ‚
949 3213 1086 3253 cum
1131 3194 1281 3266 vita,

196 3276 497 3339 »edmulto
524 3278 750 3338 maiore
784 3298 924 3338 cum
948 3279 1033 3339 vi.
1080 3280 1282 3339 Serv.:

199 3365 390 3439 „quasi
441 3364 901 3445 imprecationes
947 3365 1104 3445 ipsas
1161 3385 1270 3423 suo

199 3461 567 3511 consecraret
598 3452 939 3529 sanguine.“

277 3538 663 3603 622-629.
723 3537 879 3596 Odia
918 3535 1080 3596 inter
1120 3537 1274 3596 Poe-

201 3634 300 3676 nos
333 3631 390 3680 et
417 3623 744 3698 Romanos,
788 3632 850 3681 et
876 3622 1031 3682 bella
1060 3641 1278 3701 perpe-

201 3711 301 3762 tua
353 3706 428 3768 de
469 3708 741 3789 imperio.
828 3711 1072 3784 stirpem
1110 3729 1278 3776 exer-

202 3801 314 3847 oete
337 3794 490 3852 odiis
508 3839 526 3868 ‚
577 3803 816 3854 vexate.
902 3793 1024 3852 Nisi
1054 3801 1144 3852 est
1170 3812 1282 3851 ex·-

203 3875 467 3951 quisitior
493 3879 651 3939 ratio
679 3900 792 3960 pro
816 3878 1071 3958 vulgari,
1102 3898 1282 3938 exer-

206 3976 330 4019 cere
365 3965 506 4024 odia
531 3965 594 4024 in
625 3975 930 4045 posta-083
973 3963 1125 4024 nihil
1152 3986 1283 4023 am-

203 4044 367 4122 plius.
413 4047 566 4129 (vid.
606 4052 710 4111 Ge.
743 4052 842 4127 lv,
885 4049 1032 4116 453.
1054 4047 1281 4132 Wolz.)

207 4132 466 4194 Munera
496 4136 604 4196 int.
629 4137 870 4196 inferias
887 4182 904 4213 ‚
951 4155 1106 4214 quae
1130 4156 1281 4216 pro-

202 4216 324 4294 pris
351 4224 513 4280 mita
533 4221 836 4283 dicuntur.
908 4243 1018 4281 neo
1019 4222 1283 4301 foedera

204 4316 404 4381 tuneo,
470 4308 690 4389 quippe
739 4309 925 4368 tertio
969 4315 1166 4386 rupta,
1208 4315 1284 4366 ut

205 4386 367 4450 Serv.
452 4393 598 4458 626.
641 4395 829 4471 ultor,
887 4392 1284 4454 Hannibalem

1360 2934 1625 2995 ostendit
1660 2934 1760 3018 (ut
1793 2953 2033 3014 quoque
2077 2932 2293 3016 Serv.),
2337 2935 2444 3014 qui

1360 3023 1596 3082 Italiam
1646 3024 1808 3082 ferro
1873 3021 2111 3099 ignique
2161 3022 2441 3082 vastavit.

1362 3130 1434 3168 ex
1461 3106 1687 3167 ossibus·
1720 3127 1832 3185 pro
1861 3106 2126 3185 vulgari,
2171 3125 2246 3165 ex
2276 3107 2444 3165 cine-

1364 3214 1431 3254 re
1475 3213 1642 3269 meo,
1715 3191 1777 3252 h.
1820 3212 1869 3252 e.
1916 3201 2054 3271 post
2099 3212 2195 3250 me
2238 3194 2445 3255 veniat

1368 3280 1609 3358 aliquis,
1707 3278 1813 3357 qui
1875 3288 2269 3358 persequatur
2329 3289 2444 3340 etc.

1357 3367 1697 3444 (Exoriare
1734 3366 1994 3444 aliquis,
2058 3364 2181 3423 vid.
2232 3366 2445 3425 similia

1359 3471 1435 3512 ex
1458 3452 1773 3529 utriusque
1795 3450 2030 3528 linguae
2049 3450 2446 3529 scriptoribus

1359 3547 1638 3617 congesta
1668 3534 1757 3595 'ab
1796 3535 2069 3596 Huschk.
2111 3537 2189 3595 sd
2225 3537 2444 3598 Tibuu.

1360 3626 1405 3701 1,
1447 3630 1506 3699 6,
1552 3628 1653 3686 39.
1707 3625 1883 3699 Wr.)
1943 3621 2173 3681 dabunt
2196 3643 2282 3697 se,
2333 3643 2446 3683 ex—

1361 3710 1639 3788 quisitius
1668 3728 1880 3785 quam,
1925 3716 2126 3772 erunt.
2212 3709 2445 3770 Occur-

1363 3797 1449 3857 rit
1474 3805 1535 3855 et
1565 3793 1734 3854 alibi:
1781 3794 1990 3873 Georg.
2025 3794 2068 3868 1,
2099 3797 2224 3861 287
2262 3797 2447 3854 Mut-

1365 3895 1430 3941 ta
1476 3883 1629 3940 adeo
1679 3881 1892 3958 gelida
1926 3881 2139 3938 melius
2180 3903 2247 3938 se
2280 3894 2449 3940 nocte

1365 3969 1663 4027 dederunt.
1700 3965 1974 4046 (Diversa
1998 3964 2148 4025 haec
2166 3967 2298 4025 loca
2328 3987 2448 4047 pu-

1364 4063 1464 4130 to;
1505 4052 1605 4112 hic
1632 4052 1816 4113 verba
1842 4073 1906 4110 se
1931 4051 2160 4110 dabunt
2186 4053 2446 4132 explico:

1363 4141 1429 4200 in
1456 4148 1705 4219 promtu
1733 4147 1934 4213 erunt,
1978 4145 2224 4218 paratae
2250 4147 2448 4198 erunt.

1371 4229 1480 4288 W
1469 4225 1599 4307 ch.)
1687 4225 1850 4284 Bella
1888 4223 2117 4283 scilicet
2144 4223 2449 4283 ominatur

1364 4312 1597 4393 saepius
1621 4317 1929 4371 renovata.
1983 4312 2127 4376 628.
2143 4312 2286 4374 629.
2302 4311 2449 4368 Ser-

1367 4398 1506 4459 vius
1535 4396 1615 4458 ad
1647 4395 1905 4456 foederis
1933 4393 2309 4454 conditiones
2341 4414 2450 4455 su-
