2882 5028
2262 414 2422 490 749

139 597 370 674 Litus
398 618 608 691 ama,
664 606 746 670 et
774 592 1031 671 laevas
1067 594 1393 694 stringat
1428 594 1600 670 sine
1628 592 1976 694 palmula
2014 610 2315 694 cautes3

138 699 422 778 Altum
454 696 579 774 alii
613 709 958 776 teneant.
1045 699 1285 777 Dixit.
1396 697 1558 773 Sed
1593 722 1820 774 caeca
1846 705 2266 778 Menoetes

148 808 348 881 Saxa
373 804 703 898 timens,
734 825 1060 902 proram
1084 801 1341 903 pelagi
1375 801 1810 901 detorquet
1835 802 1936 878 ad
1971 803 2246 884 undas.
2269 811 2422 887 165

148 914 340 1004 Quo
376 906 728 982 diversus
766 904 984 983 abis?
1034 907 1363 983 iterum:
1416 920 1604 1006 pete
1645 928 1853 1001 saxa,
1904 911 2313 1006 Menoete,

149 1017 362 1090 Cum
401 1010 751 1086 clamore
791 1015 993 1108 Gyas
1036 1010 1508 1103 revocabat3
1565 1022 1646 1086 et
1690 1033 1877 1086 ecce
1924 1011 2421 1093 Cloanthum

145 1115 503 1217 Respicit
529 1115 957 1189 instantem
1000 1126 1263 1212 tergo,
1321 1127 1403 1189 et
1425 1114 1804 1216 propiora
1837 1127 2278 1196 tenentem.

147 1220 293 1295 Ille
329 1221 538 1294 inter
565 1242 1019 1319 navemque
1054 1222 1268 1315 Gyae
1293 1216 1828 1319 scopulosque
1858 1221 2209 1295 sonantis

144 1323 390 1404 Radit
417 1323 571 1399 iter
601 1323 915 1398 laevum
941 1323 1307 1420 interior,
1360 1321 1790 1423 subitoque
1816 1323 2176 1423 priorem
2266 1332 2419 1406 170

507 404 1128 485 AENEIDOS
1180 405 1394 485 LIB.
1431 407 2029 501 V,·158-17o

143 1566 402 1609 cureum3
449 1546 555 1600 duo
601 1557 818 1617 praeter
857 1547 1058 1601 huncce
1101 1546 1447 1599 terminantur
1488 1547 1603 1600 hist
1652 1547 1832 1620 dirige
1864 1564 2147 1620 gressum,
2198 1553 2327 1602 Aen.
2370 1552 2415 1617 1,

142 1619 274 1672 401.
313 1619 410 1681 XI,
444 1619 598 1682 8554
630 1619 737 1671 vid.
751 1620 819 1673 V.
837 1618 899 1670 L.
923 1617 994 1669 ad
1019 1622 1148 1670 Aen.
1165 1619 1342 1680 1‚776.
1358 1619 1588 1682 1V,471.
1658 1618 1869 1669 Interim
1893 1636 2005 1670 rem
2033 1618 2090 1671 in
2116 1621 2291 1673 medio
2320 1638 2419 1671 re-

143 1688 391 1755 linquere
435 1688 598 1740 satiue
646 1688 800 1755 dux-st
853 1697 908 1738 et
940 1705 1192 1758 gressum
1214 1688 1443 1739 fortasse
1474 1704 1537 1739 eo
1570 1686 1788 1739 defendi
1818 1687 2045 1757 poterit,
2085 1691 2230 1758 quod
2253 1690 2412 1742 maria

145 1756 488 1877 5522205112‘2‘?
491 1756 786 1878 ‘2³13chssss
803 1776 898 1878 ¹3:1¹¹
904 1756 1257 1879 ὗέἓὶὼένῖἷί
1301 1757 1627 1891 ’ἰὲἒώᾶνῖΐ
1669 1757 2418 1883 ἒῖῗῐνῗὲήὸἰῐέἔᾛὲ

148 1914 214 1947 ex
241 1899 348 1946 am'
376 1908 431 1946 ee
456 1897 698 1965 Longob.
754 1896 916 1948 laeva
945 1895 1135 1948 Medic.
1164 1896 1351 1947 Hamb.
1376 1914 1458 1964 pr.
1493 1905 1549 1948 et
1571 1895 1690 1949 Gud
1715 1915 1745 1947 a
1775 1913 1843 1952 m.
1867 1914 1948 1965 pr.
1974 1915 2093 1949 cnm
2117 1898 2282 1949 Goth.
2306 1916 2414 1952 sec.

147 1984 182 2017 a
208 1983 282 2016 m.
310 1982 391 2035 pr.
428 1966 555 2032 (vid.
583 1969 647 2029 Q.
678 1968 746 2018 V.
779 1967 897 2029 XII,
938 1963 1051 2028 14.;
1100 1965 1305 2035 recepit
1343 1965 1450 2017 hoe
1489 1964 1810 2019 Wakefield.
1854 1967 1999 2034 Wr.)
2069 1967 2177 2019 Sed
2220 1968 2417 2019 laevas

145 2048 344 2087 cautes
365 2036 578 2088 doctius
609 2035 805 2087 dictum
830 2045 990 2105 puta;
1027 2034 1132 2087 hoc
1163 2034 1371 2086 nomine
1404 2034 1683 2086 lectionem
1712 2044 1880 2087 tuere.
2036 2036 2138 2091 164
2177 2036 2415 2088 tendant

146 2103 375 2156 Dorvill.
447 2106 728 2157 Menoeeie
754 2105 942 2156 Medic.
981 2104 1098 2171 (sed
1138 2106 1424 2156 Menoetes
1464 2105 1603 2173 apud
1644 2104 1865 2173 Foggin.
1902 2106 2046 2173 Wr.)
2120 2108 2416 2159 Menoetae

143 2192 231 2244 pr.
261 2175 517 2227 Rottend.
545 2193 577 2226 a
605 2193 672 2226 m.
704 2193 784 2242 pr.
859 2176 915 2225 ln
942 2173 1102 2225 Goth.
1152 2183 1276 2224 tert.
1309 2176 1585 2237 Menetes,
1619 2175 1780 2226 modo
1808 2176 2058 2238 Mona-te,
2092 2176 2254 2227 modo
2282 2178 2416 2228 Me-

144 2245 446 2308 nestheus,
482 2245 641 2295 modo
673 2245 977 2295 Meneclem
1007 2252 1294 2310 peccatum.
1443 2244 1544 2297 166
1581 2244 1781 2295 iterum
1823 2262 1897 2296 ec.
1935 2243 2241 2298 revocabat.
2311 2245 2416 2296 Di-

146 2313 368 2365 ,tinctio
395 2315 462 2365 ab
493 2312 611 2365 aliis
640 2312 783 2364 varie
810 2314 887 2365 fit.
994 2314 1096 2367 167
1124 2309 1431 2364 renovabat
1458 2311 1717 2368 Montalb‚
1785 2325 1841 2365 et
1867 2313 1921 2364 in
1944 2313 2140 2377 multis,
2176 2317 2413 2367 Romano

184 2400 391 2450 noque,
426 2384 596 2446 abest,
631 2382 746 2451 (sed
775 2381 863 2451 qui
890 2381 998 2433 sint
1028 2381 1109 2433 illi
1141 2380 1375 2446 multi,
1421 2391 1635 2450 praeter
1679 2384 1965 2434 Romanum
2008 2393 2065 2435 et
2099 2384 2267 2436 libros
2311 2385 2415 2438 Gi-

201 2452 280 2503 nii
305 2453 486 2505 nescio
527 2470 685 2522 quos,
720 2452 927 2521 ignoro.
968 2453 1115 2519 Wr.)
1155 2460 1209 2503 et
1247 2449 1477 2502 deletum
1519 2469 1550 2502 a
1602 2451 1809 2518 multis,
1869 2453 1966 2503 sed
2000 2471 2130 2522 repu
2204 2455 2412 2507 antibus

145 2522 398 2576 Musonio
431 2532 488 2574 et
508 2524 717 2581 Pierio;
753 2523 892 2573 inter
923 2539 1043 2586 eos,
1080 2520 1169 2591 qui
1205 2521 1418 2573 eiiciant
1447 2535 1517 2585 et,
1551 2531 1813 2591 tamquam
1842 2523 1910 2574 ad
1937 2471 2255 2576 fulcienffdm
2284 2544 2414 2577 ver-

146 2611 264 2645 sum
292 2592 578 2656 insertum,
613 2592 769 2644 video
800 2609 914 2643 esse
959 2590 1296 2642 Benedictum
1335 2590 1389 2642 in
1425 2591 1511 2641 ed.
1541 2593 1675 2642 lunt.
1716 2594 1882 2655 15203
1934 2606 2189 2660 provocat
2228 2594 2322 2647 ille
2346 2594 2416 2647 ad

145 2662 463 2715 Martialium
504 2661 800 2731 Capellam,
835 2661 924 2744 qui
959 2660 1191 2712 litteram
1217 2662 1265 2712 T
1308 2659 1366 2711 in
1408 2660 1512 2710 fine
1540 2662 1606 2712 ad
1646 2659 1853 2712 libitum
1894 2661 2023 2730 poni
2054 2662 2144 2715 ait.
2214 2666 2415 2717 Verane

146 2749 280 2784 eane
308 2731 506 2782 similes
525 2770 541 2794 ‚
576 2732 833 2800 producta
862 2748 913 2782 m
943 2740 1128 2799 quarta
1157 2728 1373 2797 regione
1402 2729 1585 2782 ultima
1611 2730 1815 2813 syllaba
1833 2769 1847 2792 ,
1883 2748 2014 2799 quae
2059 2731 2236 2784 brevis
2280 2743 2416 2798 erat,

149 2811 437 2855 occurrunt
466 2800 661 2870 plures.
731 2801 836 2853 Sed
853 2839 869 2863 ,
908 2800 1034 2868 quid
1060 2799 1129 2851 de
1157 2797 1222 2850 iis
1249 2799 1577 2850 statuendum
1608 2810 1680 2852 stt
1698 2839 1713 2863 ,
1756 2799 1888 2850 mihi
1923 2801 2155 2852 nondum
2184 2802 2314 2854 satie
2337 2802 2416 2854 li-

149 2882 297 2942 quet.
339 2869 467 2938 (vid.
497 2873 654 2923 Voss.
682 2870 749 2921 de
783 2876 890 2921 Art.
921 2872 1012 2922 Gr.
1041 2871 1103 2924 11.
1132 2887 1177 2920 c.
1204 2869 1439 2919 xxxn.
1510 2870 1634 2919 Non
1668 2880 1765 2934 est,
1837 2868 1940 2920 uod
1976 2870 2198 2922 haereas
2227 2871 2328 2924 hac
2357 2871 2415 2924 in

149 2960 240 3002 ης
280 2939 519 3010 exempla
550 2959 581 2992 a
606 2939 817 2992 Gil'anio
848 2939 901 2990 in
926 2937 1103 2991 Indice
1131 2938 1339 2989 Lucret.
1361 2956 1419 3019 p.
1445 2936 1567 2991 468.
1595 2937 1722 2989 edit.
1762 2940 1802 2990 P
1825 2939 1990 2990 autin.
2032 2941 2184 2994 1596.
2223 2959 2253 2992 e
2279 2939 2414 2993 vir-

148 3010 283 3080 gilio
321 3009 483 3062 allata
523 3008 626 3061 iam
669 3007 1028 3060 emendatiora
1065 3007 1117 3058 in
1147 3007 1475 3058 Editiombun
1518 3006 1777 3073 leguntur.
1826 3009 1971 3075 Wr.)
2112 3011 2216 3065 168
2250 3022 2415 3081 terga

148 3083 363 3148 Menag.
394 3097 475 3148 pr.
512 3088 566 3130 et
596 3079 812 3132 Dorvill.
838 3097 870 3131 a
897 3096 1102 3129 mace,
1137 3077 1204 3128 cf.
1234 3075 1414 3127 Heius.
1456 3077 1524 3127 ad
1552 3076 1645 3127 lib.
1672 3077 1794 3141 XII,
1829 3075 1951 3132 748.
2023 3096 2062 3130 a
2083 3090 2243 3149 eergo
2273 3079 2414 3132 Gud.

149 3170 182 3202 a
207 3168 282 3202 m.
308 3167 393 3218 pr.
533 3151 636 3203 170
658 3146 944 3218 subitoque
969 3147 1176 3199 videtur
1206 3164 1237 3198 a
1269 3148 1444 3197 Burm.
1469 3155 1738 3215 receptum
1751 3182 1771 3212 ,
1816 3156 1874 3199 ut
1907 3163 2035 3199 sane
2059 3148 2416 3217 praestantia-

151 3344 398 3400 verere‚
442 3342 521 3385 ne
548 3323 699 3383 remi
728 3342 762 3381 a
803 3321 1040 3383 sinistra
1072 3313 1244 3403 parte
1326 3319 1467 3394 bam
1512 3320 1650 3397 sed,
1695 3340 2012 3402 suppresso
2053 3321 2172 3382 hoc
2195 3323 2410 3404 verbo,

151 3432 294 3473 eum
326 3410 644 3488 attingant.
733 3430 941 3469 amare
960 3454 977 3484 ,
1027 3408 1244 3488 cupide
1324 3407 1640 3467 invertisse
1697 3409 2062 3483 orationem,
2142 3409 2226 3468 ita
2268 3431 2415 3491 per·-

150 3507 380 3573 tenere,
425 3495 721 3576 amplecti,
771 3513 1045 3571 servare3
1082 3492 1244 3553 utin
1325 3511 1495 3572 gens:
1541 3493 1693 3552 Cum
1733 3496 1992 3553 elamore
2034 3495 2204 3573 Gyae
2241 3517 2415 3556 revo-

151 3584 261 3643 ino
289 3580 555 3642 Horatii:
614 3593 900 3661 amatque
932 3584 1125 3640 ianua
1162 3579 1246 3639 to·-
1325 3577 1530 3639 eabat.
1561 3581 1665 3640 W
1657 3576 1741 3659 r.)
1790 3584 1930 3644 170.
1957 3580 2119 3638 radit
2143 3583 2250 3640 iter
2280 3579 2415 3662 (ra-

149 3690 312 3728 men.
357 3669 648 3746 palmula
666 3712 685 3742 ,
756 3662 974 3750 ταρσός
1013 3660 1244 3745 κώπης.
1332 3663 1426 3723 dit
1462 3683 1629 3724 mare
1672 3665 1884 3742 remis,
1942 3674 2017 3724 ut
2062 3665 2230 3749 alibi)
2280 3669 2414 3727 lae·-

150 3775 297 3836 pars
345 3753 595 3813 inferior
649 3752 819 3812 remi.
902 3754 1124 3831 pelagi
1161 3772 1245 3814 sc.

151 3841 549 3902 dextrorsum
612 3839 676 3898 in
746 3838 934 3897 altum
1003 3846 1249 3897 evectus

152 3927 429 4005 adeoque
466 3926 736 3983 diversus
750 3968 768 3999 ,
826 3924 890 3983 in
949 3923 1247 3983 diversam

150 4022 421 4094 partem,
499 4030 637 4070 cum
707 4008 951 4069 deberet
1012 4010 1246 4069 laevam

152 4118 366 4160 versus
395 4096 714 4177 scopulum
757 4104 981 4155 tenere.
1048 4094 1246 4176 (revo-

152 4185 336 4245 cabat
370 4182 467 4243 his
511 4181 714 4242 verbis
749 4181 973 4241 scilicet
998 4180 1247 4240 Menoe-

150 4281 258 4331 ten
276 4291 310 4328 a
338 4289 546 4343 cursu,
575 4287 751 4346 quem
776 4268 1074 4347 ingressus
1098 4274 1244 4326 erat.

150 4357 335 4418 Poeta
381 4355 634 4416 videtur
672 4353 933 4434 primum
976 4353 1061 4412 ita
1119 4353 1245 4411 sere

154 4443 355 4505 dicere
391 4440 664 4504 voluisse
683 4462 702 4498 ε
742 4442 956 4500 itencm
996 4438 1240 4498 clama-

1332 3771 1479 3809 vum
1496 3795 1512 3825 ‚
1562 3770 1596 3809 a
1649 3750 1819 3810 laeva
1874 3759 2047 3831 parte
2064 3796 2081 3826 ,
2148 3756 2409 3830 inter-thr,

1330 3856 1542 3896 versus
1563 3837 1895 3916 scopulum,
1922 3837 2008 3897 ita
2038 3846 2109 3897 ut
2136 3838 2417 3899 Chimae-

1329 3941 1435 3999 ra,
1481 3942 1600 4000 qua
1648 3923 1810 4003 Gyas
1853 3921 2204 4000 invehitur,
2261 3933 2417 3984 esset

1330 4008 1625 4081 exterior,
1667 4028 1879 4068 versus
1916 4010 2258 4089 patentiora
2282 4011 2415 4070 loca

1330 4093 1529 4153 maris.
1600 4089 1750 4175 (vid.
1800 4094 1936 4155 Not.
1983 4094 2062 4155 ad
2099 4095 2222 4170 xl,
2268 4095 2415 4161 695.

1338 4177 1519 4258 Wr.)
1607 4179 1800 4239 Petita
1842 4181 2040 4240 omnia
2083 4200 2119 4238 a
2165 4180 2324 4241 circo
2350 4190 2417 4241 et

1330 4284 1512 4325 cursu
1556 4265 1824 4325 circensi.
1879 4266 1953 4326 cs.
1992 4264 2182 4325 Cerda
2221 4276 2285 4326 et
2338 4267 2415 4326 al.

1321 4353 1587 4429 priorem
1623 4350 1852 4432 Gyam,
1897 4352 1997 4431 qui
2032 4350 2215 4411 modo
2240 4351 2416 4432 prior

1326 4437 1552 4513 fuerat,
1610 4445 1671 4496 et
1710 4439 1881 4496 metz}
1933 4438 2153 4497 abactis
2170 4481 2189 4514 ,
2253 4447 2415 4498 meta
