2882 5028
419 375 571 446 620

880 369 961 442 P.
1030 368 1566 442 VIRGILII
1631 367 2188 442 MAROMS

416 553 561 631 Ille
607 552 774 629 dies
807 554 1113 654 primus
1153 552 1290 628 leti
1334 553 1798 654 primusque
1829 552 2229 628 malorum

421 660 706 735 Caussa
772 655 942 736 suit.
1065 662 1351 759 Neque
1421 656 1639 732 enim
1706 656 1969 756 specie
2023 655 2328 732 famave
2379 679 2665 729 move-

1572 770 1725 852 tur,
2514 768 2667 839 170

415 868 581 938 Nec
615 862 772 937 iam
812 859 1196 939 furtivum
1236 861 1447 938 Dido
1492 861 1923 936 meditatur
1955 885 2350 937 amorem:

418 966 898 1064 Coniugium
945 978 1212 1058 vocat;
1283 964 1441 1040 hoc
1503 965 1883 1064 praetexit
1939 966 2271 1040 nomine
2320 963 2672 1065 culpam.

517 1067 937 1170 Extemplo
984 1068 1274 1166 Libyae
1318 1090 1640 1228 magnas
1687 1069 1746 1145 it
1785 1072 2023 1144 Fama
2068 1094 2219 1170 per
2255 1066 2512 1144 urhis:

559 1288 658 1345 169
694 1290 940 1346 laborum
988 1310 1087 1364 pro
1135 1292 1239 1346 div.
1283 1292 1407 1345 lect.
1427 1301 1534 1363 ‘r-

1584 1294 1742 1344 Rotte
1745 1292 1832 1344 nd.
1886 1300 1942 1344 et
1986 1310 2070 1361 pr.
2122 1290 2307 1342 Hamb.
2362 1302 2416 1342 et
2451 1289 2533 1342 sic
2574 1291 2678 1341 lul.

415 1354 645 1437 Phila-,g
680 1361 1057 1432 adIIGeotmg
1098 1365 1213 1417 168.
1248 1364 1580 1429 (et1.4.7.
1621 1366 1703 1415 10.
1745 1362 1887 1428 Wr.)
1958 1363 2153 1412 verum
2201 1370 2383 1429 potest
2430 1359 2530 1410 iun
2583 1360 2680 1411 le-

416 1423 489 1476 cti
471 1442 522 1476 ιο
560 1444 621 1478 ex
655 1434 785 1484 Aen.

415 1493 667 1562 Virgilius
716 1468 1213 1569 Virgilianus.W1·-

415 1632 554 1687 Gud.
585 1654 697 1690 cum
733 1638 886 1691 trinis
919 1639 1037 1692 aliis
1070 1642 1240 1691 Burni.

293 1830 304 1842 ·
414 1811 492 1870 ad
522 1811 661 1871 deas
699 1817 1034 1895 pronubas,
1080 1816 1378 1876 Tellurem
1423 1824 1487 1874 et

413 1898 716 1975 lunonem,
760 1911 822 1960 et
847 1901 925 1960 ad
954 1901 1277 1983 Nymphas,
1323 1911 1486 1960 tam-

410 2003 589 2061 quam
615 2005 853 2046 carmen
886 1988 1153 2068 nuptiale
1191 1996 1486 2062 canentes,

410 2070 772 2131 reseruntur.
844 2074 1000 2132 cons.
1058 2073 1238 2132 Ovid.
1301 2073 1486 2152 Epist.

409 2153 535 2229 vn,
587 2156 687 2219 95.
729 2160 830 2221 96
887 2157 1036 2238 (vid.
1083 2158 1157 2217 de
1200 2179 1318 2219 vsa.
1364 2161 1486 2222 166

410 2244 651 2306 -168-
677 2241 746 2301 V.
769 2242 832 2301 L.
871 2242 1049 2325 lVr.)
1097 2247 1317 2303 Prima
1350 2264 1484 2302 ma-

407 2324 512 2383 lim
554 2345 666 2404 pro
700 2331 968 2403 primum
1017 2329 1310 2409 accipere;
1354 2326 1479 2409 (ar-

406 2411 603 2488 gutari
633 2411 947 2489 videberis,
991 2414 1041 2473 si
1077 2435 1109 2472 e
1133 2413 1482 2474 vetustiori-

406 2495 519 2555 bus
573 2495 687 2556 diis
739 2499 958 2559 Gaeam
1021 2520 1143 2558 esse
1212 2498 1480 2582 dixeris.)

410 2580 545 2663 (nec
568 2591 726 2642 recte
748 2585 972 2644 tuearis
998 2584 1152 2645 hanc
1177 2586 1482 2664 interpre-

405 2668 694 2728 tationem
713 2689 789 2729 ex
806 2671 927 2746 vll,
950 2676 1121 2747 1364
1165 2671 1287 2733 vid.
1305 2672 1482 2731 etiam

406 2752 476 2814 V.
516 2755 581 2814 L.
647 2753 823 2837 Wr.)
921 2758 1234 2816 Ululatum
1287 2758 1481 2837 Nym-

405 2839 660 2920 pharum
687 2840 962 2947 Apollon.
1007 2843 1104 2916 ΙΙΙ,
1154 2847 1321 2907 1217
1347 2862 1481 2901 me-

403 2934 630 2985 morat:
669 2927 740 2988 αἱ
783 2921 850 2989 δ’
893 2920 1177 3004 ὀλόλυξαν
1212 2921 1479 3008 Νύμφαι

404 3005 754 3091 ἑλειονόμοι
757 3016 1144 3119 ποταμνζΐδες.
1182 3013 1284 3072 ubi
1311 3033 1479 3093 prae-

404 3107 687 3156 cesserat:
731 3098 911 3159 πίσεα
938 3099 974 3160 ὃ
1032 3098 1232 3180 ἔτρεμε
1262 3095 1481 3161 πάντα.

402 3181 640 3241 ululant
701 3180 850 3241 adeo
904 3202 1047 3261 prae
1116 3192 1350 3244 terrore
1419 3193 1483 3244 et

401 3286 577 3325 sensu
606 3266 802 3345 magni
844 3267 1002 3327 mali.
1085 3269 1329 3328 Alienus
1356 3271 1479 3328 ita-

399 3371 516 3430 que
560 3360 651 3410 est
686 3351 951 3410 ululatus
1006 3352 1069 3412 in
1119 3354 1300 3414 sacris
1346 3355 1477 3415 fieri

400 3437 623 3496 solitus.
721 3437 920 3496 Tellus
982 3437 1288 3500 interdum
1340 3461 1477 3500 cum

399 3520 597 3598 Vesta,
639 3520 800 3582 inter
824 3521 963 3581 deas
985 3517 1331 3604 nuptiarum
1361 3546 1475 3584 au-

398 3608 615 3687 spices,
661 3616 749 3666 est
777 3620 1134 3686 memorata,
1180 3632 1256 3669 ex
1291 3611 1475 3670 disci-

396 3692 559 3772 plina
600 3694 867 3754 Etrusca.
924 3692 1008 3776 (v.
1037 3698 1204 3757 Serv.
1236 3696 1314 3755 ad
1342 3696 1404 3759 h.
1432 3695 1472 3756 l.

396 3786 459 3837 et
501 3780 723 3839 Passer.
766 3782 923 3839 Vas.
958 3783 1192 3841 Bimae.
1227 3783 1395 3842 Tom.
1425 3782 1472 3857 Ι,

394 3883 453 3943 p.
493 3863 580 3946 4.)
623 3884 734 3923 nec
775 3865 1028 3939 mirum,
1085 3867 1134 3925 si
1171 3868 1471 3927 Tellurem

394 3949 752 4029 genetricem
796 3959 857 4009 et
895 3951 1161 4010 altricem
1206 3953 1471 4011 omnium

396 4055 596 4095 rerum
650 4035 886 4113 cogites.
971 4039 1124 4097 cons.
1176 4037 1472 4118 Orphicos

393 4120 665 4200 Hymnos
691 4120 883 4179 XXV.

481 4211 621 4272 169.
657 4205 791 4264 Dies
826 4200 1156 4287 α’ρχέκακος
1183 4206 1471 4281 Homeri-

391 4313 462 4351 co
489 4313 623 4352 voc.
647 4291 815 4351 Iliad.
844 4313 891 4365 ε,
921 4295 1022 4357 63.
1067 4289 1366 4371 (Thucyd.
1399 4278 1471 4367 ΙΙ,

395 4383 522 4442 12:
581 4373 692 4460 ἥδε
745 4374 791 4459 ἦ
836 4374 1031 4460 ἡμέρα
1071 4383 1198 4453 τοῖς
1220 4373 1475 4458 ’Ἕλλησι

415 1570 470 1613 te
471 1575 538 1616 rt-
641 1570 742 1624 173
777 1574 840 1621 la
836 1569 973 1636 byca
1005 1569 1144 1638 aliqu
1115 1581 1209 1621 not
1214 1501 1331 1621 )Pie
1334 1503 1480 1621 ι·.-173
1503 1498 1781 1621 ζᾟωαθυιι.

1311 1640 1403 1710 (ut
1373 1637 1436 1690 rb
1438 1656 1498 1691 es
1527 1640 1613 1690 Me
1617 1638 1717 1691 dic.
1759 1641 1866 1692 Wr
1868 1638 1906 1707 .)

822 1430 1492 1496 v11‚481hucrecvoata
1537 1430 1722 1482 videri.
1770 1432 1938 1499 glaeie
1982 1430 2131 1481 malit
2180 1447 2278 1498 pro
2329 1430 2432 1480 leci
2480 1430 2680 1480 nothii

1817 1499 1940 1550 duo.
2025 1498 2181 1569 fama
2231 1516 2329 1569 spe
2297 1517 2449 1550 ρεπεν
2491 1499 2679 1550 Goth.

1838 1569 1919 1635 fit
1963 1568 2123 1620 Goth.
2175 1585 2280 1620 sec.
2348 1586 2567 1639 magna
2590 1570 2679 1636 fit

1570 1807 1847 1897 μεγάλων
1911 1816 2126 1875 κακοῖν·
2176 1807 2372 1910 ἀρξει.
2454 1814 2569 1870 W
2562 1812 2670 1870 ch

1569 1901 1702 1960 Hoc
1719 1909 1778 1958 et
1800 1899 2007 1978 plura
1990 1919 2095 1957 mv
2099 1898 2253 1955 enies
2271 1917 2362 1975 ap.
2378 1895 2677 1957 Huschk.

1570 1985 1649 2045 ad
1678 1985 2074 2059 Tibull.1,7,
2129 1989 2184 2047 1.
2235 1979 2412 2078 Wr..)
2506 1982 2675 2041 Mox

1568 2073 1822 2149 species,
1866 2090 1977 2150 pro
2008 2069 2228 2128 decoro
2259 2067 2534 2146 positum
2567 2069 2678 2128 vi-

1571 2157 1786 2215 detur:
1863 2157 1984 2214 sere
2034 2164 2131 2228 ut,
2201 2156 2474 2230 speciosa
2541 2175 2674 2229 ree,

1568 2245 1900 2319 speciosum
1923 2261 2155 2299 nomen.
2231 2238 2361 2297 Non
2387 2238 2515 2296 iam
2554 2238 2678 2297 de-

1569 2326 1803 2386 decoris
1846 2327 1944 2388 vel
1989 2324 2263 2385 infamiae
2301 2331 2471 2382 metu
2520 2345 2676 2383 mo-

1567 2422 1768 2474 vetur.

1658 2502 1796 2563 171.
1835 2500 1972 2562 172.
2000 2495 2120 2555 Nec
2140 2494 2259 2554 iam
2282 2494 2439 2554 clam
2463 2505 2673 2571 amat,

1556 2604 1690 2643 non
1731 2582 1906 2642 'celat
1965 2601 2244 2642 amorem.
2349 2587 2676 2658 praetexit

1563 2670 1809 2746 culpam
1836 2671 2070 2727 nomine
2085 2664 2436 2745 exquisitius
2463 2686 2672 2744 quam

1564 2755 1808 2833 vulgare
1853 2764 2202 2833 praetexere
2240 2772 2452 2809 nomen
2518 2756 2671 2812 cut—

1555 2861 1717 2918 pae,
1766 2839 2123 2912 obtendere,
2176 2836 2254 2895 ad
2296 2840 2670 2899 excusatio-

1562 2945 1719 2983 nem.
1762 2925 1883 2985 vid.
1910 2925 2016 2984 ins.
2047 2925 2195 2988 500.

1652 3015 1883 3076 173-
1914 3013 2055 3074 188.
2112 3008 2527 3067 Nobilissimus
2586 3009 2667 3069 de

1562 3095 1746 3154 Fama
1770 3096 1956 3155 locus.
2038 3094 2427 3153 Velocitatem
2459 3114 2665 3154 mon·

1563 3182 1671 3240 stri
1716 3180 1801 3240 ait
1840 3180 2040 3260 augeri
2079 3181 2207 3261 ipso
2249 3199 2461 3254 cursu3
2512 3200 2665 3240 ere-

1562 3286 1723 3326 scere
1767 3275 1828 3325 et
1851 3267 2041 3347 ipsam
2071 3265 2353 3345 speciem;
2398 3285 2555 3325 mox
2592 3288 2657 3331 v.

1566 3355 1689 3416 180
1720 3352 1890 3411 addit
1922 3371 2044 3410 esse
2067 3350 2220 3410 illud
2249 3350 2505 3426 alatum,
2549 3362 2663 3412 to·

1560 3446 1624 3496 to
1667 3457 1918 3517 corpore
1947 3437 2192 3517 plumis,
2237 3436 2455 3511 oculis,
2520 3439 2663 3497 ori-

1556 3522 1671 3582 bus
1699 3524 2056 3601 auribusque
2075 3523 2403 3598 consitum3
2442 3522 2513 3581 in
2548 3544 2661 3582 oe-

1556 3610 1702 3668 teris
1732 3630 1789 3668 v.
1825 3608 1945 3673 184
1972 3629 2057 3686 sq.
2087 3608 2466 3667 assimulatur
2498 3611 2657 3667 stri-

1555 3694 1631 3773 gi.
1675 3695 1757 3753 De
1775 3694 2017 3771 reliquis
2040 3694 2100 3752 in
2124 3692 2185 3751 h.
2207 3693 2248 3751 l.
2274 3713 2334 3752 v.
2362 3694 2516 3752 Exc.
2544 3695 2647 3756 ΙΠ,

1555 3779 1626 3839 In
1647 3779 1954 3839 nonnullis
1983 3779 2366 3838 Homericam
2396 3778 2653 3839 Eridem

1557 3874 1697 3923 ante
1726 3865 1929 3925 oculos
1964 3862 2179 3924 habuit
2205 3874 2419 3944 poeta,
2470 3865 2649 3924 {li-d.

1557 3951 1613 4027 ὃ,
1657 3947 2047 4023 440—443,
2088 3952 2245 4010 sorte
2278 3970 2418 4009 cum
2456 3952 2647 4009 Cere-

1555 4055 1622 4095 re
1656 4033 1999 4095 Callimachi
2028 4035 2103 4095 H.
2147 4037 2211 4095 in
2257 4036 2390 4095 cer.
2435 4038 2520 4101 59
2557 4053 2647 4094 ex

1556 4121 1760 4181 eadem
1794 4121 1970 4180 Eride
2005 4120 2398 4195 adumbrata,
2442 4122 2643 4201 inpri-

1556 4207 1666 4267 mis
1697 4206 1758 4265 in
1802 4206 2074 4266 versibus
2121 4212 2262 4273 176.
2330 4211 2453 4271 177
2492 4226 2643 4263 mos

1555 4314 1679 4350 sese
1691 4293 1910 4351 attollit
1936 4301 2048 4352 etc.
2090 4291 2401 4371 Virgilium
2424 4309 2639 4348 aernu-

1555 4378 1712 4438 latus
1738 4386 1826 4438 est
1853 4376 2030 4437 ovid.
2075 4376 2189 4437 ΧΠ
2218 4377 2358 4437 net.
2388 4378 2470 4440 89
2494 4392 2639 4453 ης.

2834 0 2842 354 l

2822 449 2844 724 ι
