2882 5028
497 286 654 361 670
1070 277 2158 356 EXCURSUSII

496 472 752 532 Latium.
837 470 928 530 Ab
969 469 1088 530 hoc
1129 470 1684 552 demumtempore
1729 483 1824 529 ree
1852 467 2111 531 Aeneide
2131 465 2601 552 'comprehensae
2623 490 2721 532 ex-

500 558 741 618 ordium
784 556 1039 617 habent:
1093 577 1154 618 v.
1215 558 1316 616 lib.
1361 557 1404 632 1,
1446 558 1530 621 34
1572 575 1698 634 sqq.
1786 556 1906 616 Vix
1949 558 2051 617 illa
2100 559 2287 617 altum
2341 567 2546 633 tenet,
2601 579 2723 618 cum

496 644 697 703 subito
738 643 1078 722 gravissima
1127 652 1448 722 tempestas
1491 652 1654 715 orta,
1699 661 1878 720 quam
1920 654 2094 722 poeta
2146 644 2220 702 ab
2270 644 2455 703 Aeolo
2493 645 2724 704 Iunonis

495 737 708 808 rogatu
754 729 1073 788 immissam
1127 729 1365 809 prodit,
1424 748 1634 789 versus
1660 727 1920 787 Africam
1948 750 2128 789 naves
2166 729 2391 806 reiicit3
2435 749 2545 788 sex
2583 732 2725 789 circa

494 813 799 894 Aegimuri
828 815 1008 890 Aras,
1063 834 1135 873 ex
1200 816 1454 874 adverso
1497 812 1902 891 Carthaginis,
1959 817 2178 895 partim
2216 816 2474 895 scopulis
2516 818 2725 895 partim

495 918 816 959 arenarum
843 901 1013 960 vadis
1050 901 1261 974 illisae,
1305 922 1425 959 una
1459 923 1492 959 a
1517 903 1667 959 mari
1699 898 1947 975 hausta,
1995 922 2197 960 omnes
2235 922 2267 959 a
2296 903 2495 961 ventis
2531 901 2727 961 flucti-

492 984 723 1062 busque
764 987 1088 1046 admodum
1142 996 1427 1060 vexatae,
1473 986 1816 1046 subsidente
1860 986 2103 1046 tandem
2137 996 2495 1066 tempestate
2541 988 2725 1047 vixin

493 1070 727 1131 Africae
771 1072 942 1132 littus
1003 1072 1109 1130 sed
1187 1073 1437 1131 diversis
1501 1073 1775 1152 partibus
1826 1073 2148 1132 eiiciuntur
2205 1072 2727 1155 (1,34-—-158).

491 1155 721 1216 Aeneas
747 1159 986 1236 quidem
1019 1178 1154 1216 cum
1194 1168 1417 1236 septem
1467 1159 1718 1217 navibus
1760 1155 2001 1238 (1,170
2031 1169 2091 1217 et
2117 1155 2268 1239 383)
2310 1159 2475 1217 inter
2506 1158 2726 1239 Apolli-

491 1243 585 1302 nis
618 1251 680 1303 et
715 1243 994 1304 Mercurii
1034 1245 1476 1322 promontoria,
1528 1244 1630 1321 qui
1661 1264 1826 1302 nunc
1857 1244 2190 1304 Tunitanus
2225 1245 2388 1303 sinus
2422 1254 2548 1318 est,
2592 1264 2727 1325 por-

493 1337 626 1388 tum
654 1329 846 1403 subit,
893 1329 969 1388 ad
999 1328 1401 1407 Aquilariam,
1448 1330 1687 1388 obiectu
1710 1323 1979 1406 msulae,
2026 1350 2177 1408 quae
2221 1331 2410 1389 altera
2451 1349 2537 1389 ex
2561 1328 2723 1410 Aegi·

491 1416 651 1474 muri
685 1415 820 1514 Arig
860 1434 983 1473 esse
1013 1415 1274 1489 videtur,
1320 1436 1351 1472 a
1381 1417 1580 1474 ventis
1617 1425 1817 1473 tutum
1853 1412 1936 1495 (v.
1972 1417 2216 1475 Excurs.
2246 1416 2323 1474 ad
2352 1415 2398 1488 Ι,
2445 1417 2574 1481 159
2604 1415 2724 1494 αι).

491 1500 700 1560 Altero
733 1501 827 1559 die
877 1502 949 1559 ad
994 1501 1364 1580 exploranda
1405 1502 1532 1560 loca
1585 1502 1881 1576 digressus
1913 1511 1974 1559 et
2013 1522 2046 1559 a
2090 1512 2277 1562 matre
2317 1502 2583 1577 Venere,
2624 1503 2724 1561 sub

491 1585 801 1666 Nymphae
840 1587 1030 1666 specie
1082 1587 1256 1646 obvia
1301 1589 1496 1661 sacta,
1553 1588 1939 1646 confirmatus
1985 1587 2217 1664 animo,
2258 1607 2484 1647 novam
2523 1588 2723 1647 urbem

491 1672 907 1751 Carthaginem
946 1672 1022 1731 de
1062 1673 1209 1732 colle
1270 1674 1406 1732 urbi
1451 1673 1794 1732 imminente
1839 1674 2144 1752 prospicit.
2236 1674 2553 1751 Degressus
2590 1673 2722 1733 inde

492 1758 636 1818 dum
684 1760 745 1817 in
775 1778 935 1817 novo
973 1758 1216 1817 Iunonis
1261 1759 1484 1838 templo
1541 1778 1718 1838 opera
1767 1758 2536 1838 singula·contemplatur,
2580 1758 2722 1818 Dido

487 1845 685 1924 regina
729 1864 799 1903 eo
838 1843 1136 1922 procedit,
1198 1866 1232 1901 a
1274 1865 1389 1922 qua
1430 1845 1680 1922 benigne
1716 1845 1940 1902 Aeneas
1985 1846 2285 1924 excipitur
2316 1862 2586 1922 moxque
2627 1864 2722 1902 so·-

487 1930 607 1989 cios
651 1950 789 1989 cum
821 1938 994 2008 parte
1034 1930 1258 2002 classis,
1309 1950 1488 2008 quern
1532 1930 1993 2005 desideraverat,
2040 1938 2355 2011 recuperat
2392 1927 2466 2012 (Ι,
2518 1930 2724 1994 159—

487 2014 564 2073 ad
609 2016 648 2073 f.
695 2013 888 2096 libri);
946 2035 1110 2074 casus
1157 2036 1296 2075 suos
1356 2016 1514 2074 inter
1573 2016 1775 2095 epulas
1840 2017 2029 2075 saetas
2079 2016 2426 2076 narratione
2476 2015 2723 2095 exponit

513 2099 1019 2160 lffiH—ass.

489 2099 512 2183 (
657 2187 836 2244 Gesta
886 2099 1036 2244 harde
1086 2187 1228 2245 anni
1267 2185 1447 2245 huius
1491 2207 1662 2263 vere,
1733 2188 1898 2265 quod
1941 2197 2209 2264 constat,
2250 2187 2299 2246 si
2336 2205 2478 2247 cum
2516 2187 2623 2247 lib.
2659 2184 2718 2258 V,

484 2276 609 2336 626
636 2292 719 2349 sq.
752 2291 1055 2351 compares
1090 2272 1221 2331 illa:
1266 2274 1441 2331 Nam
1479 2285 1534 2330 te
1574 2277 1703 2332 iam
1741 2274 1993 2352 septima
2032 2285 2235 2351 portat
2290 2271 2589 2332 Omnibus
2631 2293 2719 2329 er*-

481 2369 712 2415 mntem
755 2361 918 2416 tem’s
969 2379 1046 2416 ae
1086 2356 1382 2435 fluetibus
1421 2368 1642 2433 aestas,
1700 2359 1744 2433 1,
1791 2362 1932 2425 755.
1964 2363 2107 2424 756.
2196 2359 2400 2435 [taque
2430 2358 2478 2434 1,
2520 2362 2600 2421 81
2647 2388 2713 2403 --

480 2443 820 2521 multosque
849 2464 955 2523 per
980 2463 1167 2502 anuos
1196 2441 1499 2502 Eb-mbam
1528 2448 1654 2503 acti
1667 2444 1834 2523 satis
1872 2448 2072 2502 maria
2111 2447 2313 2502 omnia
2349 2448 2598 2503 σίνε-ωτι.

651 2530 890 2588 Desidet
930 2529 1158 2608 aliquot
1202 2548 1429 2588 menses
1474 2531 1636 2609 apud
1680 2531 1967 2589 Didonem
1995 2530 2251 2604 Aeneas,
2295 2530 2547 2589 tandem
2577 2530 2716 2588 deo-

479 2634 618 2674 rum
649 2616 883 2675 monitu
919 2613 1035 2672 hac
1078 2615 1207 2693 ipsa
1252 2624 1472 2673 aestate
1518 2635 1593 2675 ex
1625 2617 1861 2675 Africae
1896 2617 2104 2676 littore
2141 2615 2356 2689 solvit,
2405 2618 2717 2695 ingruente

477 2709 679 2760 tamen
720 2702 823 2761 illo
865 2711 1161 2780 tempore,
1206 2719 1325 2778 quo
1358 2701 1589 2762 turbari
1630 2703 1825 2761 ventis
1868 2720 2030 2761 mare
2074 2701 2240 2760 solet.
2326 2701 2552 2761 Versus
2581 2709 2716 2760 sunt

477 2785 570 2846 hi.
557 2811 570 2822 ·
614 2786 712 2864 IV,
758 2792 841 2852 52
883 2808 1248 2867 caussasque
1294 2791 1520 2846 itmecoe
1573 2790 1881 2862 morandi,
1956 2790 2131 2847 Dum
2166 2787 2397 2865 pelago
2454 2788 2716 2845 desaevit

476 2872 699 2948 hiems,
756 2886 811 2930 ec
844 2893 1110 2952 aquosus
1147 2873 1359 2947 Orion,
1413 2874 1865 2953 Quassataeque
1895 2887 2086 2949 rates,
2143 2874 2289 2931 dum
2334 2894 2456 2931 non
2490 2884 2712 2931 vuela-

476 2957 593 3016 bile
623 2960 869 3016 eoelum.
957 2956 1103 3016 Mox
1145 2960 1264 3022 198
1308 2959 1499 3018 Nunc
1532 2959 1785 3019 hiemem
1824 2962 1976 3017 inter
2007 2980 2069 3016 se
2106 2959 2291 3032 las-u,
2356 2980 2552 3037 quam
2584 2961 2711 3016 lon-

470 3063 602 3121 ga,
637 3044 852 3121 fovere
883 3051 1016 3116 etc„
1071 3043 1314 3103 tandem
1361 3064 1416 3104 v.
1461 3034 1585 3110 309
1639 3045 1804 3121 Quin
1845 3047 2027 3102 etiam
2075 3042 2315 3101 hiberno
2356 3045 2592 3102 molit-is
2629 3046 2711 3099 si-

473 3129 607 3186 dere
650 3130 933 3202 classem,
978 3129 1060 3185 Ec
1099 3129 1313 3186 mediis
1336 3150 1628 3207 properas
1661 3129 2043 3209 aquilonibus
2071 3132 2156 3187 ire
2185 3150 2303 3206 per
2329 3130 2550 3188 altum.
2598 3127 2709 3185 Pa-

474 3212 583 3270 cile
642 3231 715 3270 ex
764 3210 857 3269 his
910 3212 1147 3289 colligat
1196 3213 1443 3291 aliquis,
1516 3214 1770 3274 hiemem
1833 3215 1998 3294 apud
2036 3213 2325 3273 Didonem
2366 3214 2552 3274 fuisse
2606 3233 2712 3272 ex-

471 3306 693 3372 actam,
741 3316 850 3355 nec
890 3296 1000 3355 nisi
1043 3308 1326 3378 sequente
1362 3319 1505 3358 vere
1546 3299 1690 3359 hinc
1729 3300 2058 3359 discessisse
2105 3300 2416 3359 Troianos.
2504 3300 2575 3359 111
2603 3297 2708 3357 ad-

470 3342 757 3442 struen’da
808 3381 926 3441 hac
964 3401 1033 3442 re
1072 3383 1296 3442 multus
1360 3393 1448 3443 est
1496 3364 1808 3465 Bargaeus.
1887 3407 1945 3445 v.
1987 3386 2067 3445 Io.
2115 3384 2295 3444 Mich.
2341 3385 2522 3444 Bruti
2567 3386 2707 3464 Epp-

471 3468 555 3527 Cl.
603 3468 799 3528 Vix-or.
856 3487 918 3547 p.
963 3470 1043 3533 75
1091 3489 1216 3547 sqq.
1314 3469 1507 3529 Possis
1547 3471 1760 3547 etiam,
1818 3470 1991 3570 quod
2021 3468 2149 3547 alii,
2200 3492 2260 3530 v.
2298 3492 2351 3530 c.
2405 3472 2706 3541 Can-oeus,

466 3554 727 3631 faciunt,
767 3555 853 3614 ita
897 3562 1180 3629 statuere,
1224 3555 1335 3614 sub
1375 3556 1517 3614 anni
1545 3557 1870 3637 superioris
1897 3557 2129 3616 exitum
2162 3555 2428 3615 Aeneam
2458 3556 2538 3616 ad
2560 3557 2706 3615 car·

467 3638 769 3718 thaginem
822 3641 1126 3711 accessisse
1166 3640 1365 3719 ibique
1407 3640 1664 3702 hiemem
1709 3644 1984 3722 exegisse.
2063 3641 2188 3701 Sed
2237 3651 2460 3701 neutra
2499 3642 2705 3702 haram

467 3725 818 3805 opinionum
873 3726 1325 3786 difficultatibus
1365 3737 1545 3788 earet.
1631 3728 1782 3788 Nam
1838 3729 1923 3787 sic
1964 3736 2137 3807 poeta
2180 3727 2291 3787 sibi
2334 3728 2449 3808 ipsi
2491 3728 2705 3787 adver·-

467 3820 736 3886 saretur,
785 3811 888 3890 qui
931 3815 1194 3890 septima
1231 3826 1455 3872 aeslate
1484 3812 1745 3873 Africam
1790 3814 2034 3889 adiisse,
2092 3822 2156 3873 et
2190 3816 2454 3891 septima
2487 3824 2703 3872 aestate

462 3895 607 3956 item
644 3898 903 3957 Siciliam
936 3898 1237 3975 repetiisse
1276 3898 1504 3959 diceret
1539 3919 1674 3975 eos,
1719 3900 1821 3977 qui
1860 3898 2109 3959 diversis
2148 3908 2352 3958 tamen
2394 3900 2568 3959 annis
2594 3896 2703 3956 boc

464 3991 523 4041 et
560 3982 716 4043 illud
751 3982 1044 4042 fecissent.
1129 3984 1252 4042 Nec
1288 3984 1455 4058 loca,
1526 3986 1744 4063 quibus
1785 3986 1978 4044 hiem-s
2034 3993 2440 4060 memoratur,
2500 4002 2703 4043 necor

460 4068 619 4128 sario
668 4069 743 4127 ab
785 4068 1058 4127 brumale
1112 4078 1347 4149 tempus
1401 4070 1654 4130 ducunt.
1758 4071 1877 4130 Sed
1929 4071 2125 4151 primo
2169 4070 2304 4130 loeo
2362 4069 2441 4129 de
2478 4080 2701 4148 tempe·

461 4164 617 4215 state
660 4154 889 4233 agitur,
952 4173 1070 4230 qua
1126 4153 1355 4214 Aeneas
1408 4155 1486 4214 ad
1530 4155 1943 4235 Carthaginem
1995 4156 2194 4216 suerat
2238 4156 2557 4235 appulsus3
2617 4160 2705 4211 est

459 4242 614 4301 enim
661 4241 786 4300 dies
833 4238 908 4300 ab
953 4237 1223 4300 adventu
1268 4241 1602 4319 secundus3
1657 4261 1847 4319 neque
1887 4242 2075 4302 altero
2122 4241 2251 4301 loco
2298 4239 2488 4301 hiems
2534 4239 2703 4297 aliter

458 4327 826 4413 accipienda,
897 4344 1076 4403 quam
1123 4326 1209 4391 ‚de
1273 4336 1569 4408 tempore¹
1598 4328 1963 4409 procelloso,
2016 4326 2213 4405 quod,
2278 4327 2454 4405 quale
2496 4324 2702 4397 sues-it,
