2882 5028
423 381 577 456 936
913 373 997 449 Ρ.
1049 369 1582 448 VIRGILII
1631 367 2176 443 MARONIS

425 560 573 638 Hic
599 581 849 658 genus
879 558 1296 658 antiquum
1333 557 1669 649 Terrae,
1724 554 2031 629 Titania
2065 554 2342 654 puheS‚
2551 563 2705 638 580

426 663 794 742 Fulmine
824 660 1143 756 deiecti,
1201 655 1461 734 fundo
1491 657 1922 732 volvuntur
1948 658 2029 732 in
2059 660 2243 737 imo,

426 769 574 846 Hic
602 779 683 842 et
710 762 1029 843 Aloidas
1061 763 1470 862 gemin05‚
1522 761 1868 836 inmania
1898 761 2055 836 vidi

430 876 828 971 Corporax
875 868 1012 968 qui
1038 866 1404 942 manibus
1430 888 1813 962 magnum
1857 865 2316 944 rescindere
2362 871 2704 947 coelum

434 973 834 1071 Adgressi,
884 970 1351 1072 superisque
1381 971 1657 1044 Iovem
1692 968 2123 1046 detrudere
2147 974 2444 1069 regnis,

429 1076 615 1155 Vidi
651 1089 734 1151 et
760 1073 1104 1151 crudelis
1137 1072 1464 1149 dantem
1492 1071 1918 1147 Salmonea
1942 1097 2270 1173 poenaS‚

430 1186 647 1260 Dum
676 1177 1036 1254 flammas
1063 1177 1273 1253 Iovis
1307 1189 1387 1252 et
1412 1175 1718 1251 sonitus
1751 1175 2101 1252 imitatur
2131 1176 2487 1279 Olympi,

435 1289 798 1381 Quatuor
838 1280 969 1358 hic
1012 1282 1365 1356 invectus
1411 1279 1675 1381 equiS‚
1732 1291 1814 1355 et
1873 1279 2237 1381 lampada
2286 1308 2700 1383 quassans,

432 1393 591 1466 Per
636 1387 963 1464 Graium
1003 1382 1349 1488 populos
1390 1382 1872 1483 mediaeque
1912 1409 2062 1484 per
2102 1383 2351 1460 Elidis
2400 1389 2699 1467 urbem

2551 1085 2704 1160 585

574 1579 681 1634 580
707 1578 899 1650 proles
930 1578 1084 1631 Rom.
1116 1577 1251 1629 Ven.
1285 1577 1529 1629 Pan-has.
1562 1575 1730 1628 Goth.
1771 1592 1875 1627 sec.
1912 1553 1972 1625 et⁴
2001 1593 2100 1644 pro
2133 1595 2242 1629 var.
2277 1577 2411 1631 lect.
2450 1580 2510 1632 in
2548 1582 2701 1646 Gud.,

436 1649 661 1702 sollenni
692 1649 962 1700 varietate.

1097 1648 1200 1702 581
1239 1647 1501 1699 deiectum
1529 1647 1613 1697 ed.
1649 1646 1785 1700 Ven.
1855 1645 2048 1697 deiecit
2094 1647 2244 1700 Rom.

2391 1651 2698 1721 ⁵86stoe

436 1739 578 1771 mam
622 1718 759 1770 Gud.
803 1727 860 1769 et
897 1715 1116 1769 Meutel.
1186 1719 1429 1769 tonitrus
1482 1715 1686 1783 aliquot
1735 1713 1912 1766 Heius.
1964 1733 2077 1766 cum
2120 1717 2263 1781 Erf.,
2312 1735 2379 1769 ex
2421 1721 2697 1791 interpret.

437 1787 753 1857 tpraelatum
775 1797 949 1838 tamen
974 1804 1006 1838 a
1044 1786 1247 1855 Clercq.
1285 1803 1316 1838 a
1354 1785 1502 1836 Iahn.
1542 1785 1685 1836 laud.
1728 1784 1796 1836 ad
1835 1786 2028 1836 Lucan.

435 1859 632 1911 Lucan.
671 1858 738 1920 V,
774 1857 897 1911 633.
951 1857 1097 1922 Wr.)

1169 1857 1381 1908 conitus
1414 1854 1578 1906 Goth.
1627 1863 1752 1909 tert.

2065 1803 2120 1854 p.
2158 1789 2244 1840 24.
2284 1788 2397 1839 vid.
2447 1790 2600 1842 Cort.
2641 1791 2696 1842 ad

1888 1855 1993 1908 588
2042 1855 2330 1926 mediamq.
2372 1860 2595 1929 Memg.
2627 1880 2697 1930 pt.

437 1929 604 1991 bene,
638 1927 735 1978 sed
776 1927 998 1977 alterum
1031 1925 1252 1978 doctius.
1323 1925 1550 1993 medioq'.
1590 1924 1772 1975 Franc.
1846 1922 2030 1974 urbem
2065 1923 2229 1975 miror
2267 1944 2302 1977 a
2337 1931 2560 1981 nemine
2594 1949 2699 1981 enee

435 1996 799 2049 sollicitatam:
852 2012 986 2076 qpae
1038 1994 1177 2046 enim
1223 1993 1316 2046 illa
1365 1993 1490 2045 urbs
1531 1992 1732 2044 Elidis?
1778 2009 1912 2075 qnae
1949 1992 2177 2044 heroicis
2224 1998 2568 2065 temporibus
2613 2017 2701 2051 nec

437 2067 622 2118 urbem
651 2083 716 2118 eo
753 2081 996 2127 nomme,
1043 2081 1143 2116 nec
1190 2063 1346 2115 urbes
1392 2062 1604 2115 omnino
1647 2062 1861 2126 habuit,
1909 2062 2004 2113 sed
2043 2062 2218 2129 vicos,
2271 2066 2448 2119 multo
2491 2081 2620 2138 post
2653 2070 2703 2121 ἰ

437 2136 645 2188 Elidem
687 2134 867 2185 urbem
902 2142 1204 2186 contractos
1246 2135 1316 2202 (v.
1353 2131 1546 2202 Strabp
1578 2132 1717 2196 VIII,
1752 2131 1953 2213 P·.336
1996 2132 2114 2199 D.);
2164 2133 2328 2185 urbes
2377 2148 2562 2189 autem
2601 2155 2702 2190 noa

437 2204 542 2257 nisi
579 2203 759 2255 serius.
830 2201 888 2254 Si
924 2221 1023 2271 per

436 2274 659 2328 Elidem.
728 2273 922 2324 Verum
962 2271 1043 2322 Eli
1088 2271 1100 2284 '

1099 2201 1333 2271 rolepsin
1385 2202 1610 2265 dictum,
1665 2200 2051 2269 accipiendum:

2108 2219 2207 2268 per
2249 2204 2484 2257 mediam
2526 2210 2704 2259 urbem

1170 2271 1296 2323 urbs
1338 2272 1623 2323 Sahnonia
1659 2269 1740 2322 vel
1784 2271 2042 2321 Salmone
2072 2271 2139 2322 ad
2192 2272 2460 2342 Alpheum
2500 2277 2703 2329 intelli-

439 2342 641 2412 genda,
676 2357 828 2409 quam
853 2339 1160 2392 Salmoneus
1189 2339 1300 2392 sive
1326 2338 1567 2392 condidit
1595 2340 1706 2390 sive
1729 2339 2064 2391 inhabitavit.
2098 2341 2206 2392 vid.
2249 2343 2454 2397 Strabo
2489 2346 2530 2396 1.
2572 2366 2619 2400 c.
2650 2366 2702 2416 p.

438 2413 545 2466 856
575 2412 639 2461 D.
666 2408 887 2461 Diodor.
917 2410 1009 2473 1V,
1034 2410 1121 2462 68.
1190 2412 1356 2462 Pisae
1380 2427 1604 2462 nemora
1626 2421 1683 2459 et
1704 2409 1883 2459 Elidis
1910 2427 2078 2478 agro-5
2114 2427 2209 2461 sno
2250 2429 2406 2464 more
2454 2429 2702 2469 memora

438 2480 673 2534 imitator
697 2479 804 2532 loci
834 2478 1011 2534 Valer.
1040 2477 1128 2532 Fi.
1157 2480 1198 2546 1,
1225 2480 1331 2535 662
1356 2496 1436 2549 sq.
1504 2496 1609 2549 per
1634 2478 1908 2531 Hellados
1931 2476 2094 2531 urbes
2121 2479 2258 2532 coni.
2303 2484 2383 2537 Io.
2425 2485 2698 2540 Schrader.

440 2552 499 2604 in
527 2549 755 2604 schedis.

444 2697 571 2755 eius
600 2694 675 2754 sit
701 2694 794 2753 bis
819 2702 1081 2769 tantum,
1112 2703 1405 2772 quantum
1426 2692 1529 2752 in-

444 2791 541 2841 ter
576 2790 805 2840 terram
850 2788 912 2840 et
947 2780 1306 2859 Olympum,
1382 2798 1531 2858 pro-

446 2875 656 2946 spectu
683 2886 714 2924 e
741 2875 906 2925 terra
940 2885 1048 2945 per
1086 2884 1279 2924 aerem
1308 2865 1487 2923 facto.

533 2952 679 3017 580.
720 2954 865 3016 581.
918 2971 978 3009 v.
1025 2950 1269 3011 Hesiod.
1311 2948 1530 3027 Theog.

451 3041 573 3103 129
609 3055 694 3113 sq.
734 3035 1011 3115 Apollod.
1040 3036 1083 3109 1,
1117 3041 1177 3109 2,
1214 3042 1269 3100 1.
1356 3035 1530 3094 Tita-

448 3143 557 3181 nas
617 3129 889 3202 γηγενεῖς
965 3121 1244 3200 designat.
1318 3121 1529 3198 fundo

448 3208 771 3267 volvuntur
826 3211 893 3265 in
955 3211 1077 3265 imo
1109 3250 1126 3280 ‚
1206 3206 1530 3285 praeclare,

450 3303 522 3352 ut
546 3292 626 3349 ad
654 3292 843 3352 imum
887 3293 1211 3352 Tartarum
1257 3291 1534 3351 detrusos

450 3376 778 3437 exhiberet.

536 3464 664 3528 582
682 3501 761 3510 —
774 3461 917 3527 584.
950 3463 1032 3521 De
1048 3462 1168 3522 Oto
1188 3472 1249 3521 et
1268 3461 1537 3542 Ephialte

451 3549 620 3607 Aloei
651 3549 689 3607 s.
720 3547 1016 3608 videndus
1053 3548 1297 3608 Homer.
1324 3549 1540 3627 Odyss.

452 3639 508 3702 λ,
554 3634 933 3698 304-319,
978 3633 1257 3713 Apollod.
1301 3634 1346 3708 Ι,
1395 3639 1455 3710 7,
1496 3634 1540 3698 4

454 3729 515 3779 et
553 3720 740 3778 Notae
778 3739 841 3797 p.
887 3723 1029 3784 102.
1116 3721 1449 3800 Expressae
1488 3719 1540 3777 is

455 3814 547 3865 est
587 3803 651 3863 h.
691 3806 731 3864 l.
774 3826 808 3862 a
855 3803 1135 3879 Marone,
1183 3826 1295 3864 nec
1320 3815 1539 3878 tamen,

454 3901 528 3952 ut
552 3891 912 3950 sublimitate
935 3912 1071 3953 cum
1098 3891 1360 3951 Homero
1388 3911 1541 3950 con-

456 3977 701 4036 tendere
752 3977 952 4037 vellet.
1039 3980 1282 4057 Spectat
1337 3986 1538 4036 autem

456 4063 608 4122 haec
636 4073 696 4122 et
734 4082 984 4141 sequens
1026 4064 1227 4122 sabula
1276 4062 1354 4121 ad
1401 4082 1542 4142 my-

458 4149 594 4207 thos
639 4150 841 4226 stirpis
894 4148 1195 4223 Aeolicae,
1246 4168 1396 4226 quos
1434 4168 1541 4226 ge·-

460 4255 574 4293 nus
611 4234 960 4314 mythorum
1005 4236 1218 4294 rudius
1266 4243 1327 4292 et
1380 4235 1543 4292 anti-

457 4320 634 4395 quius
697 4321 1061 4380 constituere
1138 4318 1541 4400 deprehendo.

460 4404 584 4462 vid.
620 4403 893 4482 Apollod.
925 4407 966 4479 I,
992 4411 1050 4480 7,
1080 4411 1116 4468 3
1149 4427 1273 4483 sqq.
1314 4414 1375 4464 et
1404 4406 1542 4464 Not.

1613 2693 1781 2750 Tom.
1840 2691 1942 2765 nl,
2008 2692 2127 2751 tab.
2194 2692 2353 2771 VIII,
2411 2718 2478 2778 p.
2531 2700 2697 2765 1oe5.

1613 2776 1991 2836 Manifestum
2020 2776 2140 2835 hoc
2171 2779 2236 2837 in
2283 2780 2380 2839 his
2428 2785 2572 2862 ipsis
2618 2786 2695 2843 sa·

1614 2863 1807 2935 bulis,
1852 2881 2002 2941 quae
2025 2862 2085 2922 h.
2121 2862 2160 2922 l.
2189 2867 2604 2929 subiiciuntm·
2632 2869 2692 2928 dt

1617 2948 1847 3007 Aloidis
1878 2993 1894 3021 ,
1961 2950 2278 3010 Salmoneo
2355 2964 2423 3013 et
2481 2958 2693 3015 ceteris.

1621 3032 1753 3114 (Ge.
1782 3035 1824 3108 1,
1853 3038 2027 3099 28o.:
2084 3038 2483 3109 „coniuratos
2532 3061 2696 3100 coe·

1615 3120 1770 3178 lum
1857 3121 2305 3182 rescindere
2406 3128 2696 3204 fratres;“

1616 3205 1719 3264 ubi
1750 3204 1873 3264 vid.
1906 3205 2038 3264 Not.
2089 3208 2263 3289 Wr.)

1706 3292 1829 3355 585
1850 3294 2085 3356 —594.
2122 3294 2204 3352 De
2232 3295 2561 3357 salmonea
2588 3297 2699 3356 vid.

1620 3378 1869 3436 Excurs.
1913 3377 1991 3435 ad
2018 3376 2078 3436 h.
2110 3399 2170 3439 v.
2268 3383 2343 3440 V
2331 3384 2430 3439 idi
2470 3385 2699 3442 dantem

1618 3483 1848 3539 poenas
1881 3506 1898 3535 ,
1960 3463 2107 3521 dum
2169 3468 2453 3525 imitatur
2480 3491 2509 3529 .·
2585 3491 2696 3549 pro,

1624 3548 1868 3607 dantem
1914 3568 2167 3627 poenas,
2228 3554 2401 3630 quod
2443 3555 2698 3615 imitatu!

1625 3643 1772 3693 erat.
1834 3630 2124 3713 (breviter
2168 3635 2319 3712 hoc,
2369 3659 2520 3718 pro:
2567 3661 2696 3721 poe-

1624 3740 1765 3791 nas,
1809 3739 1995 3795 quas
2039 3724 2325 3782 meruit
2356 3726 2633 3799 imitans,
2660 3748 2692 3783 ι

1625 3805 1792 3863 dum
1835 3805 2213 3867 imitatur.
2263 3811 2449 3887 Wr.)
2542 3813 2692 3872 Scili-

1624 3899 1721 3949 cet
1746 3910 1857 3968 pro
1886 3891 1998 3949 deo
2028 3892 2236 3954 haberi
2268 3896 2490 3956 voluit.
2549 3906 2694 3957 suun·

1622 3990 1716 4035 tus
1751 3978 1826 4033 0.
1875 3978 2162 4037 tonitrua.
2249 3983 2397 4044 588.
2441 3986 2695 4043 mediae-

1626 4084 1739 4142 que
1784 4084 1895 4138 per
1938 4066 2138 4122 Elidis
2182 4065 2426 4124 urbem:
2495 4090 2694 4129 novun

1625 4148 1835 4206 urbem
1900 4169 1931 4205 a
2003 4149 2322 4209 Salmoneo
2384 4156 2694 4223 condit-m,

1626 4234 2020 4305 Saimmfimn,
2053 4236 2131 4295 ed
2158 4237 2496 4316 Alpheum,
2530 4242 2692 4300 adeo·

1626 4339 1741 4395 que
1775 4322 1834 4377 in
1863 4321 2055 4379 media
2087 4322 2253 4381 Elide
2283 4325 2463 4384 sitam
2487 4371 2503 4399 ,
2537 4327 2694 4385 intel-

1627 4405 1807 4484 ligore
1859 4407 2054 4483 potuit
2088 4429 2105 4483 3
2196 4410 2408 4468 eadem
2475 4412 2693 4472 sabaim
