2882 5028
468 343 627 421 960

963 336 1046 410 P.
1097 331 1641 411 VIRGILII
1690 328 2255 408 MARONIS

472 531 931 626 Purpure03
981 518 1406 621 solemque
1436 541 1706 614 suum,
1760 541 1900 594 sua
1929 516 2185 594 sidera
2216 531 2547 594 norunt.

473 635 665 708 Pars
697 630 777 703 in

809 625 1234 724 gramineis
1264 635 1633 700 exercent
1659 621 2029 697 membra
2062 622 2510 722 palaestris;

479 729 1004 812 contendunt
1037 726 1273 825 ludo,
1328 740 1410 804 et
1436 724 1653 802 fulva
1683 725 2082 802 luctantur
2116 750 2391 819 arena;

476 842 663 914 Pars
689 833 1032 936 pedibus
1062 830 1459 934 plaudunt
1497 830 1870 927 choreaS,
1926 842 2008 905 et
2046 830 2389 905 carmina
2433 827 2729 906 dicunt

475 946 642 1019 Nec
673 961 841 1012 non
877 934 1293 1013 Threicius
1320 935 1560 1032 longa
1588 959 1772 1010 cum
1794 946 2015 1010 veste
2046 932 2418 1009 sacerdos

2589 941 2734 1014 645

479 1042 971 1145 Obloquitur
998 1041 1354 1118 numeris
1384 1051 1696 1141 septem
1729 1037 2177 1114 discrimina
2204 1060 2553 1130 vocum3

618 1286 718 1341 641
754 1282 1109 1337 Distinctione
1142 1280 1368 1346 sublata,
1402 1279 1678 1352 solemque
1710 1298 1867 1333 suum
1901 1298 2007 1332 sua
2040 1280 2226 1333 sidera
2259 1293 2478 1333 not-une
2496 1319 2514 1346 ‚
2559 1282 2743 1335 scribit

481 1356 718 1419 wakef„
762 1365 822 1406 nt
853 1353 924 1405 sit
958 1370 1063 1405 sua
1096 1352 1282 1403 sidera
1314 1364 1525 1404 norunt
1560 1352 1727 1405 solem
1762 1369 1936 1405 suunt.
2000 1368 2137 1419 quae
2172 1367 2274 1401 non
2309 1350 2446 1402 satis
2482 1369 2742 1421 assequor

482 1445 513 1479 0
546 1435 723 1478 mente

801 1423 974 1475 uidem
1007 1430 1270 1483 veternm3
1304 1438 1423 1472 nam
1461 1420 1530 1473 ad
1567 1420 1721 1490 Popii
1752 1438 1991 1474 sensnm:
2027 1421 2142 1472 and
2178 1421 2333 1472 other
2360 1422 2609 1492 planet-s
2636 1421 2744 1474 roll

481 1494 665 1550 round
700 1506 757 1546 οε
827 1514 858 1546 r
890 1510 1026 1544 suns
1058 1492 1105 1542 si
1138 1490 1434 1560 acciperes:
1483 1488 1764 1556 maiorem,
1802 1507 1954 1561 quam
2000 1488 2093 1547 illa
2121 1489 2341 1554 habuit,
2394 1501 2450 1541 et
2485 1491 2741 1543 subtilio-

481 1583 597 1618 rem
632 1563 922 1618 doctrinam
944 1560 1206 1614 tsibueres
1240 1560 1560 1680 antiqtnitsti.
1613 1560 1782 1612 Multo
1817 1558 1982 1612 minus
2016 1558 2171 1610 talem
2205 1576 2420 1612 sensum
2457 1572 2741 1628 exspecta-

481 1652 568 1687 res
600 1633 655 1685 in
689 1633 809 1685 loco
845 1629 1049 1683 Manilii
1081 1630 1148 1695 11,
1184 1629 1306 1694 776,
1340 1647 1376 1681 n

1414 1630 1433 1681 i
1464 1627 1613 1681 silvis
1659 1629 1823 1682 caesis
1860 1629 1914 1680 in
1964 1628 2085 1680 loco
2121 1628 2374 1682 aedificiis
2411 1629 2743 1683 exstruendis

483 1703 725 1756 addicto:
763 1701 1049 1771 saltusque
1079 1701 1290 1751 vetusti
1319 1697 1724 1764 Procumbunt,
1772 1700 2043 1768 solemque
2086 1714 2317 1766 novum,
2363 1717 2528 1750 nova
2564 1701 2743 1753 sidera

483 1784 746 1836 cernunt,
781 1768 1093 1822 sententiam
1129 1768 1346 1822 eandem
1378 1768 1555 1821 locum
1604 1768 1824 1822 habere:
1870 1768 2043 1819 sidera
2075 1785 2291 1820 cernere
2324 1785 2529 1821 novum
2565 1770 2738 1821 coln.

482 1841 589 1897 642
622 1853 834 1893 exercet
866 1839 1015 1892 multi
1047 1838 1229 1891 Heius.
1271 1849 1326 1890 et
1357 1841 1529 1890 Bnrm.
1564 1839 1700 1905 (cum
1734 1841 1786 1892 7.
1822 1839 1874 1892 9.
1913 1841 2024 1898 1o.;
2077 1847 2131 1887 et
2173 1838 2275 1890 hoc
2306 1839 2551 1891 fortasse
2587 1857 2743 1909 prae-

483 1910 781 1970 ferendnm3
828 1908 932 1960 vid.
987 1910 1052 1972 Q.
1089 1909 1156 1961 V.
1194 1909 1348 1974 vm,
1382 1908 1436 1972 4,
1473 1909 1557 1970 b.;
1608 1920 1861 1958 exercent
1894 1918 2062 1958 tamen
2096 1906 2292 1974 legitur
2329 1907 2497 1959 etiam
2535 1909 2595 1959 in
2632 1911 2740 1959 fle-

484 1981 586 2032 dic.
629 1990 684 2030 et
714 1980 898 2046 fragm.
932 1978 1105 2030 vatic.
1145 1978 1291 2044 Wr.)

1410 1974 1517 2031 644
1536 1975 1752 2044 fidibus

476 2048 714 2123 pedibus
745 2047 1016 2100 claudunt
1061 2046 1251 2098 Medic.
1287 2063 1318 2099 a
1351 2064 1421 2099 m.
1456 2063 1557 2114 pr„
1616 2045 1721 2097 ridi

1823 1976 2061 2027 laudum
2094 1977 2300 2044 Hagen.
2336 1995 2441 2045 pro
2477 1996 2595 2029 var.
2625 1978 2739 2030 lect.

1807 2063 1839 2097 ο
1887 2045 2055 2112 lapsu.
2124 2064 2173 2097 ο.
2221 2047 2444 2100 ducunt
2487 2048 2742 2101 Rene-d.

484 2139 567 2190 pr.
598 2136 632 2172 a
664 2137 731 2170 m.
764 2135 847 2188 pr.
882 2127 939 2167 et
971 2117 1095 2170 Exc.
1128 2118 1407 2168 Burmann.
1443 2133 1475 2168 a
1506 2133 1577 2170 m.
1611 2133 1717 2168 sec.
1786 2115 1975 2167 dicam
2013 2114 2151 2167 Gud.

484 2309 705 2390 Elysio.
773 2304 964 2386 Ὄψει
992 2331 1057 2370 τε
1086 2312 1226 2386 φῶς
1248 2302 1570 2370 κάλλιστον

486 2391 717 2473 ὥςπερ·
764 2389 992 2456 ἐνθάδε
1049 2392 1359 2474 Aristoph.
1413 2394 1569 2454 Rau.

492 2481 629 2548 166.
643 2480 787 2545 457.
807 2482 1409 2559 lampat-pureum,
1427 2479 1570 2560 pul-

488 2587 696 2643 crum,
737 2575 811 2626 ut
849 2587 983 2644 sup.
1024 2566 1072 2640 1,
1115 2568 1261 2633 691.
1346 2568 1569 2626 solem-

488 2675 602 2735 que
646 2674 844 2711 suum.
907 2652 973 2711 in
1009 2652 1258 2711 Pindari
1293 2652 1429 2711 loco
1471 2652 1568 2709 sl-

486 2748 617 2798 tero
639 2747 731 2797 est
755 2737 874 2813 Sol,
918 2739 1040 2815 qui,
1083 2739 1146 2797 in
1186 2747 1394 2797 nostro
1423 2737 1570 2796 orbe

491 2824 796 2899 occidens,
842 2823 916 2883 ad
952 2823 1141 2884 infera
1166 2823 1295 2881 locs
1318 2842 1571 2902 progre-

489 2911 692 2986 ditur,
745 2910 810 2969 in
852 2910 1043 2969 altero
1082 2908 1185 2968 Sol
1243 2918 1570 2988 perpetuus

489 3004 674 3055 noctu
724 3014 909 3072 aeque
947 3017 1018 3053 ac
1053 2995 1150 3054 die
1182 2992 1333 3075 (fere
1364 3003 1435 3053 ut
1470 3015 1567 3073 ap.

489 3082 618 3141 val.
655 3081 745 3140 Fl.
788 3081 831 3155 l,
877 3080 1171 3145 844—6.
1230 3081 1416 3139 donec
1457 3081 1570 3138 sil-

488 3188 603 3226 vas
639 3178 696 3223 et
749 3187 1006 3225 amoena
1063 3169 1308 3243 piorum
1362 3168 1575 3225 Deve-

489 3254 694 3326 ηἰιιιιι,
742 3273 1127 3331 camposque,
1175 3251 1281 3310 ubi
1308 3251 1431 3328 Sol,
1476 3264 1572 3310 to·-

490 3350 732 3416 tumque
755 3358 866 3415 per
905 3359 1134 3396 annum
1161 3339 1370 3396 Durat
1394 3339 1572 3414 apri-

490 3443 566 3480 ca
594 3423 722 3480 dies
738 3467 755 3498 ‚
804 3422 1105 3501 thiasique
1148 3421 1428 3502 chorique
1471 3424 1570 3480 vi·-

490 3528 691 3566 romm
734 3508 1136 3587 Carminaque
1152 3552 1170 3583 ,
1219 3520 1277 3567 ec
1318 3528 1573 3587 quorum

482 3594 732 3672 populis
768 3595 898 3651 iam
922 3596 1096 3653 nulla
1124 3593 1398 3674 cupido).
1456 3592 1574 3652 Sed

490 3687 670 3759 poeta
688 3680 933 3739 suavius
949 3680 1146 3738 Solem
1162 3679 1363 3758 Elysio
1379 3699 1576 3756 suum,

492 3765 984 3845 praestantiorem
1008 3774 1154 3843 puta
1184 3774 1392 3825 nostro
1418 3766 1576 3840 Sole,

492 3859 564 3912 ut
603 3861 831 3926 cetera,
876 3850 1144 3929 assignat.
1232 3853 1349 3910 Pro
1404 3872 1578 3910 com-

492 3937 788 3996 mentario
831 3934 1040 3995 haberi
1080 3945 1279 4016 potest
1306 3937 1578 3999 Telema-

494 4022 643 4084 chus
673 4023 771 4083 lib.
789 4023 954 4101 XIX.
1016 4022 1179 4084 Inter
1202 4024 1345 4082 alia:
1389 4024 1460 4082 c’
1492 4035 1579 4081 est

485 4109 688 4187 plato‘t
732 4132 847 4169 une
874 4110 1066 4186 gleire
1100 4110 1307 4167 ce'leste
1337 4109 1438 4188 qu’
1462 4130 1577 4167 une

493 4197 757 4254 lumiere.
870 4194 1151 4255 Imitatur
1209 4194 1577 4254 Claudianus

495 4286 570 4339 de
593 4282 664 4340 R.
709 4283 772 4343 P.
813 4281 916 4342 lib.
963 4281 1033 4358 11,
1076 4284 1204 4345 282
1242 4301 1369 4359 sqq.
1416 4281 1575 4340 conf.

494 4366 703 4426 Cerda.
787 4380 1002 4427 norunt
1021 4413 1039 4443 ‚
1088 4367 1329 4445 vident,
1374 4366 1573 4445 quiin

1654 2306 1866 2387 Elysiis
1891 2316 2066 2380 sunt,
2110 2306 2356 2369 habent.
2447 2309 2612 2371 Male
2636 2310 2748 2371 nli-

1653 2402 1749 2453 ter
1777 2393 1896 2453 viri
1920 2393 2102 2454 docti.

1740 2521 2120 2588 642—644.
2188 2522 2356 2582 Haec
2402 2524 2631 2584 iterum
2670 2524 2749 2584 sd

1651 2608 1896 2667 Pindari
1930 2608 2181 2667 ductum
2220 2608 2260 2667 l.
2295 2609 2335 2671 l.
2368 2613 2479 2671 καὶ
2505 2610 2606 2673 τοὶ
2637 2608 2747 2691 μὲν

1655 2694 1921 2767 ἱππείοις
1941 2696 2319 2776 γυμνασίοις,
2364 2695 2467 2757 τοὶ
2494 2695 2566 2757 δὲ
2602 2720 2741 2777 φορ-

1654 2781 1888 2860 μίγγεσι
1915 2779 2247 2859 τέρπονται.
2297 2781 2606 2861 Expressa
2631 2784 2741 2841 sci·

1650 2864 1794 2923 licet
1821 2870 1948 2925 vita
1983 2869 2236 2944 antiqua
2259 2866 2517 2925 heroum
2553 2869 2739 2926 Grae-

1652 2953 1823 3023 ciae;
1896 2952 1987 3010 uti
2047 2951 2291 3010 omnino
2346 2971 2735 3032 unaquaeqne

1651 3056 1825 3115 gens,
1867 3035 1916 3093 si
1942 3056 2251 3095 recensum
2278 3038 2450 3116 apud
2482 3041 2739 3098 animun

1658 3121 1970 3199 instituas,
2041 3124 2201 3182 sicut
2240 3123 2508 3182 aliarum
2548 3146 2741 3185 rerum

1657 3206 1987 3271 inferarum
2015 3256 2034 3285 ‚
2105 3209 2192 3268 ita
2258 3209 2453 3288 Elysii
2512 3211 2744 3270 beatam

1657 3301 1881 3353 sortem
1913 3294 2005 3351 ad
2021 3315 2159 3352 suos
2188 3315 2379 3352 mor-es
2415 3295 2745 3377 descripsit,

1660 3397 1878 3456 eaque,
1928 3399 2078 3456 quae
2117 3379 2354 3441 beatam
2394 3383 2599 3442 vitam
2639 3403 2741 3441 sm

1657 3485 1836 3524 sensu
1877 3466 2358 3541 constituebant,
2423 3487 2495 3526 eo
2546 3478 2741 3528 tram-

1657 3550 1815 3610 tulit.
1863 3550 2123 3629 pedibus
2135 3552 2455 3630 plaudunt
2483 3556 2741 3627 chonoe,

1660 3637 1986 3715 elegantius
2042 3656 2222 3715 quam
2271 3638 2558 3715 ducunt,
2634 3640 2739 3698 ⁸01

1661 3743 1799 3781 cum
1842 3723 2064 3803 pedum
2109 3723 2359 3802 plausu3
2417 3726 2649 3805 Odyss.
2684 3733 2739 3797 θ,

1660 3812 1795 3897 264,
1837 3808 2160 3890 Πέπληγον
2226 3807 2292 3871 δὲ
2342 3808 2531 3889 χορὸν
2580 3819 2737 3875 θεῖα·

1661 3896 1877 3956 ποσίν·
1937 3894 2101 3972 quod
2128 3894 2298 3955 Maro
2332 3896 2491 3955 adeo
2521 3899 2737 3978 accepi:

1661 3977 1813 4042 κατοὶ
1856 3977 2073 4060 χορόν,
2133 4002 2255 4039 non
2308 3991 2382 4040 ut
2430 3983 2741 4063 χορόςρτο

1660 4065 1794 4124 loco
1850 4067 2082 4125 dictum
2122 4068 2230 4140 sit,
2290 4077 2362 4125 ut
2406 4069 2557 4127 alibi
2594 4068 2741 4151 apud

1659 4151 1991 4212 Homerum
2029 4152 2311 4213 occurrit.

1747 4281 2102 4345 645—647.
2145 4280 2397 4342 Dandus
2441 4294 2578 4343 ent
2608 4284 2741 4343 cbo-

1660 4368 1774 4426 reis
1832 4367 2177 4427 saltantium
2250 4377 2313 4425 et
2372 4375 2743 4429 cantantiu-

2802 797 2807 852 4
