2882 5028
499 394 655 467 282
990 388 1071 460 P.
1119 383 1648 460 VIRGILII
1699 380 2255 456 MARONIS

498 570 983 654 Criminibus
1012 580 1318 645 terrere
1348 568 1614 660 novis;
1669 566 1857 641 hinc
1885 589 2256 667 spargere
2301 587 2535 639 voces

497 682 594 754 In
628 674 957 773 volgum
988 673 1429 774 ambiguas,
1487 685 1582 748 etff
1600 695 1986 772 quaerere
2019 670 2379 745 conscius
2413 692 2657 746 arma.

496 786 664 859 Nec
754 778 1151 880 requievit
1250 779 1468 857 enim
1496 835 1519 872 ‚
1639 773 1906 849 donec
1999 772 2425 852 Calchante
2521 772 2753 846 mini-

1668 890 1833 952 stro
1860 922 1970 940 --

504 984 668 1062 Sed
710 983 911 1087 quid
958 1007 1110 1082 ego
1154 982 1353 1060 haec
1384 995 1653 1058 autem
1697 980 2249 1158 nequidquam
2280 975 2586 1077 ingrata
2616 885 2754 1054 1¹21}

932 1105 935 1110 ·
1930 1094 1962 1143 a

499 1189 814 1286 Quidve
852 1214 1171 1288 moror,
1220 1192 1284 1265 si
1327 1188 1592 1265 omnis
1631 1109 2131 1265 uxissvgrdine
2173 1185 2482 1263 habetis
2523 1183 2749 1260 Achi-

1670 1317 1853 1389 νοε,

610 1406 774 1478 102.
803 1405 1144 1474 Menon?

633 1606 721 1661 99.
755 1607 825 1657 In
871 1602 1099 1673 vulgum
1149 1600 1458 1672 ambiguam
1506 1601 1717 1671 Sergius
1767 1601 1822 1653 iu
1859 1605 2039 1668 Artem
2074 1598 2302 1660 Donati3
2349 1597 2447 1650 sed
2494 1616 2548 1650 v.
2579 1597 2743 1650 Heius.

498 1677 560 1726 ln
609 1674 778 1726 altero
828 1672 1166 1725 hemisticliio
1214 1672 1371 1725 etiam
1428 1674 1504 1723 lo.
1549 1672 1901 1724 Solu-adetum
1960 1671 2222 1732 haesisse,
2283 1668 2471 1720 lubens
2519 1667 2742 1750 cognovi.

497 1747 600 1800 loo
634 1746 902 1826 magistro
938 1742 1103 1794 Goth.
1138 1742 1291 1793 ulter.
1364 1741 1499 1804 Quia
1534 1741 1589 1793 in
1624 1741 1796 1793 media
1832 1741 2093 1802 sententia
2129 1737 2433 1807 interpellat
2461 1757 2539 1802 ee,
2591 1735 2744 1805 inepti

493 1811 707 1883 quidam
736 1830 792 1864 m
824 1813 973 1865 MSS.
1005 1811 1336 1881 supplerunt:
1372 1812 1577 1864 Hostia
1609 1824 1724 1862 eum
1758 1811 1911 1880 (sum)
1961 1813 2124 1863 miser
2171 1827 2238 1861 ac
2283 1825 2479 1859 sacras
2527 1820 2743 1879 reputa-

494 1897 588 1935 tus
622 1883 698 1935 ad
731 1900 878 1935 aras.

1022 1885 1119 1937 101
1170 1893 1353 1933 autem
1385 1880 1541 1932 deest
1586 1881 1770 1948 fragm.
1816 1882 2012 1932 Moret.
2061 1890 2115 1931 et
2165 1879 2249 1929 ed.
2299 1895 2381 1946 pr.
2417 1877 2590 1929 Burin.
2657 1876 2744 1929 sed

492 1963 708 2017 autem,
756 1961 814 2002 ut
860 1950 1003 2021 apud
1053 1949 1226 2002 Plaut·
1262 1949 1398 2001 Rud·
1431 1951 1495 2015 Π,
1543 1950 1595 2014 5,
1646 1953 1733 2005 11.
1818 1951 1940 2018 (sed
1974 1961 2158 2001 autem
2192 1945 2354 1999 semel
2382 1946 2582 1998 lectum
2615 1943 2742 2012 ap‘ud

493 2020 686 2089 Virgil.
756 2019 871 2072 Erit
903 2021 1151 2082 fortasse,
1186 2016 1275 2087 qui
1311 2022 1493 2073 am'mo
1528 2037 1628 2088 pro
1665 2032 1849 2071 autem
1881 2018 2130 2087 scriptum
2164 2016 2293 2070 velit
2323 2024 2498 2067 totum
2539 2034 2600 2066 ue
2628 2033 2740 2065 ver·

494 2090 710 2142 siculum
746 2108 810 2141 ex
833 2089 1001 2141 Ennio
1028 2088 1335 2140 translatum
1361 2087 1651 2150 existimet3
1685 2089 1731 2140 is
1770 2088 1907 2141 enim
1941 2107 2060 2158 pag.
2097 2090 2185 2145 65.
2222 2087 2304 2138 ed.
2340 2086 2514 2136 Hesse
2566 2105 2580 2135 :
2614 2084 2740 2146 „Sed

492 2159 621 2228 quid
656 2176 755 2227 ego
786 2159 920 2210 haec
955 2158 1179 2210 animo
1214 2157 1559 2210 lamentor?“
1628 2159 1779 2212 Nihil
1812 2168 1987 2211 temen
2022 2158 2199 2210 invitis
2234 2156 2385 2208 libris
2421 2155 2738 2215 mutandum3

494 2239 550 2281 et
581 2229 680 2280 sed
711 2228 778 2281 ad
812 2227 1089 2298 superiora
1132 2236 1367 2297 spectat,
1403 2241 1587 2280 autem
1622 2228 1676 2279 in
1711 2228 2131 2297 interrogatione
2168 2229 2280 2278 fere
2317 2226 2351 2277 i.
2400 2243 2456 2293 q.
2506 2225 2739 2286 tandem

492 2297 596 2350 vid.
632 2296 826 2350 Handii
859 2297 1148 2351 Tursellin.
1179 2296 1302 2349 Vol.
1337 2299 1379 2349 1.
1413 2316 1469 2367 p.
1502 2298 1625 2353 575.
1653 2309 1717 2350 et
1749 2298 1872 2354 583.
1913 2301 1998 2352 W
1992 2299 2059 2365 ν.)

2145 2297 2313 2367 nequi
2347 2314 2473 2346 uam
2510 2312 2599 2362 ap.
2633 2294 2739 2344 Ma·

492 2368 657 2432 orob„
706 2377 765 2419 ut
814 2367 1010 2435 passim
1056 2367 1110 2418 in
1156 2367 1303 2421 MSS.
1363 2384 1416 2420 ν.
1465 2367 1692 2420 Pierium
1737 2368 1792 2420 h.
1828 2367 1866 2420 l.
1948 2369 2144 2439 ignota
2178 2385 2310 2419 reno
2334 2383 2406 2417 vo
2444 2364 2531 2417 ed.
2568 2362 2738 2416 venet·

495 2439 598 2492 102
625 2439 685 2491 in
722 2438 917 2491 ordine
947 2438 1069 2489 Rxc.
1099 2438 1375 2492 Burmann.

430 2533 442 2540 “
1011 2532 1025 2559 s

494 2612 608 2697 1.):
648 2614 830 2672 Haec
858 2613 1054 2693 prima
1079 2612 1220 2672 mali
1252 2612 1435 2692 labes,
1459 2611 1578 2670 hoc

450 2702 457 2707 ’
488 2699 727 2759 initium
756 2698 1156 2779 impendentis
1193 2698 1405 2758 ruinae
1419 2699 1575 2778 suit.

492 2783 850 2846 &minibus
876 2798 1079 2844 ter-rere
1104 2790 1294 2862 novis,
1338 2785 1576 2863 elegan-

486 2879 583 2931 ter
619 2892 734 2951 pro
789 2872 1036 2930 crimiim
1077 2892 1237 2931 nova
1288 2873 1578 2953 proferre,

488 2976 628 3018 eum
694 2956 1209 3017 criminationibus
1261 2957 1579 3037 exagitare.

487 3056 547 3101 et
576 3064 852 3122 quaerere
880 3045 1152 3101 conscius
1196 3065 1389 3102 arma.
1452 3041 1576 3100 Va-

486 3129 576 3187 rie
604 3127 753 3186 haec
797 3128 862 3185 in
904 3127 1114 3186 Servio
1165 3126 1439 3206 exposita
1476 3128 1572 3185 vi-

489 3212 661 3288 deas3
702 3233 841 3272 nam
865 3231 899 3270 e
948 3211 1385 3272 recentioribus
1424 3212 1575 3272 nihil
1609 3264 1620 3269 -

486 3297 782 3377 proficias.
895 3299 1092 3356 Arma
1144 3317 1267 3355 esse
1320 3312 1574 3377 possunt

489 3384 770 3457 consilia,
828 3402 982 3461 quae
1029 3382 1292 3461 agitabat
1335 3384 1573 3463 Ulysses

485 3470 566 3530 ad
617 3468 1041 3549 depellendum
1092 3469 1407 3528 imminens
1460 3469 1573 3529 sibi

486 3577 520 3614 a
549 3556 770 3615 Sinone
797 3554 1147 3633 periculum,
1192 3555 1277 3613 sic
1305 3559 1574 3614 conscius

484 3661 564 3703 sc.
589 3641 839 3720 periculi
877 3640 1268 3716 imminentis3
1323 3650 1573 3719 possunt

484 3727 667 3787 etiam
726 3744 849 3786 esse
903 3726 1144 3786 fraudes
1203 3736 1262 3785 et
1305 3726 1574 3803 insidiae,

484 3833 633 3891 quas
676 3812 742 3870 in
789 3812 1073 3871 Sinonem
1100 3812 1383 3892 parabat,
1427 3836 1573 3872 con-

488 3905 677 3972 scius,
722 3898 924 3973 tacite,
968 3898 1132 3956 intra
1158 3918 1247 3974 se3
1291 3907 1395 3959 aut
1427 3920 1574 3957 con-

481 3987 639 4042 scius
691 3993 783 4043 est
828 4003 965 4043 cum
1007 3983 1167 4059 aliis,
1234 3985 1574 4047 communi-

482 4079 615 4129 cato
655 4069 881 4128 scilicet
932 4088 1069 4127 cum
1129 4069 1258 4149 aliis
1305 4070 1572 4135 consilio.

480 4155 614 4216 Hoc
653 4174 868 4215 verum
912 4153 1191 4228 videtur,
1262 4175 1400 4215 cum
1440 4165 1570 4214 sta·-

480 4242 590 4302 tim
624 4239 1010 4302 Calchantem
1041 4240 1427 4303 consiliorum
1464 4261 1567 4301 so·-

479 4329 643 4389 cium
671 4325 1011 4387 assumsisse
1041 4325 1293 4387 dicatur.
1355 4326 1566 4403 (Nem-

478 4433 554 4497 pe
589 4412 743 4477 illud
801 4434 1080 4494 quaerere
1124 4434 1301 4472 ωπια
1349 4432 1566 4495 vagum

1663 2623 1755 2674 est
1786 2624 1848 2674 et
1878 2614 2218 2690 ambiguum
2260 2610 2322 2669 h.
2357 2609 2417 2688 1.,
2483 2611 2594 2670 nisi
2636 2608 2733 2667 ad-

1665 2700 1851 2761 datur
1920 2697 2175 2779 aliquid,
2264 2718 2383 2776 quo
2451 2703 2734 2777 appareat,

1663 2807 1842 2865 quam
1875 2788 2181 2846 notionem
2196 2782 2292 2841 his
2317 2783 2511 2842 inesse
2537 2782 2736 2840 volue-

1662 2873 1749 2933 rit
1798 2882 2006 2951 poeta;
2085 2869 2383 2927 adiectum
2435 2878 2530 2927 est
2575 2868 2734 2946 igitur

1664 2960 1934 3017 conscius
1949 3004 1965 3033 ,
2050 2975 2173 3034 quo
2224 2954 2532 3013 indicetur
2578 2971 2732 3013 com-

1662 3034 1870 3104 munio
1889 3040 2183 3123 quaedam
2201 3063 2218 3113 ;
2244 3039 2413 3119 quod
2429 3061 2560 3101 voc.
2579 3058 2734 3098 com»

1660 3130 1837 3189 mode
1887 3130 1965 3188 ad
2011 3128 2279 3201 Ulixem,
2351 3125 2587 3185 sceleris
2629 3143 2733 3181 au-

1659 3225 1921 3290 ctorem,
1967 3225 2029 3274 et
2062 3214 2140 3271 ad
2169 3215 2360 3271 socios
2381 3210 2562 3271 huius
2590 3229 2731 3267 oon-

1656 3302 1769 3360 silii
1796 3298 2237 3361 accommodari
2266 3307 2538 3378 poterat,
2579 3314 2730 3371 quo-

1659 3388 1821 3447 niam
1861 3396 1924 3446 et
1962 3386 2027 3446 hi
2067 3393 2130 3444 et
2153 3385 2252 3443 ille
2287 3385 2418 3443 eius
2452 3382 2536 3443 rei
2582 3399 2726 3438 con-

1655 3474 1759 3533 scii
1804 3483 1978 3549 sunt3
2025 3473 2296 3531 conscius
2340 3490 2515 3529 mma
2549 3486 2730 3546 quae-

1656 3580 1777 3616 rere
1833 3559 2014 3638 igitur
2063 3565 2238 3636 poeta
2279 3555 2440 3615 dixit
2488 3563 2550 3613 et
2602 3570 2728 3610 cum

1658 3644 1849 3703 Ulixis
1889 3644 2130 3703 nomine
2159 3641 2524 3702 adiectivum
2550 3656 2730 3716 copu-

1656 3730 1810 3790 lavit
1824 3775 1843 3807 ,
1900 3750 2085 3808 quum
2105 3772 2122 3804 ,
2179 3729 2227 3787 si
2267 3736 2527 3786 metrum
2571 3732 2729 3803 pate-

1657 3824 1861 3892 retur,
1927 3815 2079 3877 nihil
2138 3822 2373 3877 mutat·
2422 3810 2726 3880 sententia,

1659 3903 1837 3961 etiam
1857 3921 2134 3982 quaerere
2149 3902 2437 3973 conscios,
2468 3916 2621 3975 quae
2645 3902 2727 3951 est

1658 3988 1992 4047 communis
2030 3986 2218 4061 ratio,
2277 3986 2472 4045 dicere
2514 3983 2723 4043 liceret.

1660 4072 2148 4134 Wunderlichius
2194 4082 2396 4131 tamen
2456 4071 2536 4128 ita
2592 4068 2723 4127 haec

1656 4160 1952 4239 explicat:
2036 4203 2072 4233 „
2090 4161 2362 4217 conscius
2414 4166 2504 4215 est
2559 4173 2721 4213 con·-

1654 4246 1866 4305 scius
1947 4245 2158 4319 mali,
2250 4252 2323 4304 ut
2379 4240 2722 4301 comeiena‘a

1655 4350 1828 4411 saepe
1873 4332 1933 4392 in
1980 4330 2196 4389 malam
2252 4329 2546 4409 accipitur
2587 4344 2720 4407 ptr-

1651 4427 1795 4482 tem.
1883 4419 2104 4476 Seneca
2128 4416 2310 4497 llipp.
2336 4413 2481 4480 495.
2511 4413 2586 4474 de
2611 4409 2717 4469 ho-
