2882 5028
706 381 893 453 AD
1000 379 1653 455 LIBRUM
1757 379 1878 456 Vl
2219 387 2413 460 1025

153 568 252 649 git
288 565 457 648 (nam
504 567 579 627 de
623 569 970 646 quaestione
1019 576 1188 627 extra
1233 568 1507 629 ordinem
1551 569 1833 628 mandata
1877 567 1978 627 hic
2015 588 2137 627 non
2175 569 2416 651 agitur),

155 657 297 714 sive
324 655 396 730 is,
442 654 537 713 cui
565 653 665 713 ille
694 656 989 733 delegavit
1021 655 1445 733 quaestionem.
1533 655 1830 715 Adsident
1854 655 1905 713 ei
1933 656 2158 714 iudices
2196 658 2416 734 selecti,

159 741 311 819 qui,
372 740 686 799 sortitione
732 741 1041 801 nominum
1084 760 1161 800 ex
1205 740 1462 800 decuriis
1513 763 1547 800 a
1597 740 1792 801 iudice
1837 741 2196 818 quaestionis
2238 743 2416 817 sacta,

157 846 414 885 caussae
442 827 652 903 cuique
676 828 1070 905 contigerunt.
1157 826 1205 884 F
1207 827 1258 885 it
1294 828 1584 886 iudicium
1609 837 1672 886 et
1699 827 1773 886 de
1800 847 2001 886 caussa
2023 828 2415 905 cognoscitur.

159 911 369 971 Audit
412 912 733 984 Quaesitor
772 913 1033 972 dicentes
1074 932 1365 988 caussam,
1423 915 1874 991 interrogantur
1914 922 2093 972 testes
2122 914 2418 993 (vitasque

166 1012 230 1056 et
260 1002 521 1056 crimina
549 1001 727 1057 discit
742 1021 769 1070 ‚-
818 1019 957 1057 nam
990 1000 1192 1057 docere
1210 1042 1229 1074 ,
1277 999 1498 1056 discere
1514 1045 1531 1075 ,
1592 1020 1763 1058 nosse
1791 1020 2041 1058 caussas
2057 1041 2075 1074 ,
2125 998 2417 1058 vocabula

160 1084 322 1143 iuris
357 1084 602 1163 propria
655 1082 822 1166 sunt)
837 1107 854 1161 5
921 1085 1253 1144 mittuntur
1298 1084 1526 1144 iudices
1579 1085 1643 1144 in
1686 1084 2023 1159 consilium,
2097 1084 2419 1164 feruntque

162 1170 549 1228 sententiam.

331 1338 425 1398 Ad
459 1339 626 1399 hunc
650 1340 854 1418 itaque
885 1339 1134 1399 modum
1169 1350 1346 1420 poeta
1395 1339 1604 1398 faciem
1645 1339 1853 1401 iudicii
1895 1341 2222 1401 constituit.
2308 1341 2419 1401 vi-

166 1424 422 1485 deamus
463 1426 537 1484 de
576 1426 834 1505 singulis.
922 1429 1058 1485 Nee
1100 1448 1234 1486 vero
1279 1426 1398 1484 hae
1438 1428 1566 1483 sine
1604 1439 1754 1484 sorte
1799 1428 2004 1524 datae,
2050 1431 2179 1484 sine
2222 1428 2418 1485 iudice

166 1512 364 1587 sede-5,
413 1511 516 1569 sed
547 1512 749 1591 potius
777 1511 1045 1572 iudicum
1075 1513 1290 1571 sortito
1320 1512 1605 1570 datorum
1633 1511 1955 1571 sententiis.
2022 1511 2182 1571 Hinc
2215 1513 2420 1590 Quae-

169 1599 323 1655 sitor
356 1599 573 1655 Minos
599 1619 816 1656 umam
854 1588 1082 1673 movet,
1131 1597 1386 1657 sortitur
1414 1596 1656 1657 iudices.
1738 1596 1894 1657 Male
1922 1595 2041 1655 hoc
2067 1596 2146 1656 ad
2176 1618 2418 1656 caussa-

169 1702 315 1741 rum
341 1683 715 1741 sortitionem
746 1684 1017 1742 referunt
1057 1684 1322 1757 Servius,
1378 1683 1665 1761 Pompon.
1707 1683 1842 1742 Sab.
1873 1692 1934 1741 et
1975 1684 2094 1743 alii.
2179 1684 2422 1743 Poterat

168 1768 271 1827 vel
317 1770 571 1826 Senecae
617 1768 1181 1827 imitatio‘errantes
1222 1786 1510 1827 revocare
1551 1768 1728 1826 Herc.
1775 1770 1892 1828 sur.
1936 1774 2059 1833 731
2093 1771 2239 1828 Non
2268 1791 2421 1827 unus

171 1855 309 1911 alta
340 1854 475 1911 sede
501 1858 805 1933 quaesitor
827 1856 1033 1912 sedens
1059 1853 1283 1913 Iudicia
1324 1854 1524 1931 trepida

181 1952 283 1997 tur
305 1940 416 2001 ‚illo
449 1940 741 1997 Gnossius
770 1942 983 1997 Minos
1000 1939 1141 2018 fon>
1161 1985 1178 2014 ,
1251 1938 1524 1996 Rhadam

172 2023 352 2082 audie
381 2045 561 2081 socer.
655 2023 751 2082 Ad
783 2025 1153 2084 sortitionem
1198 2043 1524 2083 caussaruu

172 2109 315 2185 sint,
347 2110 591 2188 respicit
621 2109 783 2167 idem
813 2109 1116 2187 Agam.24
1144 2130 1294 2187 quos
1323 2141 1408 2154 —
1447 2110 1524 2187 Qt

171 2207 273 2253 eat
295 2216 443 2253 reos.
534 2193 699 2252 Idem
728 2195 843 2255 alio
877 2196 1041 2254 loco:
1086 2197 1210 2259 578
1254 2207 1313 2253 et
1350 2198 1459 2274 qui
1478 2194 1524 2272 fi

186 2280 495 2356 Quaerunt
524 2302 600 2337 ac
629 2293 846 2340 veteres
881 2283 1187 2339 excutiunt
1212 2301 1360 2354 reos,
1410 2281 1524 2339 Fle

172 2366 333 2423 dent.
426 2364 523 2421 Sic
546 2384 782 2443 quoque
811 2366 973 2444 apud
1004 2365 1379 2444 Propertium
1414 2366 1524 2425 Aes

178 2450 332 2509 titur
357 2449 611 2508 iudices:
654 2451 753 2527 IV,
802 2456 902 2526 11,
951 2454 1031 2516 19
1066 2453 1193 2510 ,Det
1230 2463 1409 2529 pater
1431 2450 1524 2508 hic

178 2537 383 2619 (Pluto
420 2536 627 2595 mitem
679 2536 754 2595 de
794 2554 890 2593 me
929 2537 1285 2595 sententiam
1324 2534 1503 2615 ferat)

178 2623 342 2681 sedet
369 2625 610 2681 AeacuS
639 2643 815 2696 ma,
864 2624 944 2680 In
969 2642 1106 2680 mea
1132 2625 1340 2679 δθΐιίία
1366 2621 1625 2680 vindic-c«-
1656 2656 1793 2678 υσοω
1813 2656 1957 2697 pecu
1991 2656 2077 2700 ku·
2109 2656 2211 2680 ιιιιι
2240 2656 2426 2699 quae-

180 2709 330 2768 sitor
355 2708 430 2765 ab
468 2727 538 2766 eo
582 2716 752 2766 extra
799 2705 1071 2766 ordinem
1117 2705 1295 2765 datus
1325 2714 1643 2766 cognoscat
1673 2705 1747 2763 de
1771 2723 1899 2764 me:
1943 2707 2079 2766 pila
2105 2709 2312 2764 sortita
2351 2705 2426 2765 de

178 2792 494 2853 sortitione
535 2792 804 2853 iudicum
842 2793 1033 2869 facta,
1073 2793 1208 2871 pilis
1250 2791 1314 2849 in
2014 2791 2330 2849 Vindicat-e
2362 2795 2427 2850 in

178 2901 317 2940 ossa
356 2879 685 2938 insolenter
727 2878 982 2954 dictum,
1038 2888 1114 2936 ut
1147 2878 1263 2936 alia
1293 2896 1324 2934 a
2014 2888 2132 2934 rant
2354 2899 2384 2935 s
2397 2900 2422 2952 ,-

183 2968 361 3024 iuxta
412 2967 661 3024 Minoia
705 2965 855 3022 sella
870 2985 898 3036 3
968 2977 1027 3022 et
1068 2965 1474 3022 Eumenidum
1512 2976 1731 3020 intento
1793 2976 1965 3020 turba
2011 2982 2216 3020 severa
2248 2962 2420 3038 jbro.

184 3050 346 3131 (Sint
383 3068 700 3108 assessores
741 3051 959 3108 fratres
998 3046 1500 3107 Rhadamanthus
1536 3055 1597 3105 et
1628 3046 1846 3106 Minos:
1917 3047 1959 3105 f.
1995 3046 2114 3104 fuit
2142 3047 2430 3106 Assideat

161 3137 388 3217 frater,
435 3140 608 3194 iuxta
632 3148 690 3194 et
720 3138 969 3193 Minoia
1003 3136 1179 3210 sella,
1227 3154 1305 3193 sc.
1335 3136 1431 3207 sit,
1476 3141 1614 3208 stet,
1655 3153 1767 3212 pro
1794 3133 1923 3211 ipso
1956 3129 2194 3211 Minoe).
2238 3133 2427 3192 Porro

181 3222 502 3296 Quaesitor
542 3219 767 3296 Minos,
838 3221 1149 3280 sortitione
1188 3218 1456 3279 iudicum
1500 3220 1691 3293 facta,
1761 3220 2043 3275 silentum
2095 3217 2429 3278 Concilium

183 3320 376 3383 vocat,
423 3307 519 3366 die
545 3306 711 3366 dicto
742 3306 886 3365 citat
914 3326 1049 3365 reos
1080 3305 1159 3363 ad
1196 3304 1485 3364 iudicium
1531 3301 1713 3384 (conf.
1756 3303 1896 3363 Var.
1920 3301 2108 3385 Lect.)
2152 3307 2428 3386 vitaeque

187 3407 247 3453 et
272 3396 529 3454 crimina
568 3392 779 3468 discit,
828 3391 1033 3452 audita
1055 3392 1367 3470 utriusque
1405 3389 1594 3471 partis
1621 3387 1908 3449 oratione.

355 3561 481 3620 Iam
523 3561 1037 3621 Rhadamanthus
1073 3563 1247 3640 longe
1284 3561 1400 3621 alio
1440 3561 1577 3621 loco
1620 3580 1692 3619 ac
1723 3559 1906 3619 modo
1946 3559 2310 3619 constitutus
2338 3569 2428 3618 est

184 3649 250 3708 in
276 3647 564 3723 Tartaro5
607 3668 732 3707 non
764 3657 892 3706 tam
919 3648 1108 3707 iudex
1153 3657 1260 3707 aut
1282 3648 1698 3726 magistratus,
1746 3646 1851 3723 qui
1876 3647 2279 3746 quaestionem
2317 3664 2427 3703 ex-

186 3743 380 3808 ercet,
425 3743 487 3793 et
510 3753 743 3792 caussas
776 3734 1054 3812 capitales
1089 3735 1501 3812 persequitur:
1550 3741 1625 3791 ut
1649 3731 1876 3808 Minos5
1918 3731 2024 3790 sed
2051 3733 2154 3809 qui
2179 3729 2426 3790 Trium-

186 3819 458 3880 virorum
499 3820 838 3898 capitalium
880 3838 1048 3880 more
1093 3819 1415 3878 sententias
1455 3818 1724 3877 iudicum
1763 3817 2139 3895 exsequitur,
2195 3815 2428 3894 suppli-

188 3904 345 3964 cium
371 3905 570 3980 sumit,
615 3914 676 3962 et
704 3904 865 3963 idem
899 3904 973 3963 de
1002 3905 1296 3966 inferioris
1329 3904 1557 3963 ordinis
1585 3902 1944 3978 hominibus,
1986 3902 2154 3977 furti,
2197 3921 2428 3979 grassa-

188 3989 393 4065 tionis,
454 3991 771 4069 sacrilegii,
830 3990 949 4049 reis
998 3990 1326 4069 cognoscit5
1392 3991 1597 4069 itaque
1637 3989 1783 4048 item
1820 3994 2122 4047 tormenta
2163 3985 2425 4063 adhibet,

191 4076 474 4135 scelerum
508 4077 817 4137 convictos
852 4078 1197 4152 quaestione
1236 4075 1477 4135 admota
1526 4075 1701 4134 fateri
1732 4075 1887 4153 cogit
1931 4073 2169 4131 occulto
2210 4091 2428 4151 perpe-

191 4171 375 4222 trata:
420 4182 480 4221 v.
504 4162 630 4229 566
666 4164 957 4221 Gnossius
998 4162 1149 4220 haec
1190 4161 1708 4220 Rhadamanthus
1749 4159 1927 4218 habet
1973 4158 2298 4217 durissima
2328 4179 2425 4216 re·-

186 4267 314 4326 gna
336 4290 354 4322 ,
415 4248 805 4328 Castigatque
834 4247 1121 4327 auditque
1160 4248 1328 4306 dolos
1348 4292 1366 4323 ‚
1415 4247 1755 4326 subigitque
1790 4245 1981 4322 fateri
1997 4289 2016 4319 ‚
2074 4245 2246 4321 Quae
2292 4246 2427 4322 quie

190 4332 357 4410 apud
384 4353 623 4409 superos
636 4376 655 4408 ‚
697 4334 877 4411 sut-to
915 4334 1175 4392 laetatus
1221 4336 1427 4409 inani,
1489 4333 1751 4393 Distulit
1777 4334 1840 4390 in
1867 4350 2064 4390 seram
2088 4332 2426 4389 commissa

181 4419 434 4497 piacula
458 4429 723 4476 mortem.

288 4519 596 4594 Vnum„
655 4519 866 4594 ΤοΜ.
921 4518 1016 4594 11.
1908 4514 2010 4588 65
