2882 5028
563 336 707 410 DE
776 335 1271 410 CARMINE
1322 333 1638 409 EPICO
1695 335 2066 412 VIRGIL.
2419 346 2465 415 9

206 529 579 612 advertat3
628 521 718 597 id
755 519 1001 623 quod
1050 521 1217 596 sine
1261 520 1803 620 indignatione
1852 533 1932 597 et
1978 523 2470 622 poenitentia

203 625 448 726 aliqua
481 627 695 719 eius,
753 626 903 726 qui
942 624 1045 700 ad
1074 649 1157 700 se
1190 624 1459 716 rediit,
1515 622 1690 698 fieri
1723 649 1891 699 non
1924 639 2208 725 potest.
2266 627 2470 702 Hinc

204 754 244 804 a
282 730 467 803 viris
524 729 790 804 doctis
842 728 1098 804 multa
1146 726 1531 828 disputata
1570 740 1756 803 sunt
1808 735 1904 804 de
1937 735 2472 828 probabilitate

176 840 491 933 ,poetica
542 863 638 908 ac
685 839 1030 930 mythica
1059 846 1130 907 et
1163 838 1262 906 de
1284 838 1944 918 verisimilitudine,
2000 830 2240 933 quam
2273 859 2472 934 poe-

205 949 281 1010 ta
304 937 589 1011 sectari
641 935 930 1030 debet,
1000 936 1137 1035 qui
1172 959 1340 1009 non
1376 936 1544 1033 ipse
1577 935 1744 1010 vult
1781 959 1920 1010 sua
1972 947 2138 1011 acta
2175 939 2472 1013 rescin-

212 1038 422 1118 dere.
535 1039 903 1116 Omnino
957 1038 1057 1115 ad
1102 1036 1307 1114 hanc
1353 1044 1691 1142 γοητείαν
1721 1046 2160 1129 illusionem,
2228 1066 2472 1142 quam

210 1144 705 1219 recentiores
752 1141 1185 1217 commode
1238 1153 1562 1234 vocant,
1616 1140 2037 1244 pleraque,
2110 1169 2314 1245 quae
2367 1145 2470 1221 de

216 1248 569 1322 camnine
605 1246 836 1346 epico
866 1270 1052 1321 cum
1089 1245 1419 1321 utilitate
1451 1244 1708 1345 aliqua
1737 1246 2082 1347 praecipi
2115 1261 2472 1348 possunt,

213 1374 595 1425 revocare
641 1349 724 1423 iu
782 1363 1109 1448 promtu
1165 1361 1320 1441 est;
1390 1361 1472 1423 et
1523 1347 1621 1423 ad
1665 1347 1869 1423 hanc
1927 1374 2296 1425 normam
2346 1351 2471 1427 vel

214 1455 557 1528 maxime
585 1476 960 1528 revocare
992 1452 1218 1527 soleo
1264 1476 1392 1548 ea,
1470 1476 1673 1552 quae
1721 1450 1824 1528 de
1864 1451 2133 1529 multis
2170 1454 2471 1554 Virgilii

218 1555 407 1632 locis
436 1582 479 1630 a
516 1557 703 1630 viris
735 1554 988 1630 doctis
1026 1555 1412 1655 disputata
1443 1567 1647 1632 sunt.

419 1662 554 1737 VI.
631 1664 1030 1758 Uirgiliani
1083 1659 1315 1758 igitur
1364 1664 1753 1755 carminis,
1809 1683 1997 1733 nam
2029 1659 2126 1735 ad
2163 1658 2320 1734 hoc
2356 1685 2470 1758 ea,

221 1787 425 1863 quae
461 1762 803 1838 dicenda
842 1760 1143 1858 habe0,
1214 1760 1904 1855 revocandatmihi
1955 1777 2173 1861 sunt,
2245 1763 2474 1839 dotes

216 1879 305 1942 ut
339 1878 563 1941 recte
604 1865 1054 1941 discernant
1096 1891 1183 1941 ac
1225 1866 1739 1966 perspiciant,
1793 1864 1892 1943 ad
1929 1865 2012 1940 id
2056 1866 2475 1943 intendant

219 1969 533 2044 animos
569 1969 1149 2064 adolescenteS,
1204 1983 1481 2057 auctor
1505 1992 1722 2065 sum,
1771 1984 1875 2062 ut,
1929 1987 2278 2068 quantum
2309 2000 2476 2046 eum

217 2080 291 2147 in
334 2087 491 2148 toto
551 2087 996 2172 argumento
1041 2089 1192 2150 tum
1249 2080 1322 2151 in
1383 2080 1707 2172 singulis.
1750 2079 2100 2172 partibus
2153 2082 2324 2150 insit
2367 2082 2476 2151 ud

218 2193 500 2252 mentes
535 2184 1036 2252 adnzirutione
1072 2206 1221 2253 non
1264 2184 1419 2254 sine
1456 2185 1831 2277 voluptate
1866 2187 2258 2272 tenendas,
2300 2207 2475 2254 con-

219 2286 575 2356 siderent.
673 2281 1137 2381 Exponitur·
1167 2293 1483 2381 azpoeta
1514 2288 1810 2358 Aeneae
1838 2310 1930 2356 ex
1984 2289 2209 2357 Troia
2246 2298 2478 2382 capla

212 2389 572 2484 profugi,
611 2400 787 2483 post
827 2391 1098 2482 longos
1134 2413 1470 2476 errores,
1523 2390 1594 2459 in
1628 2392 1924 2461 Latium
1970 2393 2351 2479 adventus,
2405 2402 2476 2463 et

222 2495 533 2565 condita
564 2493 659 2562 ab
699 2518 785 2563 eo
811 2494 886 2564 in
923 2495 1039 2563 his
1068 2495 1257 2584 locis
1293 2494 1781 2564 Troianorum
1814 2495 2102 2565 colonia
2143 2518 2475 2588 novaque

208 2608 510 2692 parata
566 2600 798 2669 sedes.
903 2591 1326 2667 Debebant
1375 2592 1575 2669 haec
1633 2606 1853 2669 certo
1913 2594 2246 2669 consilio
2305 2618 2475 2670 esse

220 2708 623 2795 suscepta3
706 2719 890 2771 cum
942 2707 1207 2770 autem
1256 2695 1607 2772 Troiano
1650 2694 1968 2770 homini
2018 2697 2137 2770 vix
2181 2698 2261 2771 in
2311 2699 2479 2772 ani-

217 2824 452 2873 mum
476 2801 752 2874 venire
787 2811 1097 2898 posset,
1149 2812 1240 2875 ut
1272 2800 1353 2873 in
1392 2799 1622 2873 terris
1656 2798 2110 2900 longinquis
2144 2813 2223 2874 et
2251 2800 2478 2897 igno-

220 2904 317 2978 tis
345 2915 656 2977 certum
699 2903 974 2977 animo
1009 2900 1503 3001 designatum
1532 2900 1802 2977 locum
1833 2916 2274 3003 quaereret,
2331 2928 2480 3004 op-

220 3019 574 3107 portune
619 3004 973 3082 adhibita
1012 3019 1196 3082 sunt
1215 3011 1409 3105 salu
1452 3034 1502 3080 a
1544 3013 1689 3082 diis
1731 3021 2176 3085 monsttatu.
2284 3008 2479 3102 Quis

224 3123 515 3186 autem
530 3134 697 3185 non
735 3106 971 3184 facile
1015 3108 1451 3206 intelligat
1431 3134 1590 3183 lam
1633 3109 1730 3184 ab
1768 3111 2032 3206 initio,
2085 3135 2261 3186 rem
2309 3135 2480 3187 esse

224 3236 636 3311 magnam,
694 3212 1063 3306 arduam,
1120 3226 1201 3288 et
1228 3211 1765 3288 admirationis
1809 3213 2298 3314 aliquantum
2339 3214 2466 3289 ha·

225 3316 599 3409 bentem‚
655 3315 881 3417 quod
911 3313 1297 3416 profugus
1329 3316 1604 3414 aliquis
1652 3341 1743 3392 ex
1782 3316 1984 3393 urbe
2033 3318 2349 3393 incensa
2402 3331 2482 3394 et

230 3419 404 3496 exul
439 3416 617 3494 fatis
648 3418 1171 3495 ducentibus
1152 3445 1233 3494 ιη
1266 3434 1431 3495 tam
1469 3419 1903 3542 longinqua
1932 3434 2164 3516 terra,
2222 3421 2299 3494 in
2331 3425 2479 3497 La-
2596 3415 2599 3422 ’

228 3524 378 3616 tio,
433 3546 681 3598 novas
730 3522 963 3598 sedes
1017 3524 1299 3623 ponit?
1378 3523 1599 3645 ‚Quis
1639 3548 1804 3598 non
1863 3525 1943 3600 in
1973 3526 2303 3600 summis
2337 3550 2481 3647 pe-

230 3625 493 3701 riculis
540 3651 629 3701 ac
687 3626 1311 3722 discriminibuS‚
1378 3627 1458 3700 in
1506 3627 2003 3724 navigatione
2057 3642 2135 3704 et
2168 3654 2354 3703 mox
2398 3629 2477 3703 in

230 3729 444 3806 Italia
507 3729 877 3825 obiectis,
961 3730 1206 3831 inque
1273 3728 1500 3805 malis
1565 3744 1697 3807 aut
1751 3729 2068 3807 sortiter
2133 3731 2483 3807 toleratis

231 3847 359 3910 aut
385 3836 748 3909 animose
784 3832 1168 3933 depulsiS‚
1220 3859 1512 3909 novam
1542 3833 2077 3911 admirationis
2124 3832 2485 3911 efficien-

235 3938 376 4014 dae
433 3937 703 4013 videat
744 3962 918 4012 esse
970 3939 1437 4028 materiam?
1518 3963 1668 4012 nec
1724 3941 1988 4014 minus
2035 3940 2115 4014 in
2164 3939 2484 4037 singulis

233 4044 593 4117 carminis
635 4040 1032 4142 partibuS,
1085 4043 1161 4115 in
1215 4041 1569 4117 motibus
1622 4055 1701 4116 et
1744 4040 2162 4118 affectibus
2215 4045 2478 4140 animi,

232 4147 303 4220 in
343 4145 745 4236 moribuS,
803 4145 1262 4222 sententiis?
1338 4157 1417 4220 et
1464 4144 1728 4221 eidem
1791 4147 2120 4222 consilio
2171 4173 2483 4223 accom-

229 4251 642 4327 modatum
698 4273 873 4323 esse
927 4249 1299 4324 orationis
1339 4243 1590 4347 genus
1638 4259 1717 4324 et
1750 4250 2104 4326 colorem
2140 4265 2219 4325 et
2250 4277 2483 4327 orna-

227 4365 541 4434 menta?
609 4357 707 4432 ln
740 4351 866 4427 his
913 4375 999 4426 ac
1034 4352 1417 4429 similibus
1454 4351 1789 4430 disertus
1829 4379 1997 4431 esse
2047 4368 2310 4455 potest
2364 4353 2481 4434 fa-

956 4687 996 4739 N
