<?xml version="1.0" encoding="UTF-8"?>
<!DOCTYPE html PUBLIC "-//W3C//DTD XHTML 1.0 Transitional//EN"
    "http://www.w3.org/TR/xhtml1/DTD/xhtml1-transitional.dtd">
<html xmlns="http://www.w3.org/1999/xhtml" xml:lang="en" lang="en">
 <head>
  <title>
</title>
<meta http-equiv="Content-Type" content="text/html;charset=utf-8" />
  <meta name='ocr-system' content='tesseract 3.04.00' />
  <meta name='ocr-capabilities' content='ocr_page ocr_carea ocr_par ocr_line ocrx_word'/>
</head>
<body>
  <div class='ocr_page' id='page_1' title='image "./pvblivsvirgiliv00sillgoog/pvblivsvirgiliv00sillgoog_0596.png"; bbox 0 0 2882 5028; ppageno 0'>
   <div class='ocr_carea' id='block_1_1' title="bbox 680 329 2389 410">
    <p class='ocr_par' dir='ltr' id='par_1_1' title="bbox 680 329 2389 410">
     <span class='ocr_line' id='line_1_1' title="bbox 680 329 2389 410; baseline 0.001 -2"><span class='ocrx_word' id='word_1_1' title='bbox 680 335 866 408; x_wconf 81' lang='lat' dir='ltr'><strong>AD</strong></span> <span class='ocrx_word' id='word_1_2' title='bbox 967 330 1618 408; x_wconf 85' lang='lat' dir='ltr'>LIBRUM</span> <span class='ocrx_word' id='word_1_3' title='bbox 1719 329 1859 410; x_wconf 91' lang='lat'><strong>111</strong></span> <span class='ocrx_word' id='word_1_4' title='bbox 2237 333 2389 410; x_wconf 76' lang='lat'><strong>673</strong></span> 
     </span>
    </p>
   </div>
   <div class='ocr_carea' id='block_1_2' title="bbox 174 520 2393 1292">
    <p class='ocr_par' dir='ltr' id='par_1_2' title="bbox 174 520 2393 1292">
     <span class='ocr_line' id='line_1_2' title="bbox 181 520 2378 603; baseline -0.006 -11"><span class='ocrx_word' id='word_1_5' title='bbox 181 526 267 602; x_wconf 77' lang='grc' dir='ltr'><strong>ΠΙ,</strong></span> <span class='ocrx_word' id='word_1_6' title='bbox 305 524 421 591; x_wconf 79' lang='lat'><strong>522</strong></span> <span class='ocrx_word' id='word_1_7' title='bbox 442 545 578 585; x_wconf 79' lang='lat' dir='ltr'><strong>cum</strong></span> <span class='ocrx_word' id='word_1_8' title='bbox 596 524 815 603; x_wconf 77' lang='lat' dir='ltr'><strong>procul</strong></span> <span class='ocrx_word' id='word_1_9' title='bbox 845 521 1122 582; x_wconf 72' lang='lat' dir='ltr'><strong>obscm&#39;oa</strong></span> <span class='ocrx_word' id='word_1_10' title='bbox 1150 523 1328 582; x_wconf 78' lang='lat' dir='ltr'><strong>colles</strong></span> <span class='ocrx_word' id='word_1_11' title='bbox 1357 520 1764 600; x_wconf 73' lang='lat' dir='ltr'><strong>humilemque</strong></span> <span class='ocrx_word' id='word_1_12' title='bbox 1804 520 2076 578; x_wconf 70' lang='lat' dir='ltr'><strong>videmus</strong></span> <span class='ocrx_word' id='word_1_13' title='bbox 2103 520 2378 578; x_wconf 78' lang='lat' dir='ltr'><strong>Italiam.</strong></span> 
     </span>
     <span class='ocr_line' id='line_1_3' title="bbox 180 603 2391 691; baseline -0.004 -20"><span class='ocrx_word' id='word_1_14' title='bbox 180 648 249 660; x_wconf 90' lang='lat'>—</span> <span class='ocrx_word' id='word_1_15' title='bbox 270 613 460 691; x_wconf 71' lang='lat' dir='ltr'><strong>Gyaro</strong></span> <span class='ocrx_word' id='word_1_16' title='bbox 495 611 657 670; x_wconf 79' lang='lat' dir='ltr'><strong>celsa</strong></span> <span class='ocrx_word' id='word_1_17' title='bbox 699 607 901 668; x_wconf 84' lang='lat' dir='ltr'><strong>iunxit</strong></span> <span class='ocrx_word' id='word_1_18' title='bbox 941 616 1161 667; x_wconf 84' lang='lat' dir='ltr'><strong>auctor</strong></span> <span class='ocrx_word' id='word_1_19' title='bbox 1201 607 1685 687; x_wconf 77' lang='lat' dir='ltr'><strong>Epigrammatis,</strong></span> <span class='ocrx_word' id='word_1_20' title='bbox 1736 605 1900 664; x_wconf 86' lang='lat' dir='ltr'><strong>inter</strong></span> <span class='ocrx_word' id='word_1_21' title='bbox 1941 603 2207 665; x_wconf 85' lang='lat' dir='ltr'><strong>Petronii</strong></span> <span class='ocrx_word' id='word_1_22' title='bbox 2260 605 2391 664; x_wconf 84' lang='lat' dir='ltr'><strong>fra-</strong></span> 
     </span>
     <span class='ocr_line' id='line_1_4' title="bbox 179 688 2390 779; baseline -0.002 -23"><span class='ocrx_word' id='word_1_23' title='bbox 179 707 408 779; x_wconf 85' lang='lat' dir='ltr'><strong>gmenta,</strong></span> <span class='ocrx_word' id='word_1_24' title='bbox 446 696 688 777; x_wconf 79' lang='lat' dir='ltr'><strong>repetiti</strong></span> <span class='ocrx_word' id='word_1_25' title='bbox 718 713 913 774; x_wconf 87' lang='lat' dir='ltr'><strong>nuper</strong></span> <span class='ocrx_word' id='word_1_26' title='bbox 939 693 1002 753; x_wconf 93' lang='lat' dir='ltr'><strong>in</strong></span> <span class='ocrx_word' id='word_1_27' title='bbox 1029 691 1274 753; x_wconf 82' lang='lat' dir='ltr'><strong>Anthol.</strong></span> <span class='ocrx_word' id='word_1_28' title='bbox 1297 693 1423 753; x_wconf 87' lang='lat' dir='ltr'><strong>Lat.</strong></span> <span class='ocrx_word' id='word_1_29' title='bbox 1455 714 1518 774; x_wconf 88' lang='lat' dir='ltr'><strong>p.</strong></span> <span class='ocrx_word' id='word_1_30' title='bbox 1540 692 1685 768; x_wconf 82' lang='lat'><strong>460,</strong></span> <span class='ocrx_word' id='word_1_31' title='bbox 1730 690 1894 768; x_wconf 90' lang='lat' dir='ltr'><strong>quod</strong></span> <span class='ocrx_word' id='word_1_32' title='bbox 1920 699 2123 750; x_wconf 90' lang='lat' dir='ltr'><strong>totum</strong></span> <span class='ocrx_word' id='word_1_33' title='bbox 2153 709 2231 748; x_wconf 79' lang='lat' dir='ltr'><strong>ex</strong></span> <span class='ocrx_word' id='word_1_34' title='bbox 2259 688 2322 751; x_wconf 86' lang='lat' dir='ltr'><strong>h.</strong></span> <span class='ocrx_word' id='word_1_35' title='bbox 2348 690 2390 751; x_wconf 84' lang='lat' dir='ltr'><strong>l.</strong></span> 
     </span>
     <span class='ocr_line' id='line_1_5' title="bbox 175 775 2392 865; baseline -0.003 -22"><span class='ocrx_word' id='word_1_36' title='bbox 175 802 522 865; x_wconf 83' lang='lat' dir='ltr'><strong>expressum,</strong></span> <span class='ocrx_word' id='word_1_37' title='bbox 575 800 754 860; x_wconf 90' lang='lat' dir='ltr'><strong>quem</strong></span> <span class='ocrx_word' id='word_1_38' title='bbox 798 799 936 838; x_wconf 88' lang='lat' dir='ltr'><strong>cum</strong></span> <span class='ocrx_word' id='word_1_39' title='bbox 989 797 1059 838; x_wconf 89' lang='lat' dir='ltr'><strong>eo</strong></span> <span class='ocrx_word' id='word_1_40' title='bbox 1108 778 1285 838; x_wconf 85' lang='lat' dir='ltr'><strong>docte</strong></span> <span class='ocrx_word' id='word_1_41' title='bbox 1337 777 1708 859; x_wconf 85' lang='lat' dir='ltr'><strong>comparavit</strong></span> <span class='ocrx_word' id='word_1_42' title='bbox 1749 775 1994 851; x_wconf 81' lang='lat' dir='ltr'><strong>Editor,</strong></span> <span class='ocrx_word' id='word_1_43' title='bbox 2059 785 2123 836; x_wconf 87' lang='lat' dir='ltr'><strong>et</strong></span> <span class='ocrx_word' id='word_1_44' title='bbox 2170 775 2392 836; x_wconf 88' lang='lat' dir='ltr'><strong>iterum</strong></span> 
     </span>
     <span class='ocr_line' id='line_1_6' title="bbox 177 860 2393 943; baseline -0.005 -11"><span class='ocrx_word' id='word_1_45' title='bbox 177 868 517 932; x_wconf 83' lang='lat' dir='ltr'><strong>Wernsdorf.</strong></span> <span class='ocrx_word' id='word_1_46' title='bbox 543 867 709 927; x_wconf 89' lang='lat' dir='ltr'><strong>Poet.</strong></span> <span class='ocrx_word' id='word_1_47' title='bbox 753 865 897 925; x_wconf 91' lang='lat' dir='ltr'><strong>min.</strong></span> <span class='ocrx_word' id='word_1_48' title='bbox 937 864 1007 924; x_wconf 88' lang='grc' dir='ltr'><strong>Τ.</strong></span> <span class='ocrx_word' id='word_1_49' title='bbox 1058 865 1129 926; x_wconf 89' lang='lat' dir='ltr'><strong>V.</strong></span> <span class='ocrx_word' id='word_1_50' title='bbox 1166 865 1231 924; x_wconf 81' lang='lat' dir='ltr'><strong>P.</strong></span> <span class='ocrx_word' id='word_1_51' title='bbox 1266 864 1364 925; x_wconf 89' lang='lat'><strong>111.</strong></span> <span class='ocrx_word' id='word_1_52' title='bbox 1410 883 1471 943; x_wconf 88' lang='lat' dir='ltr'><strong>p.</strong></span> <span class='ocrx_word' id='word_1_53' title='bbox 1515 868 1698 931; x_wconf 79' lang='lat'><strong>1362.</strong></span> <span class='ocrx_word' id='word_1_54' title='bbox 1785 861 1905 920; x_wconf 86' lang='lat' dir='ltr'><strong>Sed</strong></span> <span class='ocrx_word' id='word_1_55' title='bbox 1942 862 2102 921; x_wconf 81' lang='lat' dir='ltr'><strong>forte</strong></span> <span class='ocrx_word' id='word_1_56' title='bbox 2141 862 2194 921; x_wconf 87' lang='lat' dir='ltr'><strong>is</strong></span> <span class='ocrx_word' id='word_1_57' title='bbox 2226 860 2393 921; x_wconf 87' lang='lat' dir='ltr'><strong>anti-</strong></span> 
     </span>
     <span class='ocr_line' id='line_1_7' title="bbox 176 947 2392 1036; baseline -0.005 -19"><span class='ocrx_word' id='word_1_58' title='bbox 176 977 341 1036; x_wconf 82' lang='lat' dir='ltr'><strong>quum</strong></span> <span class='ocrx_word' id='word_1_59' title='bbox 373 954 706 1015; x_wconf 64' lang='lat' dir='ltr'><strong>verborum</strong></span> <span class='ocrx_word' id='word_1_60' title='bbox 759 950 1034 1011; x_wconf 83' lang='lat' dir='ltr'><strong>ordinem</strong></span> <span class='ocrx_word' id='word_1_61' title='bbox 1074 949 1141 1009; x_wconf 86' lang='lat' dir='ltr'><strong>in</strong></span> <span class='ocrx_word' id='word_1_62' title='bbox 1195 971 1306 1010; x_wconf 90' lang='lat' dir='ltr'><strong>suo</strong></span> <span class='ocrx_word' id='word_1_63' title='bbox 1347 950 1502 1009; x_wconf 86' lang='lat' dir='ltr'><strong>libro</strong></span> <span class='ocrx_word' id='word_1_64' title='bbox 1543 947 1866 1008; x_wconf 75' lang='lat' dir='ltr'>habuerat:</span> <span class='ocrx_word' id='word_1_65' title='bbox 1924 950 2189 1025; x_wconf 78' lang='lat' dir='ltr'><strong>Mycono</strong></span> <span class='ocrx_word' id='word_1_66' title='bbox 2228 948 2392 1006; x_wconf 75' lang='lat' dir='ltr'><strong>celsa</strong></span> 
     </span>
     <span class='ocr_line' id='line_1_8' title="bbox 178 1030 2392 1121; baseline -0.005 -19"><span class='ocrx_word' id='word_1_67' title='bbox 178 1043 507 1121; x_wconf 62' lang='lat' dir='ltr'><strong>Gyaroque.-</strong></span> <span class='ocrx_word' id='word_1_68' title='bbox 550 1057 610 1099; x_wconf 68' lang='grc' dir='ltr'><strong>ν.</strong></span> <span class='ocrx_word' id='word_1_69' title='bbox 637 1037 778 1098; x_wconf 88' lang='lat' dir='ltr'><strong>Var.</strong></span> <span class='ocrx_word' id='word_1_70' title='bbox 803 1037 965 1095; x_wconf 86' lang='lat' dir='ltr'><strong>Lect.</strong></span> <span class='ocrx_word' id='word_1_71' title='bbox 1007 1034 1201 1095; x_wconf 82' lang='lat' dir='ltr'><strong>Aliam</strong></span> <span class='ocrx_word' id='word_1_72' title='bbox 1214 1035 1331 1096; x_wconf 89' lang='lat' dir='ltr'><strong>loci</strong></span> <span class='ocrx_word' id='word_1_73' title='bbox 1350 1034 1745 1095; x_wconf 86' lang='lat' dir='ltr'><strong>imitationem</strong></span> <span class='ocrx_word' id='word_1_74' title='bbox 1769 1031 1937 1093; x_wconf 87' lang='lat' dir='ltr'><strong>dabit</strong></span> <span class='ocrx_word' id='word_1_75' title='bbox 1964 1033 2189 1091; x_wconf 85' lang='lat' dir='ltr'><strong>Statius</strong></span> <span class='ocrx_word' id='word_1_76' title='bbox 2205 1030 2392 1093; x_wconf 84' lang='lat' dir='ltr'><strong>Theb.</strong></span> 
     </span>
     <span class='ocr_line' id='line_1_9' title="bbox 175 1115 2393 1203; baseline -0.005 -16"><span class='ocrx_word' id='word_1_77' title='bbox 175 1127 257 1203; x_wconf 88' lang='lat'><strong>111,</strong></span> <span class='ocrx_word' id='word_1_78' title='bbox 288 1125 424 1192; x_wconf 83' lang='lat'><strong>438.</strong></span> <span class='ocrx_word' id='word_1_79' title='bbox 506 1123 720 1183; x_wconf 89' lang='lat' dir='ltr'><strong>Delum</strong></span> <span class='ocrx_word' id='word_1_80' title='bbox 747 1120 958 1183; x_wconf 84' lang='lat' dir='ltr'><strong>ceteris</strong></span> <span class='ocrx_word' id='word_1_81' title='bbox 982 1120 1192 1182; x_wconf 85' lang='lat' dir='ltr'><strong>insulis</strong></span> <span class='ocrx_word' id='word_1_82' title='bbox 1215 1122 1593 1181; x_wconf 78' lang='lat' dir='ltr'><strong>humiliorem</strong></span> <span class='ocrx_word' id='word_1_83' title='bbox 1622 1137 1765 1196; x_wconf 84' lang='lat' dir='ltr'><strong>esse,</strong></span> <span class='ocrx_word' id='word_1_84' title='bbox 1807 1115 2154 1179; x_wconf 87' lang='lat' dir='ltr'><strong>Wheelerus</strong></span> <span class='ocrx_word' id='word_1_85' title='bbox 2184 1116 2393 1177; x_wconf 86' lang='lat' dir='ltr'><strong>docuit</strong></span> 
     </span>
     <span class='ocr_line' id='line_1_10' title="bbox 174 1207 1615 1292; baseline -0.005 -20"><span class='ocrx_word' id='word_1_86' title='bbox 174 1214 404 1292; x_wconf 71' lang='lat' dir='ltr'><strong>Journey</strong></span> <span class='ocrx_word' id='word_1_87' title='bbox 441 1213 567 1271; x_wconf 74' lang='lat' dir='ltr'><strong>inco</strong></span> <span class='ocrx_word' id='word_1_88' title='bbox 609 1210 828 1270; x_wconf 79' lang='lat' dir='ltr'><strong>Greece</strong></span> <span class='ocrx_word' id='word_1_89' title='bbox 866 1226 928 1289; x_wconf 84' lang='lat' dir='ltr'><strong>p.</strong></span> <span class='ocrx_word' id='word_1_90' title='bbox 973 1207 1075 1273; x_wconf 85' lang='lat'><strong>58.</strong></span> <span class='ocrx_word' id='word_1_91' title='bbox 1596 1250 1615 1265; x_wconf 91' lang='lat'><strong>.</strong></span> 
     </span>
    </p>
   </div>
   <div class='ocr_carea' id='block_1_3' title="bbox 1062 1381 1480 1395">
    <p class='ocr_par' dir='ltr' id='par_1_3' title="bbox 1062 1381 1480 1395">
     <span class='ocr_line' id='line_1_11' title="bbox 1062 1381 1480 1395; baseline 0 3633"><span class='ocrx_word' id='word_1_92' title='bbox 1062 1381 1480 1395; x_wconf 95' lang='lat' dir='ltr'><strong> </strong></span> 
     </span>
    </p>
   </div>
   <div class='ocr_carea' id='block_1_4' title="bbox 757 1506 1787 1605">
    <p class='ocr_par' dir='ltr' id='par_1_4' title="bbox 757 1506 1787 1605">
     <span class='ocr_line' id='line_1_12' title="bbox 757 1506 1787 1605; baseline -0.012 0"><span class='ocrx_word' id='word_1_93' title='bbox 757 1508 1601 1605; x_wconf 87' lang='lat' dir='ltr'><strong>EXCURSUS</strong></span> <span class='ocrx_word' id='word_1_94' title='bbox 1699 1506 1787 1593; x_wconf 91' lang='lat' dir='ltr'><strong>V</strong></span> 
     </span>
    </p>
   </div>
   <div class='ocr_carea' id='block_1_5' title="bbox 512 1641 2035 1748">
    <p class='ocr_par' dir='ltr' id='par_1_5' title="bbox 512 1641 2035 1748">
     <span class='ocr_line' id='line_1_13' title="bbox 512 1641 2035 1748; baseline -0.009 -9"><span class='ocrx_word' id='word_1_95' title='bbox 512 1669 764 1738; x_wconf 81' lang='lat' dir='ltr'><strong><em>Teucri</em></strong></span> <span class='ocrx_word' id='word_1_96' title='bbox 803 1680 871 1736; x_wconf 78' lang='lat' dir='ltr'><strong>et</strong></span> <span class='ocrx_word' id='word_1_97' title='bbox 916 1641 1332 1733; x_wconf 73' lang='lat' dir='ltr'><strong>Teucrorum</strong></span> <span class='ocrx_word' id='word_1_98' title='bbox 1375 1687 1413 1731; x_wconf 85' lang='lat' dir='ltr'><strong>e</strong></span> <span class='ocrx_word' id='word_1_99' title='bbox 1460 1661 1667 1730; x_wconf 79' lang='lat' dir='ltr'><strong>Creta</strong></span> <span class='ocrx_word' id='word_1_100' title='bbox 1711 1660 2035 1748; x_wconf 71' lang='lat' dir='ltr'><strong>origines.</strong></span> 
     </span>
    </p>
   </div>
   <div class='ocr_carea' id='block_1_6' title="bbox 163 1816 2403 3713">
    <p class='ocr_par' dir='ltr' id='par_1_6' title="bbox 163 1816 2403 3713">
     <span class='ocr_line' id='line_1_14' title="bbox 318 1816 2390 1907; baseline -0.009 -17"><span class='ocrx_word' id='word_1_101' title='bbox 318 1830 413 1907; x_wconf 85' lang='lat'><strong>111,</strong></span> <span class='ocrx_word' id='word_1_102' title='bbox 460 1833 590 1897; x_wconf 82' lang='lat'><strong>102</strong></span> <span class='ocrx_word' id='word_1_103' title='bbox 623 1846 751 1906; x_wconf 83' lang='lat' dir='ltr'><strong>sqq.</strong></span> <span class='ocrx_word' id='word_1_104' title='bbox 807 1826 981 1885; x_wconf 68' lang='lat' dir='ltr'><strong>Geta</strong></span> <span class='ocrx_word' id='word_1_105' title='bbox 1024 1824 1195 1884; x_wconf 73' lang='lat' dir='ltr'><strong>Iovia</strong></span> <span class='ocrx_word' id='word_1_106' title='bbox 1221 1822 1440 1899; x_wconf 75' lang='lat' dir='ltr'><strong>magni</strong></span> <span class='ocrx_word' id='word_1_107' title='bbox 1479 1819 1673 1879; x_wconf 75' lang='lat' dir='ltr'><strong>medio</strong></span> <span class='ocrx_word' id='word_1_108' title='bbox 1710 1822 1869 1878; x_wconf 78' lang='lat' dir='ltr'><strong>iacet</strong></span> <span class='ocrx_word' id='word_1_109' title='bbox 1909 1816 2113 1876; x_wconf 61' lang='lat' dir='ltr'><strong>maula</strong></span> <span class='ocrx_word' id='word_1_110' title='bbox 2154 1816 2348 1873; x_wconf 75' lang='lat' dir='ltr'><strong>Ponto</strong></span> <span class='ocrx_word' id='word_1_111' title='bbox 2363 1835 2390 1888; x_wconf 77' lang='lat'><strong>,⁸</strong></span> 
     </span>
     <span class='ocr_line' id='line_1_15' title="bbox 174 1900 2397 1983; baseline -0.009 -6"><span class='ocrx_word' id='word_1_112' title='bbox 174 1916 341 1976; x_wconf 77' lang='lat' dir='ltr'><strong>Mons</strong></span> <span class='ocrx_word' id='word_1_113' title='bbox 380 1915 612 1976; x_wconf 71' lang='lat' dir='ltr'><strong>Idaeus</strong></span> <span class='ocrx_word' id='word_1_114' title='bbox 659 1911 766 1972; x_wconf 73' lang='lat' dir='ltr'><strong>ubi</strong></span> <span class='ocrx_word' id='word_1_115' title='bbox 785 1943 871 1957; x_wconf 90' lang='lat'>—</span> <span class='ocrx_word' id='word_1_116' title='bbox 893 1912 1219 1969; x_wconf 73' lang='lat' dir='ltr'><strong>Maximus</strong></span> <span class='ocrx_word' id='word_1_117' title='bbox 1258 1906 1414 1965; x_wconf 81' lang='lat' dir='ltr'><strong>unde</strong></span> <span class='ocrx_word' id='word_1_118' title='bbox 1435 1917 1622 1983; x_wconf 80' lang='lat' dir='ltr'><strong>pater</strong></span> <span class='ocrx_word' id='word_1_119' title='bbox 1643 1936 1730 1950; x_wconf 89' lang='lat'>—</span> <span class='ocrx_word' id='word_1_120' title='bbox 1774 1907 2037 1963; x_wconf 79' lang='lat' dir='ltr'><strong>Teucrus</strong></span> <span class='ocrx_word' id='word_1_121' title='bbox 2090 1900 2397 1958; x_wconf 69' lang='lat' dir='ltr'><strong>Rhoeteae</strong></span> 
     </span>
     <span class='ocr_line' id='line_1_16' title="bbox 163 1985 2398 2078; baseline -0.009 -15"><span class='ocrx_word' id='word_1_122' title='bbox 163 2005 406 2078; x_wconf 72' lang='lat' dir='ltr'><strong>primum</strong></span> <span class='ocrx_word' id='word_1_123' title='bbox 448 2016 537 2062; x_wconf 76' lang='lat' dir='ltr'><strong>est</strong></span> <span class='ocrx_word' id='word_1_124' title='bbox 571 2000 858 2060; x_wconf 68' lang='lat' dir='ltr'><strong>advectus</strong></span> <span class='ocrx_word' id='word_1_125' title='bbox 895 1994 985 2060; x_wconf 81' lang='lat' dir='ltr'><strong>ad</strong></span> <span class='ocrx_word' id='word_1_126' title='bbox 1005 2015 1164 2053; x_wconf 80' lang='lat' dir='ltr'><strong>oras.</strong></span> <span class='ocrx_word' id='word_1_127' title='bbox 1252 1991 1448 2051; x_wconf 87' lang='lat' dir='ltr'><strong>Locus</strong></span> <span class='ocrx_word' id='word_1_128' title='bbox 1486 1990 1648 2051; x_wconf 89' lang='lat' dir='ltr'><strong>inter</strong></span> <span class='ocrx_word' id='word_1_129' title='bbox 1683 1989 1955 2050; x_wconf 75' lang='lat' dir='ltr'>classicos</span> <span class='ocrx_word' id='word_1_130' title='bbox 1995 1985 2070 2048; x_wconf 91' lang='lat' dir='ltr'><strong>de</strong></span> <span class='ocrx_word' id='word_1_131' title='bbox 2098 1986 2306 2045; x_wconf 88' lang='lat' dir='ltr'><strong>Cretae</strong></span> <span class='ocrx_word' id='word_1_132' title='bbox 2335 1992 2398 2043; x_wconf 90' lang='lat' dir='ltr'><strong>et</strong></span> 
     </span>
     <span class='ocr_line' id='line_1_17' title="bbox 173 2073 2398 2166; baseline -0.007 -21"><span class='ocrx_word' id='word_1_133' title='bbox 173 2085 236 2145; x_wconf 88' lang='lat' dir='ltr'><strong>de</strong></span> <span class='ocrx_word' id='word_1_134' title='bbox 255 2087 500 2149; x_wconf 86' lang='lat' dir='ltr'><strong>Troadis</strong></span> <span class='ocrx_word' id='word_1_135' title='bbox 525 2083 874 2166; x_wconf 84' lang='lat' dir='ltr'><strong>originibus.</strong></span> <span class='ocrx_word' id='word_1_136' title='bbox 936 2078 1021 2139; x_wconf 88' lang='lat' dir='ltr'><strong>Ut</strong></span> <span class='ocrx_word' id='word_1_137' title='bbox 1052 2077 1342 2159; x_wconf 81' lang='lat' dir='ltr'>Apollinis</span> <span class='ocrx_word' id='word_1_138' title='bbox 1377 2075 1689 2136; x_wconf 90' lang='lat' dir='ltr'><strong>oraculum</strong></span> <span class='ocrx_word' id='word_1_139' title='bbox 1727 2074 1809 2134; x_wconf 87' lang='lat' dir='ltr'><strong>ad</strong></span> <span class='ocrx_word' id='word_1_140' title='bbox 1851 2073 2081 2133; x_wconf 83' lang='lat' dir='ltr'><strong>Italiam</strong></span> <span class='ocrx_word' id='word_1_141' title='bbox 2122 2079 2398 2152; x_wconf 86' lang='lat' dir='ltr'><strong>spectans</strong></span> 
     </span>
     <span class='ocr_line' id='line_1_18' title="bbox 172 2155 2397 2251; baseline -0.007 -20"><span class='ocrx_word' id='word_1_142' title='bbox 172 2171 237 2232; x_wconf 87' lang='lat' dir='ltr'><strong>de</strong></span> <span class='ocrx_word' id='word_1_143' title='bbox 273 2176 443 2235; x_wconf 85' lang='lat' dir='ltr'><strong>Creta</strong></span> <span class='ocrx_word' id='word_1_144' title='bbox 487 2173 1028 2251; x_wconf 82' lang='lat' dir='ltr'><strong>interpretaretur,</strong></span> <span class='ocrx_word' id='word_1_145' title='bbox 1096 2163 1266 2224; x_wconf 79' lang='lat' dir='ltr'><strong>facile</strong></span> <span class='ocrx_word' id='word_1_146' title='bbox 1306 2161 1517 2222; x_wconf 89' lang='lat' dir='ltr'><strong>induci</strong></span> <span class='ocrx_word' id='word_1_147' title='bbox 1557 2169 1799 2242; x_wconf 88' lang='lat' dir='ltr'><strong>poterat</strong></span> <span class='ocrx_word' id='word_1_148' title='bbox 1848 2179 2033 2219; x_wconf 80' lang='lat' dir='ltr'><strong>senex</strong></span> <span class='ocrx_word' id='word_1_149' title='bbox 2091 2155 2397 2217; x_wconf 80' lang='lat' dir='ltr'><strong>Anchises.</strong></span> 
     </span>
     <span class='ocr_line' id='line_1_19' title="bbox 170 2246 2397 2330; baseline -0.008 -13"><span class='ocrx_word' id='word_1_150' title='bbox 170 2259 393 2330; x_wconf 78' lang='lat' dir='ltr'><strong>Namet</strong></span> <span class='ocrx_word' id='word_1_151' title='bbox 429 2258 681 2320; x_wconf 89' lang='lat' dir='ltr'><strong>omnino</strong></span> <span class='ocrx_word' id='word_1_152' title='bbox 716 2255 874 2315; x_wconf 88' lang='lat' dir='ltr'><strong>inter</strong></span> <span class='ocrx_word' id='word_1_153' title='bbox 904 2252 1144 2311; x_wconf 83' lang='lat' dir='ltr'><strong>Cretam</strong></span> <span class='ocrx_word' id='word_1_154' title='bbox 1180 2258 1264 2320; x_wconf 55' lang='lat' dir='ltr'><strong>et,</strong></span> <span class='ocrx_word' id='word_1_155' title='bbox 1285 2246 1604 2327; x_wconf 81' lang='lat' dir='ltr'><strong>Phrygiam</strong></span> <span class='ocrx_word' id='word_1_156' title='bbox 1650 2246 1903 2326; x_wconf 75' lang='lat' dir='ltr'><strong>origines</strong></span> <span class='ocrx_word' id='word_1_157' title='bbox 1933 2246 2183 2305; x_wconf 82' lang='lat' dir='ltr'><strong>fuerunt</strong></span> <span class='ocrx_word' id='word_1_158' title='bbox 2226 2262 2397 2302; x_wconf 87' lang='lat' dir='ltr'><strong>com-</strong></span> 
     </span>
     <span class='ocr_line' id='line_1_20' title="bbox 170 2326 2397 2424; baseline -0.011 -14"><span class='ocrx_word' id='word_1_159' title='bbox 170 2366 384 2424; x_wconf 85' lang='lat' dir='ltr'><strong>munes,</strong></span> <span class='ocrx_word' id='word_1_160' title='bbox 442 2356 505 2408; x_wconf 89' lang='lat' dir='ltr'><strong>et</strong></span> <span class='ocrx_word' id='word_1_161' title='bbox 553 2341 852 2421; x_wconf 79' lang='lat' dir='ltr'><strong>Phrygiae</strong></span> <span class='ocrx_word' id='word_1_162' title='bbox 903 2335 1185 2410; x_wconf 87' lang='lat' dir='ltr'><strong>minoris,</strong></span> <span class='ocrx_word' id='word_1_163' title='bbox 1256 2353 1364 2393; x_wconf 87' lang='lat' dir='ltr'><strong>seu</strong></span> <span class='ocrx_word' id='word_1_164' title='bbox 1409 2331 1695 2409; x_wconf 90' lang='lat' dir='ltr'><strong>Troadis,</strong></span> <span class='ocrx_word' id='word_1_165' title='bbox 1752 2330 2122 2405; x_wconf 86' lang='lat' dir='ltr'><strong>conditores,</strong></span> <span class='ocrx_word' id='word_1_166' title='bbox 2178 2326 2397 2388; x_wconf 85' lang='lat' dir='ltr'><strong>Teucri</strong></span> 
     </span>
     <span class='ocr_line' id='line_1_21' title="bbox 170 2413 2397 2507; baseline -0.009 -14"><span class='ocrx_word' id='word_1_167' title='bbox 170 2431 502 2507; x_wconf 80' lang='lat' dir='ltr'><strong>(secundum</strong></span> <span class='ocrx_word' id='word_1_168' title='bbox 536 2430 689 2491; x_wconf 86' lang='lat' dir='ltr'><strong>alios</strong></span> <span class='ocrx_word' id='word_1_169' title='bbox 707 2427 887 2486; x_wconf 84' lang='lat' dir='ltr'><strong>etiam</strong></span> <span class='ocrx_word' id='word_1_170' title='bbox 914 2418 1223 2503; x_wconf 87' lang='lat' dir='ltr'><strong>Dardanii)</strong></span> <span class='ocrx_word' id='word_1_171' title='bbox 1253 2438 1286 2478; x_wconf 94' lang='lat' dir='ltr'><strong>e</strong></span> <span class='ocrx_word' id='word_1_172' title='bbox 1326 2420 1503 2478; x_wconf 83' lang='lat' dir='ltr'><strong>Creta</strong></span> <span class='ocrx_word' id='word_1_173' title='bbox 1547 2427 1751 2480; x_wconf 86' lang='lat' dir='ltr'><strong>ortum</strong></span> <span class='ocrx_word' id='word_1_174' title='bbox 1794 2415 2092 2492; x_wconf 88' lang='lat' dir='ltr'><strong>habuere;</strong></span> <span class='ocrx_word' id='word_1_175' title='bbox 2148 2413 2397 2490; x_wconf 86' lang='lat' dir='ltr'><strong>accedit,</strong></span> 
     </span>
     <span class='ocr_line' id='line_1_22' title="bbox 171 2500 2398 2598; baseline -0.011 -15"><span class='ocrx_word' id='word_1_176' title='bbox 171 2520 315 2598; x_wconf 81' lang='lat' dir='ltr'><strong>quod</strong></span> <span class='ocrx_word' id='word_1_177' title='bbox 345 2530 451 2581; x_wconf 87' lang='lat' dir='ltr'><strong>aut</strong></span> <span class='ocrx_word' id='word_1_178' title='bbox 478 2519 547 2581; x_wconf 86' lang='lat' dir='ltr'><strong>in</strong></span> <span class='ocrx_word' id='word_1_179' title='bbox 576 2518 817 2577; x_wconf 85' lang='lat' dir='ltr'><strong>Cretam</strong></span> <span class='ocrx_word' id='word_1_180' title='bbox 850 2529 1021 2569; x_wconf 87' lang='lat' dir='ltr'><strong>sacra</strong></span> <span class='ocrx_word' id='word_1_181' title='bbox 1058 2518 1118 2567; x_wconf 89' lang='lat' dir='ltr'><strong>et</strong></span> <span class='ocrx_word' id='word_1_182' title='bbox 1142 2505 1453 2585; x_wconf 89' lang='lat' dir='ltr'><strong>religiones</strong></span> <span class='ocrx_word' id='word_1_183' title='bbox 1481 2504 1719 2585; x_wconf 81' lang='lat' dir='ltr'><strong>Dactyli</strong></span> <span class='ocrx_word' id='word_1_184' title='bbox 1755 2502 1917 2564; x_wconf 86' lang='lat' dir='ltr'><strong>Idaei</strong></span> <span class='ocrx_word' id='word_1_185' title='bbox 1954 2500 2398 2561; x_wconf 82' lang='lat' dir='ltr'><strong>transtulerunt</strong></span> 
     </span>
     <span class='ocr_line' id='line_1_23' title="bbox 171 2586 2399 2687; baseline -0.01 -22"><span class='ocrx_word' id='word_1_186' title='bbox 171 2622 240 2665; x_wconf 77' lang='lat' dir='ltr'><strong>ex</strong></span> <span class='ocrx_word' id='word_1_187' title='bbox 273 2605 565 2687; x_wconf 82' lang='lat' dir='ltr'><strong>Phrygia,</strong></span> <span class='ocrx_word' id='word_1_188' title='bbox 629 2609 738 2660; x_wconf 87' lang='lat' dir='ltr'><strong>aut</strong></span> <span class='ocrx_word' id='word_1_189' title='bbox 768 2596 1031 2675; x_wconf 79' lang='lat' dir='ltr'><strong>Phryges</strong></span> <span class='ocrx_word' id='word_1_190' title='bbox 1073 2610 1351 2672; x_wconf 88' lang='lat' dir='ltr'><strong>accepere</strong></span> <span class='ocrx_word' id='word_1_191' title='bbox 1390 2588 1707 2671; x_wconf 88' lang='lat' dir='ltr'><strong>religiones</strong></span> <span class='ocrx_word' id='word_1_192' title='bbox 1731 2610 1766 2648; x_wconf 91' lang='lat' dir='ltr'><strong>a</strong></span> <span class='ocrx_word' id='word_1_193' title='bbox 1792 2587 2111 2650; x_wconf 80' lang='lat' dir='ltr'><strong>Curetibus</strong></span> <span class='ocrx_word' id='word_1_194' title='bbox 2143 2606 2250 2645; x_wconf 91' lang='lat' dir='ltr'><strong>seu</strong></span> <span class='ocrx_word' id='word_1_195' title='bbox 2279 2586 2399 2644; x_wconf 81' lang='lat' dir='ltr'><strong>Co-</strong></span> 
     </span>
     <span class='ocr_line' id='line_1_24' title="bbox 171 2670 2400 2771; baseline -0.011 -19"><span class='ocrx_word' id='word_1_196' title='bbox 171 2690 503 2771; x_wconf 78' lang='lat' dir='ltr'><strong>rybantibus</strong></span> <span class='ocrx_word' id='word_1_197' title='bbox 543 2709 629 2749; x_wconf 79' lang='lat' dir='ltr'><strong>ex</strong></span> <span class='ocrx_word' id='word_1_198' title='bbox 668 2687 863 2746; x_wconf 86' lang='lat' dir='ltr'><strong>Creta.</strong></span> <span class='ocrx_word' id='word_1_199' title='bbox 947 2681 1097 2740; x_wconf 86' lang='lat' dir='ltr'><strong>Nam</strong></span> <span class='ocrx_word' id='word_1_200' title='bbox 1154 2687 1482 2755; x_wconf 82' lang='lat' dir='ltr'><strong>utrumque</strong></span> <span class='ocrx_word' id='word_1_201' title='bbox 1525 2676 1809 2741; x_wconf 80' lang='lat' dir='ltr'><strong>traditur.</strong></span> <span class='ocrx_word' id='word_1_202' title='bbox 1895 2675 2085 2733; x_wconf 87' lang='lat' dir='ltr'><strong>Locus</strong></span> <span class='ocrx_word' id='word_1_203' title='bbox 2124 2670 2400 2729; x_wconf 83' lang='lat' dir='ltr'><strong>classicus</strong></span> 
     </span>
     <span class='ocr_line' id='line_1_25' title="bbox 172 2755 2399 2857; baseline -0.009 -24"><span class='ocrx_word' id='word_1_204' title='bbox 172 2778 318 2857; x_wconf 82' lang='lat' dir='ltr'><strong>apud</strong></span> <span class='ocrx_word' id='word_1_205' title='bbox 330 2779 617 2838; x_wconf 78' lang='lat' dir='ltr'><strong>strabon.</strong></span> <span class='ocrx_word' id='word_1_206' title='bbox 651 2772 756 2833; x_wconf 88' lang='lat' dir='ltr'><strong>lib.</strong></span> <span class='ocrx_word' id='word_1_207' title='bbox 788 2770 867 2843; x_wconf 85' lang='lat' dir='ltr'><strong>X,</strong></span> <span class='ocrx_word' id='word_1_208' title='bbox 910 2787 970 2847; x_wconf 82' lang='lat' dir='ltr'><strong>p.</strong></span> <span class='ocrx_word' id='word_1_209' title='bbox 1002 2763 1130 2831; x_wconf 83' lang='lat'><strong>466</strong></span> <span class='ocrx_word' id='word_1_210' title='bbox 1152 2783 1281 2842; x_wconf 83' lang='lat' dir='ltr'><strong>sqq.</strong></span> <span class='ocrx_word' id='word_1_211' title='bbox 1311 2762 1559 2821; x_wconf 86' lang='lat' dir='ltr'><strong>Diodor.</strong></span> <span class='ocrx_word' id='word_1_212' title='bbox 1589 2762 1661 2837; x_wconf 90' lang='lat' dir='ltr'><strong>V,</strong></span> <span class='ocrx_word' id='word_1_213' title='bbox 1706 2782 1756 2822; x_wconf 87' lang='lat' dir='ltr'><strong>c.</strong></span> <span class='ocrx_word' id='word_1_214' title='bbox 1787 2760 1871 2827; x_wconf 88' lang='grc'><strong>64</strong></span> <span class='ocrx_word' id='word_1_215' title='bbox 1898 2779 2025 2837; x_wconf 83' lang='lat' dir='ltr'><strong>sqq.</strong></span> <span class='ocrx_word' id='word_1_216' title='bbox 2109 2755 2163 2816; x_wconf 79' lang='lat' dir='ltr'>A</span> <span class='ocrx_word' id='word_1_217' title='bbox 2191 2763 2399 2816; x_wconf 86' lang='lat' dir='ltr'><strong>nostro</strong></span> 
     </span>
     <span class='ocr_line' id='line_1_26' title="bbox 171 2840 2399 2941; baseline -0.01 -19"><span class='ocrx_word' id='word_1_218' title='bbox 171 2862 492 2941; x_wconf 83' lang='lat' dir='ltr'><strong>proditum:</strong></span> <span class='ocrx_word' id='word_1_219' title='bbox 547 2882 583 2922; x_wconf 85' lang='lat' dir='ltr'><strong>e</strong></span> <span class='ocrx_word' id='word_1_220' title='bbox 612 2859 788 2919; x_wconf 85' lang='lat' dir='ltr'><strong>Creta</strong></span> <span class='ocrx_word' id='word_1_221' title='bbox 819 2871 957 2914; x_wconf 90' lang='lat' dir='ltr'><strong>cum</strong></span> <span class='ocrx_word' id='word_1_222' title='bbox 979 2852 1212 2910; x_wconf 88' lang='lat' dir='ltr'><strong>Teucro</strong></span> <span class='ocrx_word' id='word_1_223' title='bbox 1254 2868 1420 2907; x_wconf 87' lang='lat' dir='ltr'><strong>sacra</strong></span> <span class='ocrx_word' id='word_1_224' title='bbox 1449 2846 1720 2925; x_wconf 84' lang='lat' dir='ltr'><strong>Cybeles,</strong></span> <span class='ocrx_word' id='word_1_225' title='bbox 1764 2853 1826 2904; x_wconf 89' lang='lat' dir='ltr'><strong>et</strong></span> <span class='ocrx_word' id='word_1_226' title='bbox 1859 2843 2102 2923; x_wconf 89' lang='lat' dir='ltr'><strong>quidem</strong></span> <span class='ocrx_word' id='word_1_227' title='bbox 2127 2840 2399 2921; x_wconf 87' lang='lat' dir='ltr'><strong>mystica,</strong></span> 
     </span>
     <span class='ocr_line' id='line_1_27' title="bbox 170 2929 2402 3022; baseline -0.011 -14"><span class='ocrx_word' id='word_1_228' title='bbox 170 2965 279 3007; x_wconf 80' lang='lat' dir='ltr'><strong>esse</strong></span> <span class='ocrx_word' id='word_1_229' title='bbox 312 2932 631 3022; x_wconf 48' lang='lat' dir='ltr'><strong>traducta}</strong></span> <span class='ocrx_word' id='word_1_230' title='bbox 697 2944 869 3003; x_wconf 78' lang='lat' dir='ltr'><strong>Hinc</strong></span> <span class='ocrx_word' id='word_1_231' title='bbox 915 2945 1109 2996; x_wconf 80' lang='lat' dir='ltr'><strong>mater</strong></span> <span class='ocrx_word' id='word_1_232' title='bbox 1155 2935 1375 2993; x_wconf 74' lang='lat' dir='ltr'><strong>cultrix</strong></span> <span class='ocrx_word' id='word_1_233' title='bbox 1420 2931 1669 3012; x_wconf 71' lang='lat' dir='ltr'><strong>Cybelae</strong></span> <span class='ocrx_word' id='word_1_234' title='bbox 1732 2929 2210 3009; x_wconf 75' lang='lat' dir='ltr'><strong>Corybantiaque</strong></span> <span class='ocrx_word' id='word_1_235' title='bbox 2254 2946 2402 2985; x_wconf 79' lang='lat' dir='ltr'><strong>aera</strong></span> 
     </span>
     <span class='ocr_line' id='line_1_28' title="bbox 172 3011 2402 3115; baseline -0.009 -25"><span class='ocrx_word' id='word_1_236' title='bbox 172 3032 520 3115; x_wconf 75' lang='lat' dir='ltr'><strong>Idaeumque</strong></span> <span class='ocrx_word' id='word_1_237' title='bbox 546 3050 760 3093; x_wconf 72' lang='lat' dir='ltr'><strong>mmm</strong></span> <span class='ocrx_word' id='word_1_238' title='bbox 769 3050 794 3101; x_wconf 89' lang='lat'><em>;</em></span> <span class='ocrx_word' id='word_1_239' title='bbox 838 3025 988 3092; x_wconf 61' lang='lat' dir='ltr'><strong>hine,</strong></span> <span class='ocrx_word' id='word_1_240' title='bbox 1001 3021 1152 3097; x_wconf 82' lang='lat' dir='ltr'><strong>fida</strong></span> <span class='ocrx_word' id='word_1_241' title='bbox 1185 3020 1426 3078; x_wconf 74' lang='lat' dir='ltr'><strong>silentia</strong></span> <span class='ocrx_word' id='word_1_242' title='bbox 1464 3020 1652 3076; x_wconf 76' lang='lat' dir='ltr'><strong>sacris</strong></span> <span class='ocrx_word' id='word_1_243' title='bbox 1689 3017 1773 3075; x_wconf 74' lang='lat' dir='ltr'><strong>Et</strong></span> <span class='ocrx_word' id='word_1_244' title='bbox 1813 3018 2003 3074; x_wconf 79' lang='lat' dir='ltr'><strong>iuncti</strong></span> <span class='ocrx_word' id='word_1_245' title='bbox 2027 3034 2263 3073; x_wconf 77' lang='lat' dir='ltr'><strong>curtum</strong></span> <span class='ocrx_word' id='word_1_246' title='bbox 2288 3011 2402 3070; x_wconf 88' lang='lat' dir='ltr'><strong>do-</strong></span> 
     </span>
     <span class='ocr_line' id='line_1_29' title="bbox 173 3097 2401 3188; baseline -0.011 -7"><span class='ocrx_word' id='word_1_247' title='bbox 173 3121 351 3179; x_wconf 81' lang='lat' dir='ltr'><strong>minae</strong></span> <span class='ocrx_word' id='word_1_248' title='bbox 375 3120 609 3181; x_wconf 71' lang='lat' dir='ltr'><strong>subiere</strong></span> <span class='ocrx_word' id='word_1_249' title='bbox 633 3117 848 3174; x_wconf 83' lang='lat' dir='ltr'><strong>leones.</strong></span> <span class='ocrx_word' id='word_1_250' title='bbox 896 3104 1160 3188; x_wconf 84' lang='lat' dir='ltr'><strong>Repetiti</strong></span> <span class='ocrx_word' id='word_1_251' title='bbox 1184 3112 1386 3164; x_wconf 89' lang='lat' dir='ltr'><strong>autem</strong></span> <span class='ocrx_word' id='word_1_252' title='bbox 1418 3102 1721 3162; x_wconf 89' lang='lat' dir='ltr'><strong>communi</strong></span> <span class='ocrx_word' id='word_1_253' title='bbox 1741 3099 2020 3181; x_wconf 89' lang='lat' dir='ltr'><strong>opinione</strong></span> <span class='ocrx_word' id='word_1_254' title='bbox 2046 3097 2263 3158; x_wconf 87' lang='lat' dir='ltr'><strong>Teucri</strong></span> <span class='ocrx_word' id='word_1_255' title='bbox 2290 3117 2401 3157; x_wconf 87' lang='lat' dir='ltr'><strong>na-</strong></span> 
     </span>
     <span class='ocr_line' id='line_1_30' title="bbox 173 3181 2401 3277; baseline -0.009 -14"><span class='ocrx_word' id='word_1_256' title='bbox 173 3203 304 3264; x_wconf 78' lang='lat' dir='ltr'><strong>tales</strong></span> <span class='ocrx_word' id='word_1_257' title='bbox 326 3226 401 3265; x_wconf 85' lang='lat' dir='ltr'><strong>ex</strong></span> <span class='ocrx_word' id='word_1_258' title='bbox 430 3207 647 3277; x_wconf 79' lang='lat' dir='ltr'><strong>Creta3</strong></span> <span class='ocrx_word' id='word_1_259' title='bbox 689 3197 798 3258; x_wconf 87' lang='lat' dir='ltr'><strong>etsi</strong></span> <span class='ocrx_word' id='word_1_260' title='bbox 821 3193 1004 3257; x_wconf 83' lang='lat' dir='ltr'><strong>Attici</strong></span> <span class='ocrx_word' id='word_1_261' title='bbox 1034 3191 1372 3271; x_wconf 84' lang='lat' dir='ltr'><strong>scriptores,</strong></span> <span class='ocrx_word' id='word_1_262' title='bbox 1401 3187 1847 3248; x_wconf 83' lang='lat' dir='ltr'><strong>Phanodemum</strong></span> <span class='ocrx_word' id='word_1_263' title='bbox 1875 3186 2118 3264; x_wconf 88' lang='lat' dir='ltr'><strong>Dionys.</strong></span> <span class='ocrx_word' id='word_1_264' title='bbox 2141 3183 2332 3243; x_wconf 87' lang='lat' dir='ltr'><strong>Halic.</strong></span> <span class='ocrx_word' id='word_1_265' title='bbox 2352 3181 2401 3265; x_wconf 88' lang='lat'><strong>1,</strong></span> 
     </span>
     <span class='ocr_line' id='line_1_31' title="bbox 176 3251 2398 3366; baseline -0.012 -13"><span class='ocrx_word' id='word_1_266' title='bbox 176 3289 241 3355; x_wconf 79' lang='lat'><strong>61</strong></span> <span class='ocrx_word' id='word_1_267' title='bbox 266 3293 502 3366; x_wconf 84' lang='lat' dir='ltr'><strong>excitat,</strong></span> <span class='ocrx_word' id='word_1_268' title='bbox 545 3286 786 3353; x_wconf 79' lang='lat' dir='ltr'><strong>Atticae</strong></span> <span class='ocrx_word' id='word_1_269' title='bbox 817 3301 918 3341; x_wconf 87' lang='lat' dir='ltr'><strong>eos</strong></span> <span class='ocrx_word' id='word_1_270' title='bbox 940 3276 1347 3340; x_wconf 82' lang='lat' dir='ltr'><strong>vindicabant.</strong></span> <span class='ocrx_word' id='word_1_271' title='bbox 1401 3273 1598 3334; x_wconf 86' lang='lat' dir='ltr'><strong>Multo</strong></span> <span class='ocrx_word' id='word_1_272' title='bbox 1639 3271 1963 3354; x_wconf 86' lang='lat' dir='ltr'><strong>sapientius</strong></span> <span class='ocrx_word' id='word_1_273' title='bbox 1986 3270 2088 3345; x_wconf 87' lang='lat' dir='ltr'><strong>illi,</strong></span> <span class='ocrx_word' id='word_1_274' title='bbox 2107 3251 2229 3348; x_wconf 68' lang='lat' dir='ltr'><strong>qui,</strong></span> <span class='ocrx_word' id='word_1_275' title='bbox 2248 3270 2398 3328; x_wconf 87' lang='lat' dir='ltr'><strong>Sca-</strong></span> 
     </span>
     <span class='ocr_line' id='line_1_32' title="bbox 176 3353 2403 3459; baseline -0.01 -24"><span class='ocrx_word' id='word_1_276' title='bbox 176 3377 388 3437; x_wconf 80' lang='lat' dir='ltr'><strong>mandri</strong></span> <span class='ocrx_word' id='word_1_277' title='bbox 427 3374 610 3437; x_wconf 75' lang='lat' dir='ltr'><strong>fluvii</strong></span> <span class='ocrx_word' id='word_1_278' title='bbox 651 3380 711 3431; x_wconf 86' lang='lat' dir='ltr'><strong>et</strong></span> <span class='ocrx_word' id='word_1_279' title='bbox 745 3364 1057 3449; x_wconf 85' lang='lat' dir='ltr'><strong>Nymphae</strong></span> <span class='ocrx_word' id='word_1_280' title='bbox 1091 3362 1301 3422; x_wconf 83' lang='lat' dir='ltr'><strong>Idaeae</strong></span> <span class='ocrx_word' id='word_1_281' title='bbox 1343 3359 1535 3420; x_wconf 86' lang='lat' dir='ltr'><strong>filium</strong></span> <span class='ocrx_word' id='word_1_282' title='bbox 1580 3378 1716 3419; x_wconf 88' lang='lat' dir='ltr'><strong>eum</strong></span> <span class='ocrx_word' id='word_1_283' title='bbox 1754 3357 2077 3459; x_wconf 78' lang='lat' dir='ltr'><strong>prodentes</strong></span> <span class='ocrx_word' id='word_1_284' title='bbox 2100 3353 2186 3437; x_wconf 83' lang='lat' dir='ltr'><strong>(v.</strong></span> <span class='ocrx_word' id='word_1_285' title='bbox 2209 3353 2403 3436; x_wconf 79' lang='lat' dir='ltr'><strong>Apol-</strong></span> 
     </span>
     <span class='ocr_line' id='line_1_33' title="bbox 175 3430 2403 3538; baseline -0.007 -23"><span class='ocrx_word' id='word_1_286' title='bbox 175 3457 348 3523; x_wconf 88' lang='lat' dir='ltr'><strong>lodor.</strong></span> <span class='ocrx_word' id='word_1_287' title='bbox 373 3462 477 3538; x_wconf 86' lang='lat'><strong>111,</strong></span> <span class='ocrx_word' id='word_1_288' title='bbox 527 3463 632 3534; x_wconf 81' lang='lat'><strong>12,</strong></span> <span class='ocrx_word' id='word_1_289' title='bbox 680 3453 762 3537; x_wconf 87' lang='lat'><strong>1),</strong></span> <span class='ocrx_word' id='word_1_290' title='bbox 814 3452 1138 3530; x_wconf 87' lang='lat' dir='ltr'><strong>indigetem</strong></span> <span class='ocrx_word' id='word_1_291' title='bbox 1183 3456 1245 3506; x_wconf 88' lang='lat' dir='ltr'><strong>et</strong></span> <span class='ocrx_word' id='word_1_292' title='bbox 1282 3446 1519 3524; x_wconf 86' lang='lat' dir='ltr'><strong>ignotae</strong></span> <span class='ocrx_word' id='word_1_293' title='bbox 1559 3430 1813 3525; x_wconf 56' lang='lat' dir='ltr'><strong>origini?</strong></span> <span class='ocrx_word' id='word_1_294' title='bbox 1836 3441 2165 3522; x_wconf 87' lang='lat' dir='ltr'><strong>significare</strong></span> <span class='ocrx_word' id='word_1_295' title='bbox 2188 3439 2403 3501; x_wconf 82' lang='lat' dir='ltr'><strong>volue-</strong></span> 
     </span>
     <span class='ocr_line' id='line_1_34' title="bbox 174 3524 2402 3627; baseline -0.01 -22"><span class='ocrx_word' id='word_1_296' title='bbox 174 3556 331 3623; x_wconf 83' lang='lat' dir='ltr'><strong>runt,</strong></span> <span class='ocrx_word' id='word_1_297' title='bbox 372 3568 407 3606; x_wconf 91' lang='lat' dir='ltr'><strong>a</strong></span> <span class='ocrx_word' id='word_1_298' title='bbox 433 3567 557 3627; x_wconf 87' lang='lat' dir='ltr'><strong>quo</strong></span> <span class='ocrx_word' id='word_1_299' title='bbox 584 3549 873 3621; x_wconf 85' lang='lat' dir='ltr'><strong>exceptus</strong></span> <span class='ocrx_word' id='word_1_300' title='bbox 901 3535 1215 3595; x_wconf 88' lang='lat' dir='ltr'><strong>Dardanus</strong></span> <span class='ocrx_word' id='word_1_301' title='bbox 1233 3532 1418 3592; x_wconf 90' lang='lat' dir='ltr'><strong>filiam</strong></span> <span class='ocrx_word' id='word_1_302' title='bbox 1445 3530 1677 3590; x_wconf 83' lang='lat' dir='ltr'><strong>Batiam</strong></span> <span class='ocrx_word' id='word_1_303' title='bbox 1712 3524 2022 3612; x_wconf 72' lang='grc' dir='ltr'>(Βάτειαν)</span> <span class='ocrx_word' id='word_1_304' title='bbox 2049 3535 2112 3587; x_wconf 90' lang='lat' dir='ltr'><strong>et</strong></span> <span class='ocrx_word' id='word_1_305' title='bbox 2134 3546 2402 3609; x_wconf 85' lang='lat' dir='ltr'><strong>regnum,</strong></span> 
     </span>
     <span class='ocr_line' id='line_1_35' title="bbox 177 3616 1544 3713; baseline -0.01 -25"><span class='ocrx_word' id='word_1_306' title='bbox 177 3625 229 3688; x_wconf 82' lang='lat' dir='ltr'><strong>h.</strong></span> <span class='ocrx_word' id='word_1_307' title='bbox 251 3649 299 3692; x_wconf 88' lang='lat' dir='ltr'><strong>e.</strong></span> <span class='ocrx_word' id='word_1_308' title='bbox 321 3653 546 3713; x_wconf 86' lang='lat' dir='ltr'><strong>agrum,</strong></span> <span class='ocrx_word' id='word_1_309' title='bbox 592 3646 774 3710; x_wconf 86' lang='lat' dir='ltr'><strong>quem</strong></span> <span class='ocrx_word' id='word_1_310' title='bbox 792 3626 917 3705; x_wconf 81' lang='lat' dir='ltr'><strong>ipse</strong></span> <span class='ocrx_word' id='word_1_311' title='bbox 941 3620 1216 3695; x_wconf 87' lang='lat' dir='ltr'><strong>tenebat,</strong></span> <span class='ocrx_word' id='word_1_312' title='bbox 1261 3616 1544 3678; x_wconf 83' lang='lat' dir='ltr'><strong>obtinuit.</strong></span> 
     </span>
    </p>
   </div>
   <div class='ocr_carea' id='block_1_7' title="bbox 1070 3794 1492 3807">
    <p class='ocr_par' dir='ltr' id='par_1_7' title="bbox 1070 3794 1492 3807">
     <span class='ocr_line' id='line_1_36' title="bbox 1070 3794 1492 3807; baseline 0 1221"><span class='ocrx_word' id='word_1_313' title='bbox 1070 3794 1492 3807; x_wconf 95' lang='lat' dir='ltr'><strong> </strong></span> 
     </span>
    </p>
   </div>
   <div class='ocr_carea' id='block_1_8' title="bbox 731 3896 1833 3997">
    <p class='ocr_par' dir='ltr' id='par_1_8' title="bbox 731 3896 1833 3997">
     <span class='ocr_line' id='line_1_37' title="bbox 731 3896 1833 3997; baseline -0.015 1"><span class='ocrx_word' id='word_1_314' title='bbox 731 3899 1583 3997; x_wconf 87' lang='lat' dir='ltr'><strong>EXCURSUS</strong></span> <span class='ocrx_word' id='word_1_315' title='bbox 1688 3896 1833 3983; x_wconf 90' lang='lat' dir='ltr'><strong>VI</strong></span> 
     </span>
    </p>
   </div>
   <div class='ocr_carea' id='block_1_9' title="bbox 180 4045 2405 4226">
    <p class='ocr_par' dir='ltr' id='par_1_9' title="bbox 180 4045 2405 4226">
     <span class='ocr_line' id='line_1_38' title="bbox 180 4045 2405 4153; baseline -0.009 -22"><span class='ocrx_word' id='word_1_316' title='bbox 180 4061 281 4133; x_wconf 85' lang='lat' dir='ltr'><strong>De</strong></span> <span class='ocrx_word' id='word_1_317' title='bbox 317 4067 654 4136; x_wconf 79' lang='lat' dir='ltr'><strong>Dardani</strong></span> <span class='ocrx_word' id='word_1_318' title='bbox 696 4060 1072 4153; x_wconf 81' lang='lat' dir='ltr'><strong>originibus</strong></span> <span class='ocrx_word' id='word_1_319' title='bbox 1116 4080 1197 4124; x_wconf 82' lang='lat' dir='ltr'><strong>ex</strong></span> <span class='ocrx_word' id='word_1_320' title='bbox 1235 4052 1557 4122; x_wconf 81' lang='lat' dir='ltr'><strong>Arcadia</strong></span> <span class='ocrx_word' id='word_1_321' title='bbox 1594 4049 1714 4119; x_wconf 82' lang='lat' dir='ltr'><strong>vel</strong></span> <span class='ocrx_word' id='word_1_322' title='bbox 1768 4074 1848 4119; x_wconf 77' lang='lat' dir='ltr'><strong>ex</strong></span> <span class='ocrx_word' id='word_1_323' title='bbox 1902 4045 2292 4136; x_wconf 62' lang='lat' dir='ltr'><strong>Zyrrlaenia</strong></span> <span class='ocrx_word' id='word_1_324' title='bbox 2345 4054 2405 4111; x_wconf 84' lang='lat' dir='ltr'><strong>et</strong></span> 
     </span>
     <span class='ocr_line' id='line_1_39' title="bbox 1032 4138 1553 4226; baseline -0.017 -15"><span class='ocrx_word' id='word_1_325' title='bbox 1032 4143 1195 4211; x_wconf 80' lang='lat' dir='ltr'><strong>urbe</strong></span> <span class='ocrx_word' id='word_1_326' title='bbox 1241 4138 1553 4226; x_wconf 71' lang='lat' dir='ltr'><strong>Corytho.</strong></span> 
     </span>
    </p>
   </div>
   <div class='ocr_carea' id='block_1_10' title="bbox 178 4291 2407 4474">
    <p class='ocr_par' dir='ltr' id='par_1_10' title="bbox 178 4291 2407 4474">
     <span class='ocr_line' id='line_1_40' title="bbox 335 4291 2404 4385; baseline -0.014 -17"><span class='ocrx_word' id='word_1_327' title='bbox 335 4306 430 4385; x_wconf 85' lang='lat'><strong>111,</strong></span> <span class='ocrx_word' id='word_1_328' title='bbox 481 4308 869 4373; x_wconf 82' lang='lat'><strong>167—171.</strong></span> <span class='ocrx_word' id='word_1_329' title='bbox 909 4334 996 4347; x_wconf 91' lang='lat'>-</span> <span class='ocrx_word' id='word_1_330' title='bbox 1036 4298 1179 4358; x_wconf 76' lang='lat' dir='ltr'><strong>hinc</strong></span> <span class='ocrx_word' id='word_1_331' title='bbox 1216 4296 1557 4358; x_wconf 77' lang='lat' dir='ltr'><strong>Dardanus</strong></span> <span class='ocrx_word' id='word_1_332' title='bbox 1601 4304 1790 4366; x_wconf 70' lang='lat' dir='ltr'><strong>onus,</strong></span> <span class='ocrx_word' id='word_1_333' title='bbox 1845 4291 2163 4366; x_wconf 77' lang='lat' dir='ltr'><strong>Iasiusque</strong></span> <span class='ocrx_word' id='word_1_334' title='bbox 2210 4294 2404 4362; x_wconf 76' lang='lat' dir='ltr'><strong>pater,</strong></span> 
     </span>
     <span class='ocr_line' id='line_1_41' title="bbox 178 4366 2407 4474; baseline -0.011 -19"><span class='ocrx_word' id='word_1_335' title='bbox 178 4409 355 4467; x_wconf 76' lang='lat' dir='ltr'><strong>genus</strong></span> <span class='ocrx_word' id='word_1_336' title='bbox 375 4414 420 4452; x_wconf 83' lang='lat' dir='ltr'><strong>a</strong></span> <span class='ocrx_word' id='word_1_337' title='bbox 445 4414 567 4474; x_wconf 78' lang='lat' dir='ltr'><strong>quo</strong></span> <span class='ocrx_word' id='word_1_338' title='bbox 590 4392 868 4471; x_wconf 76' lang='lat' dir='ltr'><strong>principe</strong></span> <span class='ocrx_word' id='word_1_339' title='bbox 891 4397 1159 4448; x_wconf 70' lang='lat' dir='ltr'><strong>nostrum</strong></span> <span class='ocrx_word' id='word_1_340' title='bbox 1184 4416 1267 4431; x_wconf 91' lang='lat'>—</span> <span class='ocrx_word' id='word_1_341' title='bbox 1304 4380 1628 4463; x_wconf 71' lang='lat' dir='ltr'><strong>Corythum</strong></span> <span class='ocrx_word' id='word_1_342' title='bbox 1652 4390 1948 4457; x_wconf 74' lang='lat' dir='ltr'><strong>ten-acque</strong></span> <span class='ocrx_word' id='word_1_343' title='bbox 1971 4371 2237 4452; x_wconf 70' lang='lat' dir='ltr'><strong>mquims</strong></span> <span class='ocrx_word' id='word_1_344' title='bbox 2266 4366 2407 4431; x_wconf 79' lang='lat' dir='ltr'><strong>Au-</strong></span> 
     </span>
    </p>
   </div>
  </div>
 </body>
</html>
