<?xml version="1.0" encoding="UTF-8"?>
<!DOCTYPE html PUBLIC "-//W3C//DTD XHTML 1.0 Transitional//EN"
    "http://www.w3.org/TR/xhtml1/DTD/xhtml1-transitional.dtd">
<html xmlns="http://www.w3.org/1999/xhtml" xml:lang="en" lang="en">
 <head>
  <title>
</title>
<meta http-equiv="Content-Type" content="text/html;charset=utf-8" />
  <meta name='ocr-system' content='tesseract 3.04.00' />
  <meta name='ocr-capabilities' content='ocr_page ocr_carea ocr_par ocr_line ocrx_word'/>
</head>
<body>
  <div class='ocr_page' id='page_1' title='image "./pvblivsvirgiliv00sillgoog_0240.png"; bbox 0 0 2882 5028; ppageno 0'>
   <div class='ocr_carea' id='block_1_1' title="bbox 816 407 2496 499">
    <p class='ocr_par' dir='ltr' id='par_1_1' title="bbox 816 407 2496 525">
     <span class='ocr_line' id='line_1_1' title="bbox 816 407 2496 499; baseline 0.003 -20"><span class='ocrx_word' id='word_1_1' title='bbox 816 407 1910 499; x_wconf 66' lang='lat' dir='ltr'><strong>ADL1ss-RUM1</strong></span> <span class='ocrx_word' id='word_1_2' title='bbox 2347 416 2496 488; x_wconf 76' lang='lat'><strong>229</strong></span> 
     </span>
    </p>
   </div>
   <div class='ocr_carea' id='block_1_2' title="bbox 180 596 2497 3252">
    <p class='ocr_par' dir='ltr' id='par_1_2' title="bbox 180 596 2497 762">
     <span class='ocr_line' id='line_1_2' title="bbox 180 596 2497 677; baseline 0.001 -21"><span class='ocrx_word' id='word_1_3' title='bbox 180 602 628 676; x_wconf 61' lang='lat' dir='ltr'><strong>gencinomm</strong></span> <span class='ocrx_word' id='word_1_4' title='bbox 670 596 899 671; x_wconf 75' lang='lat' dir='ltr'><strong>dedic,</strong></span> <span class='ocrx_word' id='word_1_5' title='bbox 968 596 1441 677; x_wconf 68' lang='lat' dir='ltr'><strong>armaquefirit</strong></span> <span class='ocrx_word' id='word_1_6' title='bbox 1495 596 1716 669; x_wconf 54' lang='grc' dir='ltr'><em>Ἰῖυἴας</em></span> <span class='ocrx_word' id='word_1_7' title='bbox 1775 617 1934 654; x_wconf 75' lang='lat' dir='ltr'><strong>nunc</strong></span> <span class='ocrx_word' id='word_1_8' title='bbox 1975 596 2235 674; x_wconf 78' lang='lat' dir='ltr'><strong>placida</strong></span> <span class='ocrx_word' id='word_1_9' title='bbox 2270 617 2497 677; x_wconf 82' lang='lat' dir='ltr'><strong>conpo—</strong></span> 
     </span>
     <span class='ocr_line' id='line_1_3' title="bbox 185 676 2261 762; baseline -0.002 -19"><span class='ocrx_word' id='word_1_10' title='bbox 185 697 312 743; x_wconf 74' lang='lat' dir='ltr'><strong>stus</strong></span> <span class='ocrx_word' id='word_1_11' title='bbox 334 704 509 761; x_wconf 68' lang='lat' dir='ltr'><strong>pace</strong></span> <span class='ocrx_word' id='word_1_12' title='bbox 539 686 839 762; x_wconf 68' lang='lat' dir='ltr'><strong>quiex-ie.</strong></span> <span class='ocrx_word' id='word_1_13' title='bbox 2244 676 2261 695; x_wconf 84' lang='lat'><em>&#39;</em></span> 
     </span>
    </p>

    <p class='ocr_par' dir='ltr' id='par_1_3' title="bbox 193 765 2496 1704">
     <span class='ocr_line' id='line_1_4' title="bbox 366 765 2496 845; baseline -0.001 -17"><span class='ocrx_word' id='word_1_14' title='bbox 366 768 519 828; x_wconf 84' lang='lat' dir='ltr'>Fuit</span> <span class='ocrx_word' id='word_1_15' title='bbox 551 767 854 827; x_wconf 76' lang='lat' dir='ltr'><strong>Antenor</strong></span> <span class='ocrx_word' id='word_1_16' title='bbox 883 766 1046 825; x_wconf 84' lang='lat' dir='ltr'><strong>inter</strong></span> <span class='ocrx_word' id='word_1_17' title='bbox 1074 786 1176 827; x_wconf 88' lang='lat' dir='ltr'><strong>eos</strong></span> <span class='ocrx_word' id='word_1_18' title='bbox 1195 810 1213 841; x_wconf 93' lang='lat'><strong>,</strong></span> <span class='ocrx_word' id='word_1_19' title='bbox 1257 766 1317 825; x_wconf 90' lang='lat' dir='ltr'><strong>in</strong></span> <span class='ocrx_word' id='word_1_20' title='bbox 1345 786 1606 845; x_wconf 86' lang='lat' dir='ltr'><strong>quorum</strong></span> <span class='ocrx_word' id='word_1_21' title='bbox 1648 766 1830 826; x_wconf 86' lang='lat' dir='ltr'><strong>rebus</strong></span> <span class='ocrx_word' id='word_1_22' title='bbox 1860 765 2148 829; x_wconf 87' lang='lat' dir='ltr'><strong>ornandis</strong></span> <span class='ocrx_word' id='word_1_23' title='bbox 2173 766 2215 825; x_wconf 88' lang='lat' dir='ltr'><strong>ii</strong></span> <span class='ocrx_word' id='word_1_24' title='bbox 2238 767 2496 828; x_wconf 82' lang='lat' dir='ltr'><strong>maxime</strong></span> 
     </span>
     <span class='ocr_line' id='line_1_5' title="bbox 193 852 2494 935; baseline -0 -22"><span class='ocrx_word' id='word_1_25' title='bbox 193 856 531 935; x_wconf 81' lang='lat' dir='ltr'><strong>scriptores</strong></span> <span class='ocrx_word' id='word_1_26' title='bbox 575 854 992 929; x_wconf 70' lang='lat' dir='ltr'><strong>laborarunt,</strong></span> <span class='ocrx_word' id='word_1_27' title='bbox 1052 853 1156 930; x_wconf 90' lang='lat' dir='ltr'><strong>qui</strong></span> <span class='ocrx_word' id='word_1_28' title='bbox 1199 853 1574 912; x_wconf 65' lang='lat' dir='ltr'><strong>narrationes</strong></span> <span class='ocrx_word' id='word_1_29' title='bbox 1614 852 1963 913; x_wconf 72' lang='lat' dir='ltr'><strong>Homer-icas</strong></span> <span class='ocrx_word' id='word_1_30' title='bbox 1985 853 2162 914; x_wconf 82' lang='lat' dir='ltr'><strong>novis</strong></span> <span class='ocrx_word' id='word_1_31' title='bbox 2187 872 2494 913; x_wconf 88' lang='lat' dir='ltr'><strong>commen-</strong></span> 
     </span>
     <span class='ocr_line' id='line_1_6' title="bbox 203 938 2494 1014; baseline 0 -16"><span class='ocrx_word' id='word_1_32' title='bbox 203 941 280 998; x_wconf 81' lang='lat' dir='ltr'><strong>tis</strong></span> <span class='ocrx_word' id='word_1_33' title='bbox 321 940 397 999; x_wconf 89' lang='lat' dir='ltr'><strong>de</strong></span> <span class='ocrx_word' id='word_1_34' title='bbox 427 960 550 1000; x_wconf 85' lang='lat' dir='ltr'><strong>suo</strong></span> <span class='ocrx_word' id='word_1_35' title='bbox 588 948 983 1014; x_wconf 87' lang='lat' dir='ltr'><strong>onerarunt;</strong></span> <span class='ocrx_word' id='word_1_36' title='bbox 1027 958 1148 997; x_wconf 88' lang='lat' dir='ltr'><strong>non</strong></span> <span class='ocrx_word' id='word_1_37' title='bbox 1191 938 1362 998; x_wconf 87' lang='lat' dir='ltr'><strong>aliter</strong></span> <span class='ocrx_word' id='word_1_38' title='bbox 1401 958 1475 998; x_wconf 87' lang='lat' dir='ltr'><strong>ac</strong></span> <span class='ocrx_word' id='word_1_39' title='bbox 1516 939 1566 999; x_wconf 86' lang='lat' dir='ltr'><strong>si</strong></span> <span class='ocrx_word' id='word_1_40' title='bbox 1602 938 1920 998; x_wconf 75' lang='lat' dir='ltr'><strong>delectatio</strong></span> <span class='ocrx_word' id='word_1_41' title='bbox 1956 938 2184 999; x_wconf 83' lang='lat' dir='ltr'><strong>amere</strong></span> <span class='ocrx_word' id='word_1_42' title='bbox 2210 938 2494 999; x_wconf 84' lang='lat' dir='ltr'><strong>sabulosis</strong></span> 
     </span>
     <span class='ocr_line' id='line_1_7' title="bbox 208 1023 2491 1103; baseline 0.001 -20"><span class='ocrx_word' id='word_1_43' title='bbox 208 1036 270 1084; x_wconf 74' lang='lat' dir='ltr'><strong>et</strong></span> <span class='ocrx_word' id='word_1_44' title='bbox 294 1037 524 1086; x_wconf 78' lang='lat' dir='ltr'><strong>temere</strong></span> <span class='ocrx_word' id='word_1_45' title='bbox 561 1026 783 1085; x_wconf 82' lang='lat' dir='ltr'><strong>effusis</strong></span> <span class='ocrx_word' id='word_1_46' title='bbox 822 1025 1123 1103; x_wconf 83' lang='lat' dir='ltr'><strong>figmentis</strong></span> <span class='ocrx_word' id='word_1_47' title='bbox 1162 1023 1658 1103; x_wconf 82' lang='lat' dir='ltr'><strong>proficisceretur.</strong></span> <span class='ocrx_word' id='word_1_48' title='bbox 1744 1024 1979 1084; x_wconf 84' lang='lat' dir='ltr'><strong>Scilicet</strong></span> <span class='ocrx_word' id='word_1_49' title='bbox 2018 1045 2140 1084; x_wconf 87' lang='lat' dir='ltr'><strong>non</strong></span> <span class='ocrx_word' id='word_1_50' title='bbox 2184 1024 2491 1102; x_wconf 85' lang='lat' dir='ltr'><strong>tenebant,</strong></span> 
     </span>
     <span class='ocr_line' id='line_1_8' title="bbox 215 1108 2492 1190; baseline -0 -19"><span class='ocrx_word' id='word_1_51' title='bbox 215 1112 602 1171; x_wconf 69' lang='lat' dir='ltr'><strong>narrationes</strong></span> <span class='ocrx_word' id='word_1_52' title='bbox 642 1111 787 1170; x_wconf 88' lang='lat' dir='ltr'><strong>illas</strong></span> <span class='ocrx_word' id='word_1_53' title='bbox 808 1109 1163 1169; x_wconf 86' lang='lat' dir='ltr'><strong>Homericas</strong></span> <span class='ocrx_word' id='word_1_54' title='bbox 1190 1108 1309 1168; x_wconf 86' lang='lat' dir='ltr'><strong>fide</strong></span> <span class='ocrx_word' id='word_1_55' title='bbox 1336 1110 1634 1170; x_wconf 88' lang='lat' dir='ltr'><strong>maiorum</strong></span> <span class='ocrx_word' id='word_1_56' title='bbox 1649 1155 1667 1186; x_wconf 92' lang='lat'><em>‚</em></span> <span class='ocrx_word' id='word_1_57' title='bbox 1712 1111 1867 1170; x_wconf 81' lang='lat' dir='ltr'><strong>sama</strong></span> <span class='ocrx_word' id='word_1_58' title='bbox 1900 1111 2178 1189; x_wconf 86' lang='lat' dir='ltr'><strong>antiqua,</strong></span> <span class='ocrx_word' id='word_1_59' title='bbox 2222 1119 2492 1190; x_wconf 87' lang='lat' dir='ltr'><strong>acceptas</strong></span> 
     </span>
     <span class='ocr_line' id='line_1_9' title="bbox 214 1194 2495 1276; baseline 0.001 -21"><span class='ocrx_word' id='word_1_60' title='bbox 214 1216 292 1255; x_wconf 82' lang='lat' dir='ltr'><strong>ex</strong></span> <span class='ocrx_word' id='word_1_61' title='bbox 317 1199 560 1275; x_wconf 84' lang='lat' dir='ltr'><strong>antiqui</strong></span> <span class='ocrx_word' id='word_1_62' title='bbox 602 1196 861 1274; x_wconf 86' lang='lat' dir='ltr'><strong>quidem</strong></span> <span class='ocrx_word' id='word_1_63' title='bbox 893 1194 1183 1255; x_wconf 85' lang='lat' dir='ltr'><strong>sermonis</strong></span> <span class='ocrx_word' id='word_1_64' title='bbox 1211 1195 1415 1256; x_wconf 89' lang='lat' dir='ltr'><strong>indole</strong></span> <span class='ocrx_word' id='word_1_65' title='bbox 1444 1205 1506 1255; x_wconf 87' lang='lat' dir='ltr'><strong>et</strong></span> <span class='ocrx_word' id='word_1_66' title='bbox 1535 1195 1838 1273; x_wconf 81' lang='lat' dir='ltr'><strong>formulis,</strong></span> <span class='ocrx_word' id='word_1_67' title='bbox 1882 1195 2258 1276; x_wconf 76' lang='lat' dir='ltr'><strong>opinionibus</strong></span> <span class='ocrx_word' id='word_1_68' title='bbox 2290 1194 2495 1256; x_wconf 86' lang='lat' dir='ltr'><strong>homi·</strong></span> 
     </span>
     <span class='ocr_line' id='line_1_10' title="bbox 216 1280 2493 1362; baseline -0 -21"><span class='ocrx_word' id='word_1_69' title='bbox 216 1302 362 1341; x_wconf 87' lang='lat' dir='ltr'><strong>uum</strong></span> <span class='ocrx_word' id='word_1_70' title='bbox 377 1328 396 1357; x_wconf 88' lang='lat'><strong>,</strong></span> <span class='ocrx_word' id='word_1_71' title='bbox 462 1292 809 1361; x_wconf 81' lang='lat' dir='ltr'><strong>motaeque</strong></span> <span class='ocrx_word' id='word_1_72' title='bbox 844 1282 1063 1341; x_wconf 88' lang='lat' dir='ltr'><strong>mentis</strong></span> <span class='ocrx_word' id='word_1_73' title='bbox 1101 1280 1331 1361; x_wconf 85' lang='lat' dir='ltr'><strong>impetu</strong></span> <span class='ocrx_word' id='word_1_74' title='bbox 1344 1327 1362 1358; x_wconf 95' lang='lat'><strong>,</strong></span> <span class='ocrx_word' id='word_1_75' title='bbox 1432 1280 1787 1362; x_wconf 87' lang='lat' dir='ltr'><strong>poeticoque</strong></span> <span class='ocrx_word' id='word_1_76' title='bbox 1836 1291 2060 1343; x_wconf 88' lang='lat' dir='ltr'><strong>ornatu</strong></span> <span class='ocrx_word' id='word_1_77' title='bbox 2076 1325 2096 1358; x_wconf 90' lang='lat'><strong>,</strong></span> <span class='ocrx_word' id='word_1_78' title='bbox 2166 1281 2493 1341; x_wconf 84' lang='lat' dir='ltr'><strong>adscititios</strong></span> 
     </span>
     <span class='ocr_line' id='line_1_11' title="bbox 214 1366 2490 1444; baseline -0 -16"><span class='ocrx_word' id='word_1_79' title='bbox 214 1369 446 1428; x_wconf 80' lang='lat' dir='ltr'><strong>colores</strong></span> <span class='ocrx_word' id='word_1_80' title='bbox 507 1368 819 1444; x_wconf 73' lang='lat' dir='ltr'><strong>traxisse,</strong></span> <span class='ocrx_word' id='word_1_81' title='bbox 875 1388 1020 1427; x_wconf 82' lang='lat' dir='ltr'><strong>mox</strong></span> <span class='ocrx_word' id='word_1_82' title='bbox 1072 1367 1280 1425; x_wconf 87' lang='lat' dir='ltr'><strong>multis</strong></span> <span class='ocrx_word' id='word_1_83' title='bbox 1332 1368 1529 1427; x_wconf 89' lang='lat' dir='ltr'><strong>modis</strong></span> <span class='ocrx_word' id='word_1_84' title='bbox 1575 1376 1639 1427; x_wconf 90' lang='lat' dir='ltr'><strong>et</strong></span> <span class='ocrx_word' id='word_1_85' title='bbox 1694 1367 1902 1427; x_wconf 85' lang='lat' dir='ltr'><strong>multis</strong></span> <span class='ocrx_word' id='word_1_86' title='bbox 1956 1367 2034 1427; x_wconf 90' lang='lat' dir='ltr'><strong>de</strong></span> <span class='ocrx_word' id='word_1_87' title='bbox 2083 1367 2338 1444; x_wconf 88' lang='lat' dir='ltr'><strong>caussis,</strong></span> <span class='ocrx_word' id='word_1_88' title='bbox 2425 1366 2490 1427; x_wconf 89' lang='lat' dir='ltr'><strong>in</strong></span> 
     </span>
     <span class='ocr_line' id='line_1_12' title="bbox 215 1452 2484 1534; baseline 0 -21"><span class='ocrx_word' id='word_1_89' title='bbox 215 1455 284 1512; x_wconf 89' lang='lat' dir='ltr'><strong>in</strong></span> <span class='ocrx_word' id='word_1_90' title='bbox 313 1454 690 1513; x_wconf 78' lang='lat' dir='ltr'><strong>carminibus</strong></span> <span class='ocrx_word' id='word_1_91' title='bbox 721 1453 1124 1534; x_wconf 82' lang='lat' dir='ltr'><strong>cyclicorum,</strong></span> <span class='ocrx_word' id='word_1_92' title='bbox 1167 1452 1501 1532; x_wconf 84' lang='lat' dir='ltr'><strong>lyricorum</strong></span> <span class='ocrx_word' id='word_1_93' title='bbox 1536 1462 1600 1511; x_wconf 90' lang='lat' dir='ltr'><strong>et</strong></span> <span class='ocrx_word' id='word_1_94' title='bbox 1634 1452 1999 1533; x_wconf 72' lang='lat' dir='ltr'><strong>tragicorum</strong></span> <span class='ocrx_word' id='word_1_95' title='bbox 2041 1471 2164 1511; x_wconf 87' lang='lat' dir='ltr'><strong>esse</strong></span> <span class='ocrx_word' id='word_1_96' title='bbox 2209 1452 2484 1514; x_wconf 80' lang='lat' dir='ltr'><strong>variatas.</strong></span> 
     </span>
     <span class='ocr_line' id='line_1_13' title="bbox 225 1537 2487 1619; baseline -0 -21"><span class='ocrx_word' id='word_1_97' title='bbox 225 1538 313 1598; x_wconf 83' lang='lat' dir='ltr'><strong>At</strong></span> <span class='ocrx_word' id='word_1_98' title='bbox 335 1540 430 1598; x_wconf 87' lang='lat' dir='ltr'><strong>illi</strong></span> <span class='ocrx_word' id='word_1_99' title='bbox 457 1537 739 1599; x_wconf 79' lang='lat' dir='ltr'><strong>homines</strong></span> <span class='ocrx_word' id='word_1_100' title='bbox 770 1538 1013 1598; x_wconf 87' lang='lat' dir='ltr'><strong>laudem</strong></span> <span class='ocrx_word' id='word_1_101' title='bbox 1051 1538 1420 1616; x_wconf 75' lang='lat' dir='ltr'><strong>quaerebant</strong></span> <span class='ocrx_word' id='word_1_102' title='bbox 1456 1559 1533 1597; x_wconf 80' lang='lat' dir='ltr'><strong>ex</strong></span> <span class='ocrx_word' id='word_1_103' title='bbox 1563 1558 1662 1615; x_wconf 90' lang='lat' dir='ltr'><strong>eo,</strong></span> <span class='ocrx_word' id='word_1_104' title='bbox 1706 1538 1870 1617; x_wconf 89' lang='lat' dir='ltr'><strong>quod</strong></span> <span class='ocrx_word' id='word_1_105' title='bbox 1905 1558 2034 1615; x_wconf 89' lang='lat' dir='ltr'><strong>res,</strong></span> <span class='ocrx_word' id='word_1_106' title='bbox 2077 1555 2224 1619; x_wconf 84' lang='lat' dir='ltr'><strong>quas</strong></span> <span class='ocrx_word' id='word_1_107' title='bbox 2261 1538 2487 1598; x_wconf 87' lang='lat' dir='ltr'><strong>Home-</strong></span> 
     </span>
     <span class='ocr_line' id='line_1_14' title="bbox 227 1616 2488 1704; baseline 0 -20"><span class='ocrx_word' id='word_1_108' title='bbox 227 1645 341 1684; x_wconf 84' lang='lat' dir='ltr'><strong>rus</strong></span> <span class='ocrx_word' id='word_1_109' title='bbox 366 1644 478 1682; x_wconf 83' lang='lat' dir='ltr'><strong>seu</strong></span> <span class='ocrx_word' id='word_1_110' title='bbox 495 1625 848 1684; x_wconf 72' lang='lat' dir='ltr'><strong>summatim</strong></span> <span class='ocrx_word' id='word_1_111' title='bbox 875 1633 1238 1704; x_wconf 69' lang='lat' dir='ltr'><strong>exposuerat</strong></span> <span class='ocrx_word' id='word_1_112' title='bbox 1254 1668 1272 1699; x_wconf 92' lang='lat'><strong>,</strong></span> <span class='ocrx_word' id='word_1_113' title='bbox 1316 1644 1422 1683; x_wconf 90' lang='lat' dir='ltr'><strong>seu</strong></span> <span class='ocrx_word' id='word_1_114' title='bbox 1463 1626 1716 1685; x_wconf 84' lang='lat' dir='ltr'><strong>strictim</strong></span> <span class='ocrx_word' id='word_1_115' title='bbox 1745 1616 2159 1704; x_wconf 74' lang='lat' dir='ltr'><strong>percurrerat,</strong></span> <span class='ocrx_word' id='word_1_116' title='bbox 2200 1625 2266 1683; x_wconf 87' lang='lat' dir='ltr'><strong>in</strong></span> <span class='ocrx_word' id='word_1_117' title='bbox 2294 1623 2488 1684; x_wconf 83' lang='lat' dir='ltr'><strong>histo-</strong></span> 
     </span>
    </p>

    <p class='ocr_par' dir='ltr' id='par_1_4' title="bbox 212 1708 2489 3252">
     <span class='ocr_line' id='line_1_15' title="bbox 235 1708 2487 1791; baseline -0.001 -22"><span class='ocrx_word' id='word_1_118' title='bbox 235 1710 390 1786; x_wconf 74' lang='lat' dir='ltr'><strong>rias,</strong></span> <span class='ocrx_word' id='word_1_119' title='bbox 431 1712 661 1791; x_wconf 84' lang='lat' dir='ltr'><strong>copiose</strong></span> <span class='ocrx_word' id='word_1_120' title='bbox 691 1720 759 1770; x_wconf 85' lang='lat' dir='ltr'><strong>et</strong></span> <span class='ocrx_word' id='word_1_121' title='bbox 782 1709 1006 1775; x_wconf 67' lang='lat' dir='ltr'><strong>ordine,</strong></span> <span class='ocrx_word' id='word_1_122' title='bbox 1037 1708 1344 1786; x_wconf 88' lang='lat' dir='ltr'><strong>omnibus,</strong></span> <span class='ocrx_word' id='word_1_123' title='bbox 1389 1728 1541 1788; x_wconf 87' lang='lat' dir='ltr'><strong>quae</strong></span> <span class='ocrx_word' id='word_1_124' title='bbox 1579 1709 1938 1781; x_wconf 83' lang='lat' dir='ltr'><strong>inciderant,</strong></span> <span class='ocrx_word' id='word_1_125' title='bbox 1981 1710 2292 1783; x_wconf 80' lang='lat' dir='ltr'><strong>enarratis,</strong></span> <span class='ocrx_word' id='word_1_126' title='bbox 2340 1729 2487 1768; x_wconf 87' lang='lat' dir='ltr'><strong>con-</strong></span> 
     </span>
     <span class='ocr_line' id='line_1_16' title="bbox 235 1794 2488 1856; baseline 0 -2"><span class='ocrx_word' id='word_1_127' title='bbox 235 1796 550 1855; x_wconf 77' lang='lat' dir='ltr'><strong>vertebant</strong></span> <span class='ocrx_word' id='word_1_128' title='bbox 580 1805 693 1855; x_wconf 86' lang='lat' dir='ltr'><strong>aut</strong></span> <span class='ocrx_word' id='word_1_129' title='bbox 724 1796 1032 1856; x_wconf 86' lang='lat' dir='ltr'><strong>clarorum</strong></span> <span class='ocrx_word' id='word_1_130' title='bbox 1060 1794 1317 1855; x_wconf 86' lang='lat' dir='ltr'><strong>heroum</strong></span> <span class='ocrx_word' id='word_1_131' title='bbox 1344 1795 1685 1856; x_wconf 73' lang='lat' dir='ltr'><strong>nominibus</strong></span> <span class='ocrx_word' id='word_1_132' title='bbox 1721 1797 1882 1855; x_wconf 82' lang='lat' dir='ltr'><strong>sacta</strong></span> <span class='ocrx_word' id='word_1_133' title='bbox 1926 1804 1989 1855; x_wconf 85' lang='lat' dir='ltr'><strong>et</strong></span> <span class='ocrx_word' id='word_1_134' title='bbox 2029 1796 2151 1854; x_wconf 85' lang='lat' dir='ltr'><strong>fata</strong></span> <span class='ocrx_word' id='word_1_135' title='bbox 2182 1813 2488 1854; x_wconf 89' lang='lat' dir='ltr'><strong>commen-</strong></span> 
     </span>
     <span class='ocr_line' id='line_1_17' title="bbox 234 1876 2487 1962; baseline -0.001 -21"><span class='ocrx_word' id='word_1_136' title='bbox 234 1881 363 1941; x_wconf 82' lang='lat' dir='ltr'><strong>titia</strong></span> <span class='ocrx_word' id='word_1_137' title='bbox 413 1882 825 1962; x_wconf 76' lang='lat' dir='ltr'><strong>assignabant:</strong></span> <span class='ocrx_word' id='word_1_138' title='bbox 882 1901 1144 1960; x_wconf 87' lang='lat' dir='ltr'><strong>quorum</strong></span> <span class='ocrx_word' id='word_1_139' title='bbox 1189 1876 1373 1958; x_wconf 85' lang='lat' dir='ltr'><strong>nihil,</strong></span> <span class='ocrx_word' id='word_1_140' title='bbox 1415 1881 1722 1941; x_wconf 87' lang='lat' dir='ltr'><strong>interdum</strong></span> <span class='ocrx_word' id='word_1_141' title='bbox 1763 1901 1839 1941; x_wconf 88' lang='lat' dir='ltr'><strong>ne</strong></span> <span class='ocrx_word' id='word_1_142' title='bbox 1880 1880 2197 1960; x_wconf 80' lang='lat' dir='ltr'><strong>vestigium</strong></span> <span class='ocrx_word' id='word_1_143' title='bbox 2227 1880 2487 1959; x_wconf 87' lang='lat' dir='ltr'><strong>quidem,</strong></span> 
     </span>
     <span class='ocr_line' id='line_1_18' title="bbox 221 1965 2489 2049; baseline -0 -22"><span class='ocrx_word' id='word_1_144' title='bbox 221 1968 286 2027; x_wconf 82' lang='lat' dir='ltr'><strong>in</strong></span> <span class='ocrx_word' id='word_1_145' title='bbox 312 1968 769 2047; x_wconf 73' lang='lat' dir='ltr'><strong>antiquioribus</strong></span> <span class='ocrx_word' id='word_1_146' title='bbox 799 1976 1067 2045; x_wconf 73' lang='lat' dir='ltr'><strong>extaret3</strong></span> <span class='ocrx_word' id='word_1_147' title='bbox 1114 1966 1228 2025; x_wconf 89' lang='lat' dir='ltr'><strong>alia</strong></span> <span class='ocrx_word' id='word_1_148' title='bbox 1257 1986 1333 2026; x_wconf 80' lang='lat' dir='ltr'><strong>ex</strong></span> <span class='ocrx_word' id='word_1_149' title='bbox 1360 1968 1595 2049; x_wconf 78' lang='lat' dir='ltr'><strong>Cypriis</strong></span> <span class='ocrx_word' id='word_1_150' title='bbox 1633 1967 1995 2029; x_wconf 73' lang='lat' dir='ltr'><strong>carminibus</strong></span> <span class='ocrx_word' id='word_1_151' title='bbox 2022 1977 2130 2026; x_wconf 88' lang='lat' dir='ltr'><strong>aut</strong></span> <span class='ocrx_word' id='word_1_152' title='bbox 2169 1986 2202 2026; x_wconf 88' lang='lat' dir='ltr'><strong>e</strong></span> <span class='ocrx_word' id='word_1_153' title='bbox 2231 1965 2489 2026; x_wconf 83' lang='lat' dir='ltr'><strong>Lescheo</strong></span> 
     </span>
     <span class='ocr_line' id='line_1_19' title="bbox 221 2052 2487 2136; baseline 0 -24"><span class='ocrx_word' id='word_1_154' title='bbox 221 2053 476 2132; x_wconf 78' lang='lat' dir='ltr'><strong>aliisque</strong></span> <span class='ocrx_word' id='word_1_155' title='bbox 525 2054 734 2136; x_wconf 88' lang='lat' dir='ltr'><strong>poetis</strong></span> <span class='ocrx_word' id='word_1_156' title='bbox 782 2053 1020 2133; x_wconf 79' lang='lat' dir='ltr'><strong>cyclicis</strong></span> <span class='ocrx_word' id='word_1_157' title='bbox 1067 2053 1411 2133; x_wconf 84' lang='lat' dir='ltr'><strong>arripuere,</strong></span> <span class='ocrx_word' id='word_1_158' title='bbox 1484 2054 1695 2113; x_wconf 86' lang='lat' dir='ltr'><strong>saltem</strong></span> <span class='ocrx_word' id='word_1_159' title='bbox 1734 2070 1811 2112; x_wconf 83' lang='lat' dir='ltr'><strong>ex</strong></span> <span class='ocrx_word' id='word_1_160' title='bbox 1855 2053 2069 2113; x_wconf 77' lang='lat' dir='ltr'><strong>rivulis</strong></span> <span class='ocrx_word' id='word_1_161' title='bbox 2109 2052 2254 2113; x_wconf 88' lang='lat' dir='ltr'><strong>inde</strong></span> <span class='ocrx_word' id='word_1_162' title='bbox 2290 2052 2487 2112; x_wconf 86' lang='lat' dir='ltr'><strong>ductis</strong></span> 
     </span>
     <span class='ocr_line' id='line_1_20' title="bbox 221 2136 2485 2218; baseline -0.001 -18"><span class='ocrx_word' id='word_1_163' title='bbox 221 2136 498 2200; x_wconf 72' lang='lat' dir='ltr'><strong>hausere.</strong></span> <span class='ocrx_word' id='word_1_164' title='bbox 590 2139 681 2198; x_wconf 89' lang='lat' dir='ltr'><strong>De</strong></span> <span class='ocrx_word' id='word_1_165' title='bbox 705 2140 1006 2198; x_wconf 55' lang='lat' dir='ltr'><strong>,menore</strong></span> <span class='ocrx_word' id='word_1_166' title='bbox 1038 2158 1339 2218; x_wconf 84' lang='lat' dir='ltr'><strong>perpauca</strong></span> <span class='ocrx_word' id='word_1_167' title='bbox 1375 2138 1450 2197; x_wconf 88' lang='lat' dir='ltr'><strong>ab</strong></span> <span class='ocrx_word' id='word_1_168' title='bbox 1472 2138 1738 2199; x_wconf 87' lang='lat' dir='ltr'><strong>Homero</strong></span> <span class='ocrx_word' id='word_1_169' title='bbox 1762 2148 2092 2199; x_wconf 87' lang='lat' dir='ltr'><strong>memorata</strong></span> <span class='ocrx_word' id='word_1_170' title='bbox 2118 2147 2277 2199; x_wconf 87' lang='lat' dir='ltr'><strong>sunt.</strong></span> <span class='ocrx_word' id='word_1_171' title='bbox 2347 2139 2485 2197; x_wconf 86' lang='lat' dir='ltr'><strong>Cla-</strong></span> 
     </span>
     <span class='ocr_line' id='line_1_21' title="bbox 224 2224 2488 2302; baseline -0.001 -18"><span class='ocrx_word' id='word_1_172' title='bbox 224 2226 344 2284; x_wconf 87' lang='lat' dir='ltr'><strong>rior</strong></span> <span class='ocrx_word' id='word_1_173' title='bbox 371 2236 467 2286; x_wconf 76' lang='lat' dir='ltr'><strong>est</strong></span> <span class='ocrx_word' id='word_1_174' title='bbox 509 2226 647 2285; x_wconf 87' lang='lat' dir='ltr'><strong>eius</strong></span> <span class='ocrx_word' id='word_1_175' title='bbox 682 2240 877 2302; x_wconf 76' lang='lat' dir='ltr'><strong>uxor,</strong></span> <span class='ocrx_word' id='word_1_176' title='bbox 934 2225 1216 2300; x_wconf 75' lang='lat' dir='ltr'><strong>Theano,</strong></span> <span class='ocrx_word' id='word_1_177' title='bbox 1278 2224 1565 2285; x_wconf 83' lang='lat' dir='ltr'><strong>Hecubae</strong></span> <span class='ocrx_word' id='word_1_178' title='bbox 1609 2244 1642 2284; x_wconf 92' lang='lat' dir='ltr'><strong>e</strong></span> <span class='ocrx_word' id='word_1_179' title='bbox 1673 2225 1871 2284; x_wconf 83' lang='lat' dir='ltr'><strong>Cisseo</strong></span> <span class='ocrx_word' id='word_1_180' title='bbox 1921 2245 2126 2302; x_wconf 86' lang='lat' dir='ltr'><strong>soror,</strong></span> <span class='ocrx_word' id='word_1_181' title='bbox 2179 2225 2488 2285; x_wconf 81' lang='lat' dir='ltr'><strong>Minervae</strong></span> 
     </span>
     <span class='ocr_line' id='line_1_22' title="bbox 227 2307 2484 2393; baseline -0 -24"><span class='ocrx_word' id='word_1_182' title='bbox 227 2310 499 2371; x_wconf 77' lang='lat' dir='ltr'><strong>sacerdos</strong></span> <span class='ocrx_word' id='word_1_183' title='bbox 532 2308 631 2391; x_wconf 76' lang='lat' dir='ltr'><strong>(v.</strong></span> <span class='ocrx_word' id='word_1_184' title='bbox 675 2310 846 2371; x_wconf 88' lang='lat' dir='ltr'><strong>Iliad.</strong></span> <span class='ocrx_word' id='word_1_185' title='bbox 887 2313 933 2386; x_wconf 79' lang='grc' dir='ltr'><strong>ζ,</strong></span> <span class='ocrx_word' id='word_1_186' title='bbox 980 2313 1108 2374; x_wconf 81' lang='grc'><strong>297</strong></span> <span class='ocrx_word' id='word_1_187' title='bbox 1148 2307 1322 2393; x_wconf 75' lang='lat' dir='ltr'><strong>sqq.),</strong></span> <span class='ocrx_word' id='word_1_188' title='bbox 1365 2330 1479 2371; x_wconf 87' lang='lat' dir='ltr'><strong>nec</strong></span> <span class='ocrx_word' id='word_1_189' title='bbox 1517 2331 1643 2370; x_wconf 88' lang='lat' dir='ltr'><strong>non</strong></span> <span class='ocrx_word' id='word_1_190' title='bbox 1677 2309 1812 2387; x_wconf 83' lang='lat' dir='ltr'><strong>filii,</strong></span> <span class='ocrx_word' id='word_1_191' title='bbox 1869 2310 2091 2391; x_wconf 87' lang='lat' dir='ltr'><strong>passim</strong></span> <span class='ocrx_word' id='word_1_192' title='bbox 2119 2310 2183 2370; x_wconf 90' lang='lat' dir='ltr'><strong>in</strong></span> <span class='ocrx_word' id='word_1_193' title='bbox 2224 2330 2484 2390; x_wconf 87' lang='lat' dir='ltr'><strong>pugnam</strong></span> 
     </span>
     <span class='ocr_line' id='line_1_23' title="bbox 222 2395 2483 2477; baseline -0 -21"><span class='ocrx_word' id='word_1_194' title='bbox 222 2397 636 2477; x_wconf 78' lang='lat' dir='ltr'><strong>prodeuntes5</strong></span> <span class='ocrx_word' id='word_1_195' title='bbox 675 2397 803 2476; x_wconf 83' lang='lat' dir='ltr'><strong>ipse</strong></span> <span class='ocrx_word' id='word_1_196' title='bbox 835 2397 994 2463; x_wconf 85' lang='lat' dir='ltr'><strong>inter</strong></span> <span class='ocrx_word' id='word_1_197' title='bbox 1020 2395 1300 2473; x_wconf 83' lang='lat' dir='ltr'><strong>seniores,</strong></span> <span class='ocrx_word' id='word_1_198' title='bbox 1344 2397 1450 2476; x_wconf 85' lang='lat' dir='ltr'><strong>qui</strong></span> <span class='ocrx_word' id='word_1_199' title='bbox 1486 2395 1808 2477; x_wconf 87' lang='lat' dir='ltr'><strong>prudentia</strong></span> <span class='ocrx_word' id='word_1_200' title='bbox 1847 2396 1993 2456; x_wconf 88' lang='lat' dir='ltr'><strong>alios</strong></span> <span class='ocrx_word' id='word_1_201' title='bbox 2021 2396 2483 2457; x_wconf 86' lang='lat' dir='ltr'><strong>antecellebant:</strong></span> 
     </span>
     <span class='ocr_line' id='line_1_24' title="bbox 221 2480 2485 2568; baseline -0.001 -25"><span class='ocrx_word' id='word_1_202' title='bbox 221 2482 381 2543; x_wconf 80' lang='lat' dir='ltr'><strong>Iliad.</strong></span> <span class='ocrx_word' id='word_1_203' title='bbox 413 2509 472 2568; x_wconf 74' lang='lat' dir='ltr'><strong>y,</strong></span> <span class='ocrx_word' id='word_1_204' title='bbox 525 2483 678 2547; x_wconf 77' lang='lat'><strong>148.</strong></span> <span class='ocrx_word' id='word_1_205' title='bbox 705 2482 868 2542; x_wconf 87' lang='lat' dir='ltr'><strong>idem</strong></span> <span class='ocrx_word' id='word_1_206' title='bbox 910 2481 1159 2557; x_wconf 85' lang='lat' dir='ltr'><strong>suadet,</strong></span> <span class='ocrx_word' id='word_1_207' title='bbox 1212 2490 1282 2542; x_wconf 86' lang='lat' dir='ltr'><strong>ut</strong></span> <span class='ocrx_word' id='word_1_208' title='bbox 1327 2480 1557 2543; x_wconf 86' lang='lat' dir='ltr'><strong>Helena</strong></span> <span class='ocrx_word' id='word_1_209' title='bbox 1595 2482 1921 2558; x_wconf 87' lang='lat' dir='ltr'><strong>reddatur,</strong></span> <span class='ocrx_word' id='word_1_210' title='bbox 1983 2506 2061 2564; x_wconf 84' lang='grc' dir='ltr'><strong>η,</strong></span> <span class='ocrx_word' id='word_1_211' title='bbox 2105 2483 2232 2548; x_wconf 82' lang='grc'><strong>847</strong></span> <span class='ocrx_word' id='word_1_212' title='bbox 2261 2502 2388 2562; x_wconf 85' lang='lat' dir='ltr'><strong>sqq.</strong></span> <span class='ocrx_word' id='word_1_213' title='bbox 2423 2491 2485 2542; x_wconf 87' lang='lat' dir='ltr'><strong>et</strong></span> 
     </span>
     <span class='ocr_line' id='line_1_25' title="bbox 218 2568 2482 2650; baseline -0.001 -20"><span class='ocrx_word' id='word_1_214' title='bbox 218 2571 488 2650; x_wconf 75' lang='lat' dir='ltr'><strong>Ulyssem</strong></span> <span class='ocrx_word' id='word_1_215' title='bbox 517 2589 664 2628; x_wconf 86' lang='lat' dir='ltr'><strong>cum</strong></span> <span class='ocrx_word' id='word_1_216' title='bbox 693 2568 998 2645; x_wconf 85' lang='lat' dir='ltr'><strong>Menelao,</strong></span> <span class='ocrx_word' id='word_1_217' title='bbox 1043 2576 1363 2647; x_wconf 87' lang='lat' dir='ltr'><strong>antequam</strong></span> <span class='ocrx_word' id='word_1_218' title='bbox 1410 2589 1573 2628; x_wconf 84' lang='lat' dir='ltr'><strong>arma</strong></span> <span class='ocrx_word' id='word_1_219' title='bbox 1599 2577 1797 2629; x_wconf 88' lang='lat' dir='ltr'><strong>sumta</strong></span> <span class='ocrx_word' id='word_1_220' title='bbox 1825 2578 2026 2644; x_wconf 87' lang='lat' dir='ltr'><strong>erant,</strong></span> <span class='ocrx_word' id='word_1_221' title='bbox 2067 2570 2149 2628; x_wconf 79' lang='lat' dir='ltr'><strong>ad</strong></span> <span class='ocrx_word' id='word_1_222' title='bbox 2186 2588 2279 2628; x_wconf 88' lang='lat' dir='ltr'><strong>res</strong></span> <span class='ocrx_word' id='word_1_223' title='bbox 2303 2588 2482 2649; x_wconf 89' lang='lat' dir='ltr'><strong>repe-</strong></span> 
     </span>
     <span class='ocr_line' id='line_1_26' title="bbox 212 2653 2483 2735; baseline -0.001 -20"><span class='ocrx_word' id='word_1_224' title='bbox 212 2656 428 2715; x_wconf 82' lang='lat' dir='ltr'><strong>tendas</strong></span> <span class='ocrx_word' id='word_1_225' title='bbox 470 2655 722 2714; x_wconf 84' lang='lat' dir='ltr'><strong>Troiam</strong></span> <span class='ocrx_word' id='word_1_226' title='bbox 752 2655 1000 2714; x_wconf 79' lang='lat' dir='ltr'><strong>missum</strong></span> <span class='ocrx_word' id='word_1_227' title='bbox 1026 2653 1288 2734; x_wconf 84' lang='lat' dir='ltr'><strong>hospitio</strong></span> <span class='ocrx_word' id='word_1_228' title='bbox 1315 2664 1662 2735; x_wconf 81' lang='lat' dir='ltr'><strong>exceperat:</strong></span> <span class='ocrx_word' id='word_1_229' title='bbox 1706 2653 1871 2714; x_wconf 85' lang='lat' dir='ltr'><strong>Iliad.</strong></span> <span class='ocrx_word' id='word_1_230' title='bbox 1942 2698 1959 2729; x_wconf 89' lang='lat'><strong>,</strong></span> <span class='ocrx_word' id='word_1_231' title='bbox 2003 2654 2127 2719; x_wconf 81' lang='lat'><strong>205</strong></span> <span class='ocrx_word' id='word_1_232' title='bbox 2159 2674 2284 2732; x_wconf 88' lang='lat' dir='ltr'><strong>sqq.</strong></span> <span class='ocrx_word' id='word_1_233' title='bbox 2354 2655 2483 2713; x_wconf 88' lang='lat' dir='ltr'><strong>Ita-</strong></span> 
     </span>
     <span class='ocr_line' id='line_1_27' title="bbox 217 2737 2482 2819; baseline 0 -20"><span class='ocrx_word' id='word_1_234' title='bbox 217 2761 333 2819; x_wconf 82' lang='lat' dir='ltr'><strong>que</strong></span> <span class='ocrx_word' id='word_1_235' title='bbox 377 2741 569 2801; x_wconf 76' lang='lat' dir='ltr'><strong>Troia</strong></span> <span class='ocrx_word' id='word_1_236' title='bbox 617 2749 797 2819; x_wconf 78' lang='lat' dir='ltr'><strong>capta</strong></span> <span class='ocrx_word' id='word_1_237' title='bbox 841 2761 876 2798; x_wconf 88' lang='lat' dir='ltr'><strong>a</strong></span> <span class='ocrx_word' id='word_1_238' title='bbox 922 2740 1189 2801; x_wconf 80' lang='lat' dir='ltr'><strong>Menelao</strong></span> <span class='ocrx_word' id='word_1_239' title='bbox 1239 2750 1519 2801; x_wconf 82' lang='lat' dir='ltr'><strong>servatur</strong></span> <span class='ocrx_word' id='word_1_240' title='bbox 1562 2761 1698 2800; x_wconf 90' lang='lat' dir='ltr'><strong>cum</strong></span> <span class='ocrx_word' id='word_1_241' title='bbox 1758 2739 1905 2799; x_wconf 88' lang='lat' dir='ltr'><strong>sobo</strong></span> <span class='ocrx_word' id='word_1_242' title='bbox 1929 2758 1982 2798; x_wconf 87' lang='lat' dir='ltr'><strong>e.</strong></span> <span class='ocrx_word' id='word_1_243' title='bbox 2037 2740 2113 2799; x_wconf 84' lang='lat' dir='ltr'><strong>cf.</strong></span> <span class='ocrx_word' id='word_1_244' title='bbox 2152 2737 2482 2818; x_wconf 83' lang='lat' dir='ltr'><strong>Tryphiod.</strong></span> 
     </span>
     <span class='ocr_line' id='line_1_28' title="bbox 226 2823 2483 2906; baseline -0.003 -17"><span class='ocrx_word' id='word_1_245' title='bbox 226 2827 351 2891; x_wconf 76' lang='lat'><strong>653</strong></span> <span class='ocrx_word' id='word_1_246' title='bbox 391 2848 476 2905; x_wconf 75' lang='lat' dir='ltr'><strong>sq.</strong></span> <span class='ocrx_word' id='word_1_247' title='bbox 578 2826 720 2885; x_wconf 85' lang='lat' dir='ltr'><strong>Hoc</strong></span> <span class='ocrx_word' id='word_1_248' title='bbox 760 2836 1070 2905; x_wconf 86' lang='lat' dir='ltr'><strong>tamquam</strong></span> <span class='ocrx_word' id='word_1_249' title='bbox 1115 2826 1305 2885; x_wconf 84' lang='lat' dir='ltr'><strong>fundo</strong></span> <span class='ocrx_word' id='word_1_250' title='bbox 1358 2835 1816 2906; x_wconf 77' lang='lat' dir='ltr'><strong>superstruxere</strong></span> <span class='ocrx_word' id='word_1_251' title='bbox 1867 2823 2230 2884; x_wconf 77' lang='lat' dir='ltr'><strong>fabulatores</strong></span> <span class='ocrx_word' id='word_1_252' title='bbox 2275 2823 2395 2899; x_wconf 85' lang='lat' dir='ltr'><strong>illi,</strong></span> <span class='ocrx_word' id='word_1_253' title='bbox 2450 2843 2483 2883; x_wconf 92' lang='lat' dir='ltr'><strong>e</strong></span> 
     </span>
     <span class='ocr_line' id='line_1_29' title="bbox 229 2908 2482 2992; baseline -0.001 -22"><span class='ocrx_word' id='word_1_254' title='bbox 229 2911 446 2989; x_wconf 85' lang='lat' dir='ltr'><strong>quibus</strong></span> <span class='ocrx_word' id='word_1_255' title='bbox 482 2910 922 2992; x_wconf 80' lang='lat' dir='ltr'><strong>Pseudodictys</strong></span> <span class='ocrx_word' id='word_1_256' title='bbox 956 2921 1018 2970; x_wconf 90' lang='lat' dir='ltr'><strong>et</strong></span> <span class='ocrx_word' id='word_1_257' title='bbox 1051 2911 1461 2972; x_wconf 88' lang='lat' dir='ltr'><strong>Pseudodares</strong></span> <span class='ocrx_word' id='word_1_258' title='bbox 1510 2909 1712 2970; x_wconf 89' lang='lat' dir='ltr'><strong>adhuc</strong></span> <span class='ocrx_word' id='word_1_259' title='bbox 1741 2908 2091 2990; x_wconf 83' lang='lat' dir='ltr'><strong>superstites</strong></span> <span class='ocrx_word' id='word_1_260' title='bbox 2137 2919 2307 2985; x_wconf 86' lang='lat' dir='ltr'><strong>sunt,</strong></span> <span class='ocrx_word' id='word_1_261' title='bbox 2350 2909 2482 2986; x_wconf 89' lang='lat' dir='ltr'><strong>alia,</strong></span> 
     </span>
     <span class='ocr_line' id='line_1_30' title="bbox 229 2992 2481 3078; baseline 0 -24"><span class='ocrx_word' id='word_1_262' title='bbox 229 3015 289 3055; x_wconf 79' lang='lat' dir='ltr'><strong>v.</strong></span> <span class='ocrx_word' id='word_1_263' title='bbox 322 3017 371 3055; x_wconf 88' lang='lat' dir='ltr'><strong>c.</strong></span> <span class='ocrx_word' id='word_1_264' title='bbox 398 2997 471 3055; x_wconf 84' lang='lat' dir='ltr'><strong>de</strong></span> <span class='ocrx_word' id='word_1_265' title='bbox 508 2998 818 3058; x_wconf 76' lang='lat' dir='ltr'><strong>Antenore</strong></span> <span class='ocrx_word' id='word_1_266' title='bbox 845 3019 880 3056; x_wconf 87' lang='lat' dir='ltr'><strong>a</strong></span> <span class='ocrx_word' id='word_1_267' title='bbox 928 2998 1330 3058; x_wconf 81' lang='lat' dir='ltr'><strong>Laomedonte</strong></span> <span class='ocrx_word' id='word_1_268' title='bbox 1359 2996 1621 3077; x_wconf 84' lang='lat' dir='ltr'><strong>Delphos</strong></span> <span class='ocrx_word' id='word_1_269' title='bbox 1664 2997 1841 3056; x_wconf 88' lang='lat' dir='ltr'><strong>misso</strong></span> <span class='ocrx_word' id='word_1_270' title='bbox 1884 2992 2077 3078; x_wconf 81' lang='lat' dir='ltr'><strong>(Serv.</strong></span> <span class='ocrx_word' id='word_1_271' title='bbox 2126 2995 2205 3054; x_wconf 91' lang='lat' dir='ltr'><strong>ad</strong></span> <span class='ocrx_word' id='word_1_272' title='bbox 2232 2994 2379 3055; x_wconf 84' lang='lat' dir='ltr'><strong>Aen.</strong></span> <span class='ocrx_word' id='word_1_273' title='bbox 2409 2994 2481 3073; x_wconf 91' lang='lat'><strong>11,</strong></span> 
     </span>
     <span class='ocr_line' id='line_1_31' title="bbox 226 3078 2480 3164; baseline -0.001 -19"><span class='ocrx_word' id='word_1_274' title='bbox 226 3080 401 3162; x_wconf 81' lang='lat'><strong>318),</strong></span> <span class='ocrx_word' id='word_1_275' title='bbox 456 3083 529 3143; x_wconf 87' lang='lat' dir='ltr'><strong>de</strong></span> <span class='ocrx_word' id='word_1_276' title='bbox 573 3084 871 3162; x_wconf 81' lang='lat' dir='ltr'><strong>legatione</strong></span> <span class='ocrx_word' id='word_1_277' title='bbox 916 3083 997 3142; x_wconf 88' lang='lat' dir='ltr'><strong>ad</strong></span> <span class='ocrx_word' id='word_1_278' title='bbox 1041 3082 1304 3143; x_wconf 84' lang='lat' dir='ltr'><strong>Achivos</strong></span> <span class='ocrx_word' id='word_1_279' title='bbox 1356 3083 1470 3144; x_wconf 88' lang='lat' dir='ltr'><strong>sub</strong></span> <span class='ocrx_word' id='word_1_280' title='bbox 1514 3092 1786 3143; x_wconf 79' lang='lat' dir='ltr'><strong>extrema</strong></span> <span class='ocrx_word' id='word_1_281' title='bbox 1844 3081 2012 3143; x_wconf 87' lang='lat' dir='ltr'><strong>urbis</strong></span> <span class='ocrx_word' id='word_1_282' title='bbox 2067 3082 2190 3142; x_wconf 87' lang='lat' dir='ltr'><strong>sata</strong></span> <span class='ocrx_word' id='word_1_283' title='bbox 2246 3078 2480 3164; x_wconf 83' lang='lat' dir='ltr'><strong>(Tzetz.</strong></span> 
     </span>
     <span class='ocr_line' id='line_1_32' title="bbox 223 3166 2478 3252; baseline 0 -27"><span class='ocrx_word' id='word_1_284' title='bbox 223 3166 521 3229; x_wconf 72' lang='lat' dir='ltr'><strong>Posthom.</strong></span> <span class='ocrx_word' id='word_1_285' title='bbox 566 3174 697 3235; x_wconf 83' lang='lat'><strong>607</strong></span> <span class='ocrx_word' id='word_1_286' title='bbox 726 3166 864 3252; x_wconf 85' lang='lat' dir='ltr'><strong>sq.)‚</strong></span> <span class='ocrx_word' id='word_1_287' title='bbox 910 3169 1181 3250; x_wconf 87' lang='lat' dir='ltr'><strong>inprimis</strong></span> <span class='ocrx_word' id='word_1_288' title='bbox 1224 3189 1371 3228; x_wconf 83' lang='lat' dir='ltr'><strong>vero</strong></span> <span class='ocrx_word' id='word_1_289' title='bbox 1409 3169 1669 3250; x_wconf 72' lang='lat' dir='ltr'><strong>plm&#39;ima</strong></span> <span class='ocrx_word' id='word_1_290' title='bbox 1700 3168 1774 3229; x_wconf 87' lang='lat' dir='ltr'><strong>de</strong></span> <span class='ocrx_word' id='word_1_291' title='bbox 1818 3167 2163 3248; x_wconf 86' lang='lat' dir='ltr'><strong>proditione</strong></span> <span class='ocrx_word' id='word_1_292' title='bbox 2198 3167 2364 3227; x_wconf 84' lang='lat' dir='ltr'><strong>urbis</strong></span> <span class='ocrx_word' id='word_1_293' title='bbox 2404 3168 2478 3225; x_wconf 79' lang='lat' dir='ltr'><strong>ab</strong></span> 
     </span>
    </p>
   </div>
   <div class='ocr_carea' id='block_1_3' title="bbox 216 3253 2611 3330">
    <p class='ocr_par' dir='ltr' id='par_1_5' title="bbox 216 3253 2611 3330">
     <span class='ocr_line' id='line_1_33' title="bbox 216 3253 2611 3330; baseline -0.001 -17"><span class='ocrx_word' id='word_1_294' title='bbox 216 3271 286 3313; x_wconf 84' lang='lat' dir='ltr'><strong>eo</strong></span> <span class='ocrx_word' id='word_1_295' title='bbox 318 3263 380 3313; x_wconf 85' lang='lat' dir='ltr'><strong>et</strong></span> <span class='ocrx_word' id='word_1_296' title='bbox 429 3277 463 3312; x_wconf 82' lang='lat' dir='ltr'><strong>a</strong></span> <span class='ocrx_word' id='word_1_297' title='bbox 495 3255 637 3314; x_wconf 84' lang='lat' dir='ltr'><strong>filiis</strong></span> <span class='ocrx_word' id='word_1_298' title='bbox 686 3257 868 3330; x_wconf 64' lang='lat' dir='ltr'><strong>facta,</strong></span> <span class='ocrx_word' id='word_1_299' title='bbox 912 3257 988 3316; x_wconf 81' lang='lat' dir='ltr'><strong>cf.</strong></span> <span class='ocrx_word' id='word_1_300' title='bbox 1027 3258 1195 3314; x_wconf 81' lang='lat' dir='ltr'><strong>Serv.</strong></span> <span class='ocrx_word' id='word_1_301' title='bbox 1254 3255 1331 3313; x_wconf 88' lang='lat' dir='ltr'><strong>ad</strong></span> <span class='ocrx_word' id='word_1_302' title='bbox 1374 3276 1434 3315; x_wconf 86' lang='lat' dir='ltr'><strong>v.</strong></span> <span class='ocrx_word' id='word_1_303' title='bbox 1477 3255 1620 3321; x_wconf 79' lang='lat'><strong>242.</strong></span> <span class='ocrx_word' id='word_1_304' title='bbox 1719 3255 2106 3314; x_wconf 83' lang='lat' dir='ltr'><strong>Praeiverant</strong></span> <span class='ocrx_word' id='word_1_305' title='bbox 2141 3266 2343 3315; x_wconf 87' lang='lat' dir='ltr'><strong>tamen</strong></span> <span class='ocrx_word' id='word_1_306' title='bbox 2382 3253 2480 3312; x_wconf 82' lang='lat' dir='ltr'><strong>alii</strong></span> <span class='ocrx_word' id='word_1_307' title='bbox 2602 3273 2611 3286; x_wconf 74' lang='lat'><strong><em>‘</em></strong></span> 
     </span>
    </p>
   </div>
   <div class='ocr_carea' id='block_1_4' title="bbox 212 3339 2480 4536">
    <p class='ocr_par' dir='ltr' id='par_1_6' title="bbox 212 3339 2480 4536">
     <span class='ocr_line' id='line_1_34' title="bbox 212 3339 2480 3422; baseline -0.001 -24"><span class='ocrx_word' id='word_1_308' title='bbox 212 3342 624 3420; x_wconf 84' lang='lat' dir='ltr'><strong>antiquiores,</strong></span> <span class='ocrx_word' id='word_1_309' title='bbox 677 3351 755 3401; x_wconf 88' lang='lat' dir='ltr'><strong>ut</strong></span> <span class='ocrx_word' id='word_1_310' title='bbox 793 3340 1095 3422; x_wconf 82' lang='lat' dir='ltr'><strong>Lycophr.</strong></span> <span class='ocrx_word' id='word_1_311' title='bbox 1153 3340 1279 3405; x_wconf 81' lang='lat'><strong>340</strong></span> <span class='ocrx_word' id='word_1_312' title='bbox 1329 3361 1476 3420; x_wconf 68' lang='lat' dir='ltr'><strong>sqq„</strong></span> <span class='ocrx_word' id='word_1_313' title='bbox 1520 3360 1633 3399; x_wconf 89' lang='lat' dir='ltr'><strong>nec</strong></span> <span class='ocrx_word' id='word_1_314' title='bbox 1670 3340 1888 3400; x_wconf 88' lang='lat' dir='ltr'><strong>dubito</strong></span> <span class='ocrx_word' id='word_1_315' title='bbox 1930 3339 1994 3399; x_wconf 89' lang='lat' dir='ltr'><strong>in</strong></span> <span class='ocrx_word' id='word_1_316' title='bbox 2036 3339 2132 3399; x_wconf 89' lang='lat' dir='ltr'><strong>his</strong></span> <span class='ocrx_word' id='word_1_317' title='bbox 2173 3359 2365 3400; x_wconf 87' lang='lat' dir='ltr'><strong>unum</strong></span> <span class='ocrx_word' id='word_1_318' title='bbox 2402 3358 2480 3396; x_wconf 83' lang='lat' dir='ltr'><strong>ex</strong></span> 
     </span>
     <span class='ocr_line' id='line_1_35' title="bbox 215 3425 2477 3506; baseline -0.002 -20"><span class='ocrx_word' id='word_1_319' title='bbox 215 3427 452 3504; x_wconf 72' lang='lat' dir='ltr'><strong>cyclicis</strong></span> <span class='ocrx_word' id='word_1_320' title='bbox 481 3426 684 3506; x_wconf 81' lang='lat' dir='ltr'><strong>poetis</strong></span> <span class='ocrx_word' id='word_1_321' title='bbox 721 3428 920 3487; x_wconf 76' lang='lat' dir='ltr'><strong>fuisse.</strong></span> <span class='ocrx_word' id='word_1_322' title='bbox 1006 3426 1371 3488; x_wconf 82' lang='lat' dir='ltr'><strong>Proditionis</strong></span> <span class='ocrx_word' id='word_1_323' title='bbox 1401 3426 1476 3485; x_wconf 88' lang='lat' dir='ltr'><strong>ab</strong></span> <span class='ocrx_word' id='word_1_324' title='bbox 1505 3426 1812 3486; x_wconf 83' lang='lat' dir='ltr'><strong>Antenore</strong></span> <span class='ocrx_word' id='word_1_325' title='bbox 1836 3427 2026 3485; x_wconf 84' lang='lat' dir='ltr'><strong>sactae</strong></span> <span class='ocrx_word' id='word_1_326' title='bbox 2058 3425 2477 3485; x_wconf 85' lang='lat' dir='ltr'><strong>auctoritatem</strong></span> 
     </span>
     <span class='ocr_line' id='line_1_36' title="bbox 224 3511 2476 3592; baseline 0 -23"><span class='ocrx_word' id='word_1_327' title='bbox 224 3511 336 3569; x_wconf 81' lang='lat' dir='ltr'><strong>iam</strong></span> <span class='ocrx_word' id='word_1_328' title='bbox 365 3513 509 3571; x_wconf 85' lang='lat' dir='ltr'><strong>olim</strong></span> <span class='ocrx_word' id='word_1_329' title='bbox 560 3512 927 3592; x_wconf 81' lang='lat' dir='ltr'><strong>Polygnotus</strong></span> <span class='ocrx_word' id='word_1_330' title='bbox 973 3521 1299 3592; x_wconf 86' lang='lat' dir='ltr'><strong>agnoverat</strong></span> <span class='ocrx_word' id='word_1_331' title='bbox 1336 3513 1398 3571; x_wconf 87' lang='lat' dir='ltr'><strong>in</strong></span> <span class='ocrx_word' id='word_1_332' title='bbox 1445 3513 1651 3572; x_wconf 81' lang='lat' dir='ltr'><strong>tabula</strong></span> <span class='ocrx_word' id='word_1_333' title='bbox 1692 3532 1797 3572; x_wconf 89' lang='lat' dir='ltr'><strong>sua</strong></span> <span class='ocrx_word' id='word_1_334' title='bbox 1839 3532 1932 3591; x_wconf 87' lang='lat' dir='ltr'><strong>ap.</strong></span> <span class='ocrx_word' id='word_1_335' title='bbox 1965 3512 2213 3572; x_wconf 86' lang='lat' dir='ltr'><strong>Pausan.</strong></span> <span class='ocrx_word' id='word_1_336' title='bbox 2249 3511 2329 3586; x_wconf 81' lang='lat' dir='ltr'><strong>X,</strong></span> <span class='ocrx_word' id='word_1_337' title='bbox 2373 3513 2476 3574; x_wconf 80' lang='lat'><strong>27.</strong></span> 
     </span>
     <span class='ocr_line' id='line_1_37' title="bbox 230 3594 2474 3677; baseline -0 -21"><span class='ocrx_word' id='word_1_338' title='bbox 230 3615 350 3675; x_wconf 82' lang='lat' dir='ltr'><strong>pag.</strong></span> <span class='ocrx_word' id='word_1_339' title='bbox 389 3599 535 3664; x_wconf 84' lang='lat'><strong>865.</strong></span> <span class='ocrx_word' id='word_1_340' title='bbox 584 3596 899 3677; x_wconf 86' lang='lat' dir='ltr'><strong>Sophoclis</strong></span> <span class='ocrx_word' id='word_1_341' title='bbox 946 3599 1116 3657; x_wconf 87' lang='lat' dir='ltr'><strong>fuere</strong></span> <span class='ocrx_word' id='word_1_342' title='bbox 1152 3594 1589 3676; x_wconf 75' lang='grc' dir='ltr'><strong>Ἀντηνορίδαι.</strong></span> <span class='ocrx_word' id='word_1_343' title='bbox 1662 3597 1883 3660; x_wconf 82' lang='lat' dir='ltr'><strong>Strabo</strong></span> <span class='ocrx_word' id='word_1_344' title='bbox 1924 3597 2093 3674; x_wconf 81' lang='lat' dir='ltr'><strong>XIII,</strong></span> <span class='ocrx_word' id='word_1_345' title='bbox 2129 3617 2188 3677; x_wconf 91' lang='lat' dir='ltr'><strong>p.</strong></span> <span class='ocrx_word' id='word_1_346' title='bbox 2234 3596 2357 3661; x_wconf 87' lang='grc'><strong>905</strong></span> <span class='ocrx_word' id='word_1_347' title='bbox 2408 3595 2474 3655; x_wconf 84' lang='grc' dir='ltr'><strong>Β.</strong></span> 
     </span>
     <span class='ocr_line' id='line_1_38' title="bbox 224 3682 2479 3764; baseline 0 -23"><span class='ocrx_word' id='word_1_348' title='bbox 224 3692 511 3742; x_wconf 82' lang='lat' dir='ltr'><strong>memorat</strong></span> <span class='ocrx_word' id='word_1_349' title='bbox 543 3682 877 3763; x_wconf 85' lang='lat' dir='ltr'><strong>pantherae</strong></span> <span class='ocrx_word' id='word_1_350' title='bbox 905 3684 1119 3764; x_wconf 88' lang='lat' dir='ltr'><strong>pellem</strong></span> <span class='ocrx_word' id='word_1_351' title='bbox 1142 3684 1465 3743; x_wconf 79' lang='lat' dir='ltr'><strong>Antenoris</strong></span> <span class='ocrx_word' id='word_1_352' title='bbox 1478 3683 1706 3743; x_wconf 77' lang='lat' dir='ltr'><strong>foribus</strong></span> <span class='ocrx_word' id='word_1_353' title='bbox 1732 3684 2032 3757; x_wconf 88' lang='lat' dir='ltr'><strong>iniectam,</strong></span> <span class='ocrx_word' id='word_1_354' title='bbox 2060 3694 2131 3742; x_wconf 87' lang='lat' dir='ltr'><strong>ut</strong></span> <span class='ocrx_word' id='word_1_355' title='bbox 2159 3691 2294 3741; x_wconf 83' lang='lat' dir='ltr'><strong>tuta</strong></span> <span class='ocrx_word' id='word_1_356' title='bbox 2325 3691 2479 3741; x_wconf 86' lang='lat' dir='ltr'><strong>esset</strong></span> 
     </span>
     <span class='ocr_line' id='line_1_39' title="bbox 224 3766 2474 3848; baseline 0 -22"><span class='ocrx_word' id='word_1_357' title='bbox 224 3766 430 3827; x_wconf 85' lang='lat' dir='ltr'><strong>domus</strong></span> <span class='ocrx_word' id='word_1_358' title='bbox 476 3769 555 3827; x_wconf 86' lang='lat' dir='ltr'><strong>ab</strong></span> <span class='ocrx_word' id='word_1_359' title='bbox 584 3767 960 3831; x_wconf 84' lang='lat' dir='ltr'><strong>Achivorum</strong></span> <span class='ocrx_word' id='word_1_360' title='bbox 1005 3769 1264 3844; x_wconf 78' lang='lat' dir='ltr'><strong>iniuriis3</strong></span> <span class='ocrx_word' id='word_1_361' title='bbox 1322 3769 1386 3828; x_wconf 89' lang='lat' dir='ltr'><strong>id</strong></span> <span class='ocrx_word' id='word_1_362' title='bbox 1416 3768 1583 3847; x_wconf 88' lang='lat' dir='ltr'><strong>quod</strong></span> <span class='ocrx_word' id='word_1_363' title='bbox 1606 3770 1831 3828; x_wconf 83' lang='lat' dir='ltr'><strong>sactum</strong></span> <span class='ocrx_word' id='word_1_364' title='bbox 1869 3770 1931 3828; x_wconf 89' lang='lat' dir='ltr'><strong>in</strong></span> <span class='ocrx_word' id='word_1_365' title='bbox 1957 3771 2202 3848; x_wconf 87' lang='lat' dir='ltr'><strong>gratiam</strong></span> <span class='ocrx_word' id='word_1_366' title='bbox 2234 3767 2474 3847; x_wconf 82' lang='lat' dir='ltr'><strong>hospitii</strong></span> 
     </span>
     <span class='ocr_line' id='line_1_40' title="bbox 220 3853 2476 3935; baseline -0.001 -21"><span class='ocrx_word' id='word_1_367' title='bbox 220 3855 451 3933; x_wconf 73' lang='lat' dir='ltr'><strong>pristini</strong></span> <span class='ocrx_word' id='word_1_368' title='bbox 486 3876 584 3935; x_wconf 90' lang='lat' dir='ltr'><strong>ap.</strong></span> <span class='ocrx_word' id='word_1_369' title='bbox 623 3855 924 3929; x_wconf 84' lang='lat' dir='ltr'><strong>Quintum</strong></span> <span class='ocrx_word' id='word_1_370' title='bbox 975 3855 1134 3931; x_wconf 86' lang='lat' dir='ltr'><strong>XIII,</strong></span> <span class='ocrx_word' id='word_1_371' title='bbox 1178 3858 1303 3919; x_wconf 80' lang='lat'><strong>298</strong></span> <span class='ocrx_word' id='word_1_372' title='bbox 1349 3874 1476 3933; x_wconf 81' lang='lat' dir='ltr'><strong>sqq.</strong></span> <span class='ocrx_word' id='word_1_373' title='bbox 1562 3853 1854 3915; x_wconf 85' lang='lat' dir='ltr'><strong>Putabam</strong></span> <span class='ocrx_word' id='word_1_374' title='bbox 1894 3855 2250 3915; x_wconf 84' lang='lat' dir='ltr'><strong>Strabonem</strong></span> <span class='ocrx_word' id='word_1_375' title='bbox 2298 3854 2359 3912; x_wconf 83' lang='lat' dir='ltr'><strong>id</strong></span> <span class='ocrx_word' id='word_1_376' title='bbox 2399 3872 2476 3912; x_wconf 73' lang='lat' dir='ltr'><strong>ex</strong></span> 
     </span>
     <span class='ocr_line' id='line_1_41' title="bbox 220 3935 2476 4047; baseline 0.001 -50"><span class='ocrx_word' id='word_1_377' title='bbox 220 3958 286 3997; x_wconf 80' lang='lat' dir='ltr'><strong>ea</strong></span> <span class='ocrx_word' id='word_1_378' title='bbox 313 3940 516 3999; x_wconf 70' lang='lat' dir='ltr'><strong>fabula</strong></span> <span class='ocrx_word' id='word_1_379' title='bbox 539 3942 798 4020; x_wconf 78' lang='lat' dir='ltr'><strong>petiisse.</strong></span> <span class='ocrx_word' id='word_1_380' title='bbox 890 3940 1090 4001; x_wconf 87' lang='lat' dir='ltr'><strong>Verba</strong></span> <span class='ocrx_word' id='word_1_381' title='bbox 1121 3950 1297 4020; x_wconf 80' lang='lat' dir='ltr'><strong>sunt,</strong></span> <span class='ocrx_word' id='word_1_382' title='bbox 1342 3943 1674 4020; x_wconf 71' lang='grc' dir='ltr'><strong><em>Σοφοκλῆς</em></strong></span> <span class='ocrx_word' id='word_1_383' title='bbox 1696 3944 1859 4047; x_wconf 57' lang='grc' dir='ltr'>’γοῦν</span> <span class='ocrx_word' id='word_1_384' title='bbox 1898 3939 1966 4004; x_wconf 74' lang='grc' dir='ltr'><strong>ἐν</strong></span> <span class='ocrx_word' id='word_1_385' title='bbox 2000 3945 2076 4027; x_wconf 80' lang='grc' dir='ltr'><strong>τῇ</strong></span> <span class='ocrx_word' id='word_1_386' title='bbox 2101 3935 2322 4003; x_wconf 62' lang='lat' dir='ltr'><strong>disicet</strong></span> <span class='ocrx_word' id='word_1_387' title='bbox 2366 3943 2476 4001; x_wconf 79' lang='grc' dir='ltr'><strong>τοῦ</strong></span> 
     </span>
     <span class='ocr_line' id='line_1_42' title="bbox 219 4017 2474 4130; baseline 0 -43"><span class='ocrx_word' id='word_1_388' title='bbox 219 4017 392 4088; x_wconf 67' lang='grc' dir='ltr'><strong><em>Ἰλίου</em></strong></span> <span class='ocrx_word' id='word_1_389' title='bbox 424 4026 769 4109; x_wconf 53' lang='lat' dir='ltr'><strong>modestior</strong></span> <span class='ocrx_word' id='word_1_390' title='bbox 809 4026 970 4130; x_wconf 66' lang='grc' dir='ltr'><strong>φησὶ</strong></span> <span class='ocrx_word' id='word_1_391' title='bbox 1014 4023 1131 4108; x_wconf 74' lang='grc' dir='ltr'><strong>πρὸ</strong></span> <span class='ocrx_word' id='word_1_392' title='bbox 1161 4029 1270 4107; x_wconf 77' lang='grc' dir='ltr'><strong>τῆς</strong></span> <span class='ocrx_word' id='word_1_393' title='bbox 1306 4019 1513 4107; x_wconf 75' lang='grc' dir='ltr'><strong><em>θύρας</em></strong></span> <span class='ocrx_word' id='word_1_394' title='bbox 1554 4029 1669 4089; x_wconf 76' lang='grc' dir='ltr'><strong>τοῦ</strong></span> <span class='ocrx_word' id='word_1_395' title='bbox 1700 4019 2060 4108; x_wconf 80' lang='grc' dir='ltr'><strong><em>Λντήνορος</em></strong></span> <span class='ocrx_word' id='word_1_396' title='bbox 2098 4029 2474 4107; x_wconf 79' lang='grc' dir='ltr'><strong><em>προτεθῆναι</em></strong></span> 
     </span>
     <span class='ocr_line' id='line_1_43' title="bbox 233 4104 2475 4195; baseline -0 -24"><span class='ocrx_word' id='word_1_397' title='bbox 233 4104 532 4191; x_wconf 69' lang='grc' dir='ltr'><strong>ου’μβολον</strong></span> <span class='ocrx_word' id='word_1_398' title='bbox 559 4118 669 4176; x_wconf 76' lang='grc' dir='ltr'><strong>τοῦ</strong></span> <span class='ocrx_word' id='word_1_399' title='bbox 701 4109 1078 4195; x_wconf 78' lang='grc' dir='ltr'><em>ἆπορθητον</em></span> <span class='ocrx_word' id='word_1_400' title='bbox 1111 4112 1380 4189; x_wconf 74' lang='grc' dir='ltr'><strong><em>ἔαθῆναι</em></strong></span> <span class='ocrx_word' id='word_1_401' title='bbox 1416 4109 1531 4188; x_wconf 72' lang='grc' dir='ltr'><strong>τήν</strong></span> <span class='ocrx_word' id='word_1_402' title='bbox 1560 4111 1781 4174; x_wconf 75' lang='grc' dir='ltr'><strong>οἰκίαν.</strong></span> <span class='ocrx_word' id='word_1_403' title='bbox 1869 4112 2189 4172; x_wconf 83' lang='lat' dir='ltr'><strong>Enimvero</strong></span> <span class='ocrx_word' id='word_1_404' title='bbox 2232 4130 2475 4172; x_wconf 85' lang='lat' dir='ltr'><strong>versum</strong></span> 
     </span>
     <span class='ocr_line' id='line_1_44' title="bbox 238 4196 2474 4278; baseline 0.002 -26"><span class='ocrx_word' id='word_1_405' title='bbox 238 4212 307 4252; x_wconf 76' lang='lat' dir='ltr'><strong>cx</strong></span> <span class='ocrx_word' id='word_1_406' title='bbox 327 4199 511 4257; x_wconf 74' lang='grc' dir='ltr'><em>Αἰαοε</em></span> <span class='ocrx_word' id='word_1_407' title='bbox 549 4202 839 4259; x_wconf 74' lang='lat' dir='ltr'><strong>Locrensi</strong></span> <span class='ocrx_word' id='word_1_408' title='bbox 867 4198 1090 4259; x_wconf 84' lang='lat' dir='ltr'><strong>recitat</strong></span> <span class='ocrx_word' id='word_1_409' title='bbox 1131 4196 1331 4257; x_wconf 86' lang='lat' dir='ltr'><strong>Schol.</strong></span> <span class='ocrx_word' id='word_1_410' title='bbox 1369 4196 1677 4278; x_wconf 83' lang='lat' dir='ltr'><strong>Aristoph.</strong></span> <span class='ocrx_word' id='word_1_411' title='bbox 1719 4198 1797 4258; x_wconf 88' lang='lat' dir='ltr'><strong>ad</strong></span> <span class='ocrx_word' id='word_1_412' title='bbox 1843 4199 2001 4259; x_wconf 82' lang='lat' dir='ltr'><strong>Aves</strong></span> <span class='ocrx_word' id='word_1_413' title='bbox 2042 4197 2474 4263; x_wconf 70' lang='lat' dir='ltr'><strong>934-moe-</strong></span> 
     </span>
     <span class='ocr_line' id='line_1_45' title="bbox 246 4276 2474 4365; baseline -0.002 -22"><span class='ocrx_word' id='word_1_414' title='bbox 246 4282 455 4345; x_wconf 70' lang='grc' dir='ltr'><strong>στίκτου</strong></span> <span class='ocrx_word' id='word_1_415' title='bbox 485 4283 669 4359; x_wconf 76' lang='grc' dir='ltr'><strong><em>κυνός</em></strong></span> <span class='ocrx_word' id='word_1_416' title='bbox 693 4282 937 4361; x_wconf 72' lang='grc' dir='ltr'><em>σπολᾶς</em></span> <span class='ocrx_word' id='word_1_417' title='bbox 961 4283 1266 4362; x_wconf 74' lang='grc' dir='ltr'><strong>Λίβυσσα,</strong></span> <span class='ocrx_word' id='word_1_418' title='bbox 1299 4276 1785 4365; x_wconf 75' lang='grc' dir='ltr'><strong>’παρδαληφόρον</strong></span> <span class='ocrx_word' id='word_1_419' title='bbox 1811 4283 2006 4365; x_wconf 74' lang='grc' dir='ltr'><strong>δέρας.</strong></span> <span class='ocrx_word' id='word_1_420' title='bbox 2051 4282 2287 4343; x_wconf 89' lang='lat' dir='ltr'><strong>Alludit</strong></span> <span class='ocrx_word' id='word_1_421' title='bbox 2315 4281 2474 4339; x_wconf 88' lang='lat' dir='ltr'><strong>enim</strong></span> 
     </span>
     <span class='ocr_line' id='line_1_46' title="bbox 253 4363 2474 4449; baseline -0.001 -24"><span class='ocrx_word' id='word_1_422' title='bbox 253 4363 318 4420; x_wconf 68' lang='lat' dir='ltr'><strong>td</strong></span> <span class='ocrx_word' id='word_1_423' title='bbox 340 4385 398 4425; x_wconf 78' lang='lat' dir='ltr'><strong>ea</strong></span> <span class='ocrx_word' id='word_1_424' title='bbox 428 4373 601 4431; x_wconf 74' lang='lat' dir='ltr'><strong>verba</strong></span> <span class='ocrx_word' id='word_1_425' title='bbox 643 4373 952 4433; x_wconf 78' lang='lat' dir='ltr'><strong>comicus.</strong></span> <span class='ocrx_word' id='word_1_426' title='bbox 1043 4368 1296 4429; x_wconf 84' lang='lat' dir='ltr'><strong>Versum</strong></span> <span class='ocrx_word' id='word_1_427' title='bbox 1337 4389 1576 4449; x_wconf 85' lang='lat' dir='ltr'><strong>quoque</strong></span> <span class='ocrx_word' id='word_1_428' title='bbox 1606 4379 1899 4428; x_wconf 84' lang='lat' dir='ltr'><strong>memorat</strong></span> <span class='ocrx_word' id='word_1_429' title='bbox 1926 4368 2145 4430; x_wconf 83' lang='lat' dir='ltr'><strong>Suidas</strong></span> <span class='ocrx_word' id='word_1_430' title='bbox 2176 4387 2251 4427; x_wconf 78' lang='lat' dir='ltr'><strong>ex</strong></span> <span class='ocrx_word' id='word_1_431' title='bbox 2279 4364 2474 4424; x_wconf 85' lang='lat' dir='ltr'><strong>Scho-</strong></span> 
     </span>
     <span class='ocr_line' id='line_1_47' title="bbox 249 4445 2473 4536; baseline -0.002 -22"><span class='ocrx_word' id='word_1_432' title='bbox 249 4445 337 4529; x_wconf 73' lang='grc' dir='ltr'><strong>Βο,</strong></span> <span class='ocrx_word' id='word_1_433' title='bbox 373 4463 429 4515; x_wconf 84' lang='lat' dir='ltr'><strong>et</strong></span> <span class='ocrx_word' id='word_1_434' title='bbox 473 4457 683 4522; x_wconf 76' lang='lat' dir='ltr'><strong>Pollux</strong></span> <span class='ocrx_word' id='word_1_435' title='bbox 735 4458 868 4536; x_wconf 82' lang='lat' dir='ltr'><strong>vn,</strong></span> <span class='ocrx_word' id='word_1_436' title='bbox 915 4460 1027 4522; x_wconf 88' lang='lat'><strong>70.</strong></span> <span class='ocrx_word' id='word_1_437' title='bbox 1113 4453 1340 4516; x_wconf 86' lang='lat' dir='ltr'><strong>Iterum</strong></span> <span class='ocrx_word' id='word_1_438' title='bbox 1378 4455 1457 4516; x_wconf 88' lang='lat' dir='ltr'><strong>de</strong></span> <span class='ocrx_word' id='word_1_439' title='bbox 1495 4474 1567 4518; x_wconf 86' lang='lat' dir='ltr'><strong>eo</strong></span> <span class='ocrx_word' id='word_1_440' title='bbox 1594 4456 1928 4536; x_wconf 78' lang='lat' dir='ltr'><strong>fragmento</strong></span> <span class='ocrx_word' id='word_1_441' title='bbox 1970 4453 2192 4516; x_wconf 83' lang='lat' dir='ltr'><strong>mentio</strong></span> <span class='ocrx_word' id='word_1_442' title='bbox 2231 4453 2336 4512; x_wconf 85' lang='lat' dir='ltr'><strong>fiet</strong></span> <span class='ocrx_word' id='word_1_443' title='bbox 2366 4451 2473 4512; x_wconf 84' lang='lat' dir='ltr'><strong>ins.</strong></span> 
     </span>
    </p>
   </div>
  </div>
 </body>
</html>
