2882 5028
573 407 1185 482 AENEIDOS
1238 410 1445 485 LIB.
1499 412 1633 506 IV,
1686 418 2125 495 139—152
2332 425 2480 496 617

235 593 683 692 Cretesque
709 596 1231 696 Dryopesque
1276 593 1635 673 fremunt
1669 599 2014 698 pictique
2048 602 2486 701 Agathyrsi3

230 697 419 795 Ipse
451 695 649 791 iugis
683 695 967 792 Cynthi
999 699 1387 795 graditur,
1443 700 1827 802 mollique
1856 701 2246 780 fluentem

227 798 564 874 Fronde
610 801 904 898 premit
938 803 1241 878 crinem
1272 801 1608 900 singem,
1641 818 1878 906 atque
1914 806 2233 910 inplicat
2260 834 2488 903 auro;

183 937 190 944 ‹
239 900 437 977 Tela
474 916 763 977 sonant
800 902 1172 983 humeris,
1275 905 1509 981 Haud
1546 905 1685 982 illo
1716 910 2032 1006 segnior
2059 910 2220 986 ibat

235 1010 587 1095 Aeneas3
650 1020 959 1083 tantum
1001 1009 1315 1107 egregio
1352 1009 1597 1085 decus
1625 1012 1869 1088 enitet
1903 1037 2069 1089 ore.
2342 1022 2494 1095 150

235 1113 682 1211 Postquam
740 1110 937 1186 altos
1001 1128 1332 1190 ventum
1403 1114 1486 1187 in
1558 1115 1890 1214 montis,
1976 1131 2213 1220 atque
2289 1118 2492 1194 invia

1404 1216 1671 1314 lustra,

240 1318 453 1393 Ecce
495 1313 751 1413 ferae,
804 1318 962 1393 saxi
1005 1316 1357 1396 deiectae
1405 1322 1739 1417 vertice,
1798 1345 2075 1422 caprae

388 1554 494 1610 146
531 1558 754 1607 Curetes
798 1561 1157 1629 Dryopesque
1202 1576 1283 1627 pr.
1331 1559 1538 1624 Hamb„
1596 1559 1948 1612 memorabilis
1980 1558 2172 1623 lecti03
2218 1558 2318 1609 nisi
2353 1558 2496 1627 quod

245 1625 313 1677 ab
351 1624 737 1693 interpolatore
792 1644 906 1678 esse
944 1637 1152 1696 potest,
1203 1627 1290 1696 qui
1340 1641 1561 1681 metrum
1592 1630 1837 1682 laborare
1872 1630 2102 1698 putabat.
2174 1632 2497 1698 Curetesque

249 1696 598 1765 Driopesque
632 1694 842 1777 Ressins.
916 1702 1103 1747 Cretes
1148 1702 1247 1750 Dr.
1297 1697 1405 1749 alii.
1478 1698 1599 1750 Fuit
1645 1700 1786 1751 sorte
1832 1716 2013 1750 versus
2049 1695 2240 1750 Graeci
2274 1707 2493 1766 poetae:

244 1759 474 1830 Κρῆτές
507 1779 567 1817 τε
599 1761 862 1830 Aevom&
904 1759 965 1818 τ’
999 1760 1102 1834 ἠδὲ
1155 1765 1364 1820 στιπτοὶ
1394 1763 1740 1837 Ἀγάθυρσοι.
1810 1769 2066 1840 Agacirsi
2104 1766 2337 1818 scribunt
2383 1766 2497 1817 fere

243 1833 477 1884 librarii.
619 1836 720 1887 147
753 1836 896 1886 Inde
928 1837 1049 1886 Exc.
1084 1837 1251 1886 Burm-
1287 1856 1318 1889 a
1353 1855 1432 1906 pr.
1469 1856 1536 1889 m.
1678 1839 1778 1893 148
1814 1843 2019 1889 Fronte
2052 1836 2243 1887 Medic.
2280 1846 2332 1887 et
2374 1837 2495 1885 Me-

248 1920 373 1970 nag.
410 1919 493 1970 pr.
550 1903 800 1971 fluentes
834 1906 1014 1955 crines
1047 1905 1287 1957 Parthas.
1343 1905 1418 1976 su
1461 1910 1581 1958 iens
1612 1908 1735 1958 Exc.
1769 1908 1941 1957 Bnrm.
1972 1926 2001 1957 a
2027 1923 2110 1974 pr.
2147 1924 2215 1956 m.
2275 1906 2501 1975 cingens

249 1990 333 2044 pr.
371 1972 565 2022 Moret.
635 1990 870 2055 surgens
904 1985 1005 2024 aut
1044 1974 1205 2025 Goth.
1240 1993 1346 2027 sec.
1465 2005 1531 2015 —
1570 1977 1687 2030 149.
1723 1975 1943 2027 Bothins
1995 1975 2213 2042 corrigit
2249 1977 2495 2042 sequior,

249 2041 397 2111 qnod
431 2052 574 2092 recte
606 2041 780 2094 reiicit
824 2043 968 2094 Iahn-
1020 2044 1162 2110 Wr.)
1308 2047 1408 2100 150
1455 2048 1647 2097 enu‘cat
1693 2064 1774 2114 pr.
1830 2045 2014 2096 Hamb.
2065 2061 2163 2112 pro
2214 2061 2321 2094 var.
2376 2042 2497 2093 lect.

251 2130 400 2162 auro
431 2110 582 2161 Leid.
620 2120 675 2161 et
709 2114 841 2164 Ven.
981 2113 1078 2165 151
1115 2115 1152 2163 i.
1188 2131 1327 2165 saxa
1361 2116 1600 2167 Parthas.
1639 2118 1885 2184 (montes,
1920 2131 2025 2165 non
2059 2115 2275 2178 montis,
2305 2105 2496 2163 Medic.

260 2183 347 2234 W
339 2180 410 2247 t.)
554 2181 655 2234 152
689 2199 726 2233 a
751 2183 964 2240 avertice
996 2182 1155 2233 Goth.
1191 2192 1308 2234 tert.

252 2378 384 2446 est,
426 2370 592 2449 quod
637 2371 761 2452 ipse
799 2373 945 2433 deus
986 2373 1202 2436 choros
1226 2397 1339 2456 pa·
1423 2375 1605 2436 mitus
1654 2375 1857 2435 laurea
1903 2375 2094 2435 vittae
2144 2392 2358 2435 aureae
2404 2373 2501 2433 in-

249 2464 376 2517 rat.
418 2459 752 2518 instaurare
786 2480 922 2519 cum
956 2460 1207 2539 dilectu;
1252 2471 1344 2521 est
1426 2481 1613 2537 nexa,
1671 2471 1733 2521 et
1778 2460 2066 2543 pharetra
2119 2480 2192 2520 ex
2236 2458 2502 2520 humeris

256 2544 422 2602 enim
449 2563 582 2603 voc.
609 2545 946 2625 religiosum
992 2558 1052 2607 et
1089 2569 1342 2608 sacrum.
1425 2547 1740 2629 pendente.
1794 2548 1907 2607 Sed
1928 2549 2117 2607 maius
2133 2546 2502 2627 phantasma,

256 2630 521 2688 Ducitur
565 2628 785 2691 chorus
824 2633 898 2691 ab
941 2633 1042 2708 iis,
1099 2635 1201 2712 qui
1245 2634 1345 2694 vel

258 2735 434 2775 sacra
470 2726 706 2792 curant,
745 2718 841 2777 vel
870 2720 1107 2797 frugum
1132 2719 1347 2799 primi-

257 2802 383 2861 tias
409 2801 621 2861 Delum
651 2812 999 2882 apportant:
1037 2815 1181 2865 sunt
1194 2807 1342 2864 Cre-

256 2897 495 2960 tenses,
550 2884 699 2968 (vid.
740 2889 957 2949 Meurs.
1001 2891 1172 2948 Creta
1213 2911 1346 2969 pag.

265 2976 414 3037 199.
445 2972 617 3053 Wr.)
647 2973 913 3055 Dryopes
939 2984 1002 3035 et
1029 2976 1348 3055 Agathyrsi

261 3074 374 3117 seu
402 3056 806 3138 Hyperborei5
842 3061 881 3120 ii
890 3061 1166 3139 fremunt
1191 3064 1350 3122 circa

264 3164 458 3218 aram,
508 3146 731 3204 saltant
768 3166 839 3205 ac
869 3156 1133 3206 cantant.
1195 3150 1352 3226 picti

262 3230 611 3309 Agathyrsi
629 3275 646 3305 ,
691 3240 763 3292 ut
781 3236 942 3310 picti
982 3234 1215 3308 Geloni,
1241 3234 1347 3291 Ge.

264 3317 343 3392 11,
391 3315 534 3391 114,
573 3316 675 3376 ubi
716 3317 791 3376 de
833 3319 1201 3397 stigmatibus
1246 3337 1350 3377 ao-

266 3412 560 3481 ceperant
608 3405 777 3462 Serv.
820 3412 880 3461 et
926 3404 1234 3463 claudian.
1286 3403 1350 3462 in

267 3487 415 3547 Ruf.
445 3488 489 3562 Ι,
533 3486 678 3553 314.
724 3486 821 3566 (ut
841 3489 1017 3549 etiam
1049 3490 1236 3569 Asper
1256 3508 1351 3569 ap.

268 3573 415 3633 Mai.
449 3572 627 3654 Wr.)
714 3574 793 3632 At
818 3573 1063 3651 Melan,
1096 3580 1151 3638 1.
1176 3580 1235 3639 2.
1268 3577 1351 3638 86

269 3658 616 3738 Agathyrsi
636 3656 740 3718 o'ra
757 3673 1039 3740 artusque
1043 3664 1311 3739 pingunt
1322 3680 1349 3731 ,-

272 3758 343 3805 ut
385 3747 603 3824 quique
655 3744 980 3804 maioribus
1008 3756 1347 3824 praestant,

273 3834 368 3890 ita
409 3832 614 3908 magis
649 3830 748 3889 vel
789 3834 990 3889 minus
1011 3855 1029 3889 .·
1100 3843 1355 3889 ceterum

277 3916 494 3975 iisdem
531 3936 731 3973 omnes
758 3919 913 3975 notis
951 3927 1007 3974 et
1033 3919 1120 3975 sic
1144 3928 1211 3975 ut
1239 3914 1355 3974 ab-

277 4002 375 4060 lui
400 4012 719 4081 nequeant.
812 4001 932 4060 Nec
973 4001 1147 4061 aliter
1177 4020 1356 4079 quam

279 4086 527 4166 proprie
596 4086 788 4165 pictos
834 4107 910 4146 ex
936 4106 1029 4147 ·eo
1070 4087 1204 4147 loco
1261 4105 1361 4146 eos

278 4171 561 4252 produnt
581 4173 763 4231 Solin.
785 4182 846 4231 et
866 4172 1157 4232 Ammian.
1202 4171 1360 4233 conf.

278 4259 527 4318 Salmas.
557 4256 637 4316 ad
667 4256 851 4317 Solin.
897 4279 956 4338 p.
1005 4261 1144 4323 133.
1221 4256 1364 4315 Ad-

282 4344 528 4403 veniens
559 4343 705 4402 deus
747 4342 1051 4402 descendit
1090 4343 1163 4401 de
1198 4344 1364 4421 Cyn-

279 4429 425 4505 tho,
471 4428 575 4507 qui
603 4430 825 4510 templo
852 4430 1154 4505 imminet,
1197 4426 1364 4488 redi-

1428 2634 1591 2713 quod
1651 2636 1771 2693 tela
1825 2646 2038 2692 sonant
2087 2654 2160 2690 ex
2222 2633 2502 2708 humeris,

1431 2720 1545 2779 deo
1581 2720 1923 2795 incedente,
1970 2716 2170 2797 (Hom.
2201 2716 2266 2775 11.
2305 2718 2346 2792 l,
2375 2716 2502 2779 46.2

1429 2804 1715 2885 ἔκλαγξαν
1802 2798 1865 2867 δ’
1949 2797 2052 2881 ἄρ’
2128 2795 2322 2865 ὀϊστοὶ
2405 2793 2505 2863 ἐπ’

1432 2887 1638 2969 ὤμων.
1705 2888 1880 2967 Wr.)
1956 2886 2236 2965 quodque
2280 2885 2504 2945 crinem

1415 2978 1742 3055 fluentem,
1786 2974 2055 3047 effusum,
2103 2972 2293 3050 qualis
2319 2969 2506 3049 Apol-

1432 3060 1569 3120 linis
1618 3069 1740 3134 est,
1826 3060 1953 3139 ipse
2003 3061 2221 3136 premit
2259 3057 2509 3135 fingens

1434 3143 1652 3205 fronde
1705 3153 1767 3203 et
1809 3166 1955 3203 aum
1992 3145 2296 3221 amplicat,
2350 3142 2508 3200 vitta

1433 3250 1645 3307 aurea,
1718 3230 2070 3289 diademate.
2167 3229 2252 3285 De
2305 3226 2510 3286 ceteris

1432 3338 1493 3378 v.
1527 3318 1773 3375 Excurs.
1804 3317 1855 3375 11
1887 3315 1963 3374 ad
1992 3313 2103 3374 hos
2133 3333 2317 3374 verss.

1525 3400 1665 3468 149.
1700 3402 1840 3467 150.
1870 3400 2103 3480 Duplex
2127 3399 2313 3479 igitur
2341 3417 2511 3459 com-

1434 3487 1760 3568 parationis
1798 3495 2163 3547 momentum
2211 3493 2273 3543 et
2310 3484 2513 3544 conci-

1433 3574 1673 3633 tatioris
1700 3573 1959 3631 incessus
1983 3581 2043 3630 et
2066 3569 2513 3651 pulcritudinis:

1436 3668 1560 3718 tam
1617 3658 1799 3718 alacri
1851 3677 2055 3736 gressu
2113 3665 2175 3715 et
2217 3655 2344 3735 ipse
2388 3666 2514 3715 tam

1434 3744 1645 3824 pulcer
1700 3743 2015 3803 incedebat
2076 3741 2321 3803 Aeneas.
2422 3738 2514 3823 (ln

1439 3829 1980 3909 comparationibus
2002 3848 2124 3888 non
2145 3838 2290 3887 sunt
2313 3846 2516 3887 omnes

1437 3924 1642 3996 partes
1683 3915 1761 3975 ad
1805 3935 1932 3975 rem
1974 3925 2378 3993 comparatam
2416 3932 2518 3973 re-

1446 4001 1750 4078 ferendae,
1793 4010 1863 4060 ut
1906 4000 1969 4062 11.
2005 4000 2045 4060 l.
2089 4000 2273 4060 verba
2316 4000 2518 4058 molli«-

1447 4088 1952 4168 que—humen's.
1995 4085 2093 4144 Sic
2107 4086 2249 4146 Aen.
2268 4086 2311 4160 1,
2340 4085 2518 4150 500.:

1447 4174 1561 4231 illa
1590 4174 1938 4251 pharetram
1968 4174 2107 4232 Fert
2132 4172 2374 4231 humero
2386 4191 2416 4241 ,⁶
2460 4176 2517 4226 et

1447 4267 1616 4318 totus
1646 4256 1742 4318 ”vs-
1784 4256 1933 4322 602.
1990 4256 2089 4333 lv,
2130 4253 2274 4320 448.
2314 4274 2432 4332 sq.:
2476 4256 2523 4312 it

1448 4346 1661 4403 stridor
1687 4375 1770 4389 —
1789 4342 2061 4420 frondes.
2140 4340 2276 4414 Vll,
2347 4339 2522 4402 466.:

1449 4431 1617 4489 volae
1656 4449 1846 4506 vapor
1879 4438 2005 4486 atet
2031 4424 2121 4484 ad
2141 4444 2348 4485 aura-5.
2409 4423 2518 4485 cfr.
