2882 5028
552 382 1165 459 AENEIDOS
1220 383 1437 458 LIB.
1495 386 1584 475 V,
1635 385 2073 461 520—526

2295 393 2439 460 791

179 575 545 670 Seraque
594 568 919 644 terrifici
956 569 1418 644 cecinerunt
1464 568 1736 642 omina
1779 581 2010 646 vates,

173 680 553 775 Namque
591 673 861 749 volans
884 672 1203 773 liquidis
1224 674 1305 747 in
1342 672 1687 757 nubibus
1717 672 2260 769 arsitarundO,
2289 679 2446 753 525

181 777 699 878 Signavitque
731 777 939 853 viam
979 774 1356 874 flammis,
1410 775 1834 876 tenuisque
1866 776 2189 853 recessit

324 966 429 1023 524
469 966 697 1039 satideci
756 968 1000 1021 Parthas.
1074 971 1255 1021 omnia
1311 979 1365 1020 et
1404 966 1495 1019 hie
1540 975 1789 1035 corrupte
1838 968 1979 1019 libri.
2048 972 2294 1021 carmina
2332 979 2443 1022 tres

175 1038 324 1107 apud
355 1040 555 1104 burm„
600 1037 695 1089 sed
725 1040 906 1090 omina
936 1036 1087 1089 etiam
1121 1038 1190 1089 dc
1222 1037 1664 1107 interpretatione
1708 1038 2038 1090 oraculorum
2087 1047 2144 1090 et
2185 1038 2440 1107 augurio-

454 1109 557 1163 526
590 1107 1262 1178 montodanum:

182 1127 315 1159 mm·

179 1249 287 1328 qui
338 1248 546 1307 urbem
605 1248 835 1308 Siciliae
860 1293 880 1326 ,
954 1251 1274 1329 Segestam,

178 1345 448 1409 teneret,
491 1335 613 1393 sata
660 1335 894 1394 Siciliae
938 1355 1100 1394 nunc
1158 1354 1273 1394 au-

172 1421 356 1499 gurio
413 1420 769 1479 denuntiare
839 1430 1015 1480 recte'
1061 1429 1273 1501 potest.

173 1506 455 1565 Conseri-i
487 1517 752 1566 meretur
791 1507 1042 1565 imitatio
1092 1508 1267 1566 Statii

173 1591 257 1652 vl
292 1590 480 1650 Theb.
516 1593 641 1656 938
690 1612 834 1670 sqq„
879 1592 982 1651 ubi
1028 1591 1272 1653 Adrasti

174 1676 370 1737 telum
390 1722 408 1753 ,
452 1675 600 1735 dum
628 1677 787 1736 redit
813 1688 875 1737 et
903 1677 982 1736 ad
1008 1678 1132 1738 eius
1161 1698 1271 1758 pe·-

176 1763 286 1822 des
325 1764 390 1821 in
419 1771 642 1821 terram
671 1765 897 1840 fertur,
941 1764 1271 1823 infaustum

176 1848 583 1927 expeditionis
614 1857 892 1908 eventum
934 1850 1086 1908 bene
1117 1850 1273 1910 omi-

173 1943 399 2010 natur,
446 1942 506 1991 et
533 1934 645 1992 alia
672 1935 798 1993 Silii
839 1935 997 2011 xvi,
1029 1939 1154 2000 586
1193 1970 1261 1980 -

173 2023 326 2086 594.
415 2018 601 2094 Quod
643 2021 853 2098 sagitta
913 2022 1272 2097 exardescit,

174 2105 543 2166 arundinem
584 2116 729 2185 puta
761 2108 957 2186 ignem
990 2109 1270 2187 concipe-

174 2211 244 2252 re
270 2235 291 2267 ,
362 2211 487 2250 non
544 2192 771 2251 serrum
800 2235 816 2265 ‚
873 2191 1040 2252 haud
1090 2193 1271 2253 dubie

173 2276 392 2336 melius
426 2276 502 2335 ad
554 2287 904 2356 portentum
946 2288 1120 2358 pocta
1166 2299 1268 2339 re-

176 2363 360 2436 tulit,
405 2382 586 2441 quam
620 2383 696 2421 ex
732 2363 1119 2444 hyperbolica
1167 2386 1268 2424 ce-

173 2447 432 2509 leritatis
501 2449 905 2528 designatione
979 2452 1271 2531 repetiit:

173 2546 252 2596 ut
275 2537 504 2595 sactum
530 2546 621 2594 est
646 2536 956 2617 iuglande
989 2538 1270 2617 plumbea

173 2621 286 2681 inf.
313 2621 420 2698 IX,
442 2622 589 2687 588.
632 2631 833 2682 motus
860 2624 1162 2683 celeritate
1187 2624 1267 2683 li-

176 2708 478 2786 quefacta.
523 2706 872 2767 Portentum
893 2717 1087 2768 autem
1107 2713 1270 2789 ignis

176 2795 334 2852 aerii
356 2813 418 2851 v.
452 2792 577 2857 527
603 2814 688 2872 ις.
733 2791 920 2854 simile
952 2795 1058 2872 illi,
1103 2795 1268 2874 quod

176 2879 281 2938 lib.
329 2878 404 2954 ΙΙ,
449 2882 592 2944 693.
644 2879 807 2958 594,
866 2881 969 2940 ubi
1017 2901 1079 2940 v.
1128 2882 1265 2941 Not.

176 2965 400 3044 Popiua
439 2965 750 3024 consilium
796 2976 1004 3046 poetae
1041 2966 1108 3025 in
1149 2966 1269 3026 hoc

176 3048 453 3131 prodigio
484 3049 877 3111 desiderabat.
921 3074 981 3112 v.
1021 3072 1155 3111 eum
1189 3052 1266 3111 ad

175 3135 347 3196 lliad.
374 3136 579 3194 XXIII
618 3158 675 3196 n.
709 3137 811 3202 45.
900 3137 993 3197 Ad
1037 3140 1268 3197 lulium

173 3223 345 3281 sidae
370 3219 521 3280 haec
548 3224 772 3282 referre
797 3224 948 3283 velle
965 3268 982 3299 ,
1026 3222 1143 3282 hoc
1174 3236 1266 3283 est

173 3306 477 3386 ingeniose
517 3307 770 3385 ludere3
831 3318 892 3367 et
945 3310 1265 3368 intercedit

173 3395 300 3474 ipse
327 3402 540 3472 poeta,
601 3414 736 3454 cum
777 3395 1057 3469 temflcos
1095 3404 1263 3454 vates

175 3489 511 3624 ZRPSZHJ..
555 3477 1261 3647 zffi'i'.ss¹0‘j'0‘{213¹‚‘³2¹¹1133

174 3651 253 3711 ad
311 3650 540 3710 ltaliam
598 3652 799 3712 delato
860 3653 1054 3710 Aenea
1108 3654 1266 3712 inter

173 3737 475 3796 Troianos
557 3744 616 3795 et
695 3739 955 3797 Rutulos
1025 3740 1266 3797 exarsit.

170 3824 327 3882 Nam
367 3843 552 3902 quum
596 3824 916 3883 obscurum
960 3824 1267 3902 reliquerit

169 3916 351 3991 poeta
370 3954 386 3984 ,
430 3909 673 3987 quando
697 3929 871 3969 omen
899 3909 1051 3970 illud
1076 3929 1264 3970 even-

174 4004 309 4054 tum
365 3992 651 4055 habuerit
676 4041 692 4071 ,
768 3995 1088 4055 verisimile
1151 3998 1261 4071 est,

169 4080 250 4140 ad
279 4098 378 4140 res
422 4100 565 4140 mox
613 4081 687 4140 ab
730 4083 924 4140 Aenea
973 4081 1262 4161 gerendas

167 4165 408 4247 respici.
510 4165 701 4228 Aliter
742 4168 1024 4228 vitiosum
1065 4166 1260 4227 videri

168 4262 392 4334 potest,
420 4272 547 4312 rem
584 4255 743 4332 tangi
779 4274 811 4311 a
839 4263 1034 4334 poeta,
1080 4272 1259 4331 quam

167 4341 275 4400 vix
336 4339 460 4398 ulla
516 4358 829 4419 assequare
896 4341 1259 4400 coniectura.

175 4424 356 4504 Wr.)
445 4424 589 4490 524.
651 4428 912 4507 Sequoe
954 4439 998 4485 t.
1045 4445 1155 4505 per
1197 4445 1258 4485 se

1357 1248 1622 1308 incertus
1651 1257 1711 1307 et
1740 1247 2051 1326 ambiguus
2084 1256 2174 1307 est
2216 1267 2442 1325 sensus,

1357 1355 1471 1414 pro
1502 1335 1818 1414 temporis,
1864 1353 1984 1411 quo
2007 1343 2176 1392 vates
2210 1334 2440 1393 cecine-

1356 1441 1460 1497 re,
1505 1422 1799 1480 varietate
1811 1441 1831 1496 ;
1870 1420 2008 1497 quia
2031 1428 2232 1478 tamen
2265 1429 2437 1479 ante-

1358 1507 1548 1566 cedit:
1593 1509 1794 1565 docuit
1810 1518 1953 1584 post
1979 1509 2172 1563 exitus
2201 1508 2435 1584 ingens,

1356 1612 1597 1652 necesse
1627 1601 1715 1651 est
1741 1592 1818 1650 ad
1847 1601 2118 1671 tempora
2164 1588 2283 1649 hoc
2316 1611 2440 1651 non

1358 1678 1492 1755 illa,
1544 1678 1761 1757 quibus
1810 1686 2111 1737 ostentum
2171 1676 2442 1736 oblatum

1332 1771 1335 1774 '
1358 1774 1481 1841 est,
1520 1765 1624 1823 sed
1653 1765 1871 1842 quibus
1897 1772 2185 1824 eventum
2210 1762 2442 1840 habuit,

1355 1859 1644 1930 spectare.
1750 1852 2096 1909 Cecinertmt
2149 1858 2239 1908 est
2287 1850 2440 1909 adeo

1355 1934 1417 1994 h.
1479 1936 1518 1998 l.
1585 1937 1967 2017 interpretati
2030 1944 2193 1996 sunt.
2282 1956 2438 2011 sero,

1356 2042 1496 2081 cum
1530 2043 1624 2081 res
1649 2024 1809 2103 ipsae
1853 2022 2195 2095 evenirent,
2237 2030 2307 2079 ut
2343 2040 2441 2080 eas
2552 2058 2556 2071 «

1352 2107 1472 2166 iam
1520 2109 1660 2168 olim
1705 2109 1809 2168 illo
1854 2117 2093 2180 ostento
2133 2115 2439 2166 monstra-

1353 2202 1445 2252 tas
1515 2212 1638 2253 esse
1710 2194 1995 2255 dicerent.
2086 2194 2192 2252 Est
2260 2211 2439 2271 ergo:

1354 2280 1548 2339 Etiam
1580 2290 1776 2355 vates,
1833 2281 1941 2340 etsi
1986 2280 2174 2338 serius
2213 2286 2275 2336 et
2318 2279 2441 2337 iam

1355 2374 1491 2446 post
1522 2376 1805 2426 eventum
1824 2412 1841 2444 ,
1881 2387 2056 2445 quem
2080 2384 2177 2424 res
2207 2362 2437 2441 babuit,

1353 2472 1555 2511 casum
1582 2453 1665 2511 ita
1691 2452 2069 2532 interpretati
2095 2458 2256 2510 sunt.
2319 2451 2441 2509 Nec

1353 2539 1531 2598 aliter
1558 2549 1912 2618 acceperant
1933 2541 2014 2599 Io.
2043 2539 2145 2597 Fr.
2168 2538 2437 2610 Gronov.

1354 2624 1525 2684 Obss.
1567 2626 1632 2685 in
1686 2623 1842 2684 Add.
1888 2646 1945 2703 p.
1989 2629 2134 2688 272.
2221 2625 2438 2681 Exitus

1353 2713 1567 2788 ingens
1595 2711 1903 2791 praeclare
1936 2710 2010 2770 d'e
2040 2717 2267 2768 eventu
2303 2728 2437 2767 ma-

1349 2816 1468 2874 gno
1500 2815 1570 2854 ac
1597 2796 1872 2856 mirabili.
1944 2797 2155 2875 (Sera,
2204 2813 2436 2871 „gra-

1350 2880 1553 2955 via,“
1617 2882 1703 2942 ait
1752 2881 2028 2958 Servius;
2096 2880 2203 2938 cfr.
2254 2878 2433 2939 eund.

1353 2965 1432 3024 ad
1477 2966 1573 3040 Vl,
1620 2972 1764 3033 569.
1838 2968 1967 3042 XII,
2023 2964 2197 3039 864.;
2269 2963 2436 3041 quod

1329 3071 1463 3120 ‚nec
1486 3054 1723 3132 probat,
1770 3073 1880 3112 nec
1906 3053 2136 3112 refutat
2167 3049 2435 3109 Doeder-

1349 3137 1491 3196 lein.
1534 3138 1598 3196 in
1660 3139 1811 3198 libro
1844 3184 1864 3214 ,
1924 3138 2023 3198 cui
2078 3136 2434 3216 inscriptum

1352 3225 1495 3282 Lac.
1517 3225 1566 3281 S
1551 3246 1849 3304 Jnonyme
1867 3247 1930 3283 ιι.
1956 3223 2429 3303 Etymologs'een,

1350 3309 1410 3367 P.
1444 3308 1483 3367 1.
1513 3329 1571 3388 p.
1602 3314 1702 3374 78.
1773 3310 2045 3370 Iahnius:
2077 3327 2270 3386 „quae
2299 3326 2432 3367 sero

1346 3394 1650 3453 intellecta
1683 3405 1743 3454 et
1765 3396 2012 3456 inventa
2035 3397 2242 3469 sunt;“
2267 3392 2432 3454 laud.

1347 3479 1688 3541 Broukhus.
1744 3483 1818 3541 ad
1849 3484 2132 3563 Propert.
2184 3480 2281 3555 111,
2333 3484 2432 3556 11,

1345 3565 1450 3631 55.
1535 3566 1682 3625 Mihi
1757 3568 1997 3646 quidem
2027 3613 2043 3643 ,
2124 3585 2201 3625 ex
2263 3583 2433 3623 more

1347 3651 1669 3730 virgiliano
1711 3674 1836 3713 rem
1879 3654 2146 3713 breviter
2194 3650 2432 3710 indica-

1348 3745 1475 3796 tam
1506 3739 1938 3818 amplificandi,
1981 3762 2115 3799 sera
2143 3738 2216 3797 ad
2249 3755 2431 3816 prae-

1347 3841 1610 3901 gressum
1629 3839 1772 3902 poet
1787 3870 1804 3901 ,
1854 3826 2095 3900 temflci
2118 3823 2194 3883 ad
2218 3826 2432 3901 ingens

1344 3909 1655 3968 reserenda
1687 3912 1977 3971 videntur
2018 3920 2301 3989 totusque
2332 3908 2429 3967 lo-

1348 4013 1454 4053 cus
1477 3996 1560 4054 ita
1582 3998 1992 4077 accipiendus:
2040 4005 2226 4068 vates,
2253 4013 2428 4053 omen

1345 4080 1499 4140 illud
1548 4083 2049 4163 interpretantes,
2118 4082 2426 4159 aliquanto

1342 4175 1484 4247 post
1529 4169 1698 4248 gravi
1741 4191 1879 4230 cum
1919 4188 2122 4229 rerum
2170 4184 2426 4225 conver-

1342 4252 1508 4311 sione
1536 4264 1893 4317 eventurum
1923 4254 2233 4315 canebant.
2313 4253 2426 4309 Ce-

1342 4347 1539 4399 terum
1600 4343 1917 4402 manifesto
1955 4340 2106 4399 haec
2150 4338 2427 4397 imitatur

1343 4424 1539 4486 Valcr.
1569 4427 1656 4487 ΕΙ.
1685 4428 1755 4504 V,
1781 4431 1923 4495 260.
1951 4432 2108 4504 s’qq.:
2152 4424 2424 4501 „interea
