2882 5028
659 396 843 467 AD
946 369 1580 520 L1⁸BRUM
1683 392 1773 465 11
2194 402 2346 473 387

294 585 589 644 Romanos
626 599 842 664 poetas
862 629 880 661 ,
961 583 1406 662 antiquissimos
1465 583 1741 664 quidem,
1794 583 1950 646 nihil
2004 585 2171 646 aliud
2222 586 2348 647 sere

149 669 330 748 egisse,
371 691 543 749 quam
587 681 659 731 ut
699 672 926 746 Graeca
966 671 1151 730 latine
1193 680 1638 747 converterent,
1681 672 1758 732 ab
1799 670 1894 733 his
1923 681 2126 733 autem
2152 681 2348 732 aetate

146 755 425 834 proximos,
468 767 527 817 et
569 758 808 818 omnino
837 756 1417 838 praestantissimum
1461 776 1756 836 quemque
1797 767 2037 839 poetam
2052 803 2071 835 ,
2117 759 2351 819 Graeca

144 841 302 900 latine
337 845 708 923 expressisse,
766 844 1050 905 Graeciae
1091 842 1272 902 flores
1312 843 1375 901 in
1420 842 1709 904 viridaria
1752 839 2024 905 Romana
2067 854 2346 905 transtu-

144 926 279 1001 lisse,
315 938 372 988 et
397 931 634 990 omnino
675 950 751 991 ex
796 931 1037 991 Graecis
1075 928 1397 1010 profecisse
1440 930 1649 1004 unice,
1716 931 1797 990 ad
1856 950 2182 1010 eorumque
2233 950 2342 989 ex-

146 1013 368 1092 emplum
414 1017 716 1095 poeticum
772 1017 1032 1096 aliquem
1090 1034 1457 1091 sermonem,
1516 1016 1621 1094 qui
1672 1037 1708 1074 a
1764 1017 2028 1097 pedestri
2072 1017 2345 1077 oratione

145 1099 288 1177 plane
326 1100 627 1183 discrepat,
670 1105 1101 1178 conformasse,
1141 1102 1208 1160 in
1250 1102 1518 1161 confesso
1561 1112 1670 1162 est.
1755 1105 2011 1178 Etmius,
2055 1104 2162 1182 qui
2198 1102 2344 1163 Ilia-

148 1184 221 1243 dis
245 1186 391 1246 rivos
426 1189 489 1248 in
531 1188 789 1249 Annales
831 1210 971 1250 suos
1006 1187 1317 1263 traduxit,
1361 1187 1721 1266 Tragoedias
1746 1189 1952 1269 plures
1981 1189 2166 1249 latine
2195 1209 2342 1250 eon-

147 1280 395 1332 verterat:
426 1283 486 1333 et
510 1277 599 1335 sic
622 1275 851 1354 Tragici
881 1296 952 1334 ac
974 1274 1196 1334 Comici
1221 1281 1452 1333 veteres
1477 1276 1602 1334 sere
1630 1295 1837 1335 omnes
1866 1275 2208 1335 faciendum
2233 1274 2344 1333 sibi

149 1368 476 1436 putaverant.
559 1362 683 1421 Sed
726 1362 803 1420 de
844 1361 963 1421 hoc
1003 1379 1172 1420 nunc
1213 1380 1337 1418 non
1380 1360 1582 1439 agitur
1595 1383 1613 1437 3
1668 1380 1882 1420 verum
1924 1362 2166 1420 Iliadem
2191 1359 2345 1439 ⁸Ho-

150 1445 263 1504 meri
298 1446 681 1507 transtulerat
728 1448 839 1506 Gn.
891 1450 1161 1508 Mattius
1177 1490 1195 1520 ,
1256 1455 1319 1505 et
1377 1447 1603 1525 Cypria
1643 1451 1922 1506 carmina
1972 1447 2130 1506 infra
2170 1445 2346 1507 vide-

150 1528 302 1590 bimus
338 1553 369 1590 a
408 1534 657 1593 Naevio
698 1533 887 1592 latine
928 1535 1128 1608 facta,
1189 1541 1279 1608 et,
1323 1531 1373 1591 si
1412 1532 1514 1591 alii
1558 1532 1716 1592 iuter
1758 1534 2062 1593 Romanos
2105 1551 2344 1591 memo-

149 1625 346 1694 rantur,
385 1618 481 1696 qui
524 1628 950 1700 argumentum
990 1619 1133 1679 belli
1163 1617 1408 1678 Troiani
1450 1627 1814 1694 tractarunt,
1857 1627 1931 1680 ut
1964 1622 2189 1678 Mac-er
2215 1617 2344 1676 An-

152 1699 486 1779 tehomerica,
554 1727 617 1767 v.
664 1705 847 1766 Ovid.
891 1705 946 1764 11
987 1706 1123 1766 Am·
1169 1707 1280 1780 18,
1326 1712 1386 1762 et
1428 1702 1889 1778 Posthomerica,
1934 1705 1988 1765 11
2031 1724 2109 1763 ex
2153 1704 2345 1763 Ponto

153 1789 226 1861 10,
264 1793 351 1866 13,
397 1791 535 1850 item
583 1792 971 1868 &amet-thus,
1036 1791 1123 1851 lv
1161 1808 1240 1848 ex
1281 1788 1476 1849 Ponto
1525 1795 1623 1865 16,
1669 1794 1729 1866 6,
1781 1792 1887 1849 ubi
1938 1810 1998 1851 v.
2045 1797 2205 1863 not.,
2271 1808 2349 1847 ex

152 1873 340 1934 Graecis
378 1877 496 1938 fere
538 1897 644 1950 eos
690 1898 800 1937 sua
843 1877 1179 1952 effinxisse,
1223 1876 1567 1956 exemplum
1602 1895 1849 1951 eorum,
1907 1877 2011 1955 qui
2054 1874 2348 1956 supersti-

150 1965 219 2017 tes
249 1971 403 2038 sunt,
470 1964 722 2024 credere
776 1963 960 2025 iubet.
1062 1963 1287 2023 Verum
1332 1961 1409 2021 de
1454 1964 1703 2021 Latinis
1757 1965 2120 2021 Homeri-stis
2172 1961 2349 2020 docte

153 2064 278 2106 mne
300 2048 401 2127 egit
425 2050 816 2128 Wemsdors.
855 2050 920 2109 in
947 2053 1124 2109 Poet.
1155 2051 1370 2106 minor.
1407 2048 1479 2108 T.
1523 2047 1624 2124 lv,
1661 2068 1722 2127 p.
1753 2049 1897 2114 565.
1929 2049 2056 2114 568
2081 2068 2167 2125 sq.
2201 2049 2347 2113 579.

129 2200 139 2209 ⁸
280 2131 491 2194 Manita
527 2138 657 2198 iam
705 2143 768 2195 et
801 2138 1099 2216 patefacta
1138 2127 1229 2194 est
1270 2134 1402 2207 via,
1456 2141 1531 2193 ut
1589 2134 1875 2194 accedere
1917 2133 2212 2213 possimus
2268 2132 2349 2191 ad

153 2212 233 2289 id,
275 2221 417 2280 cuius
453 2243 672 2284 caussa
713 2227 907 2282 totam
959 2219 1119 2281 hanc
1159 2218 1624 2300 disputationem
1666 2220 2061 2300 suscepimus,
2115 2228 2188 2279 ut
2225 2219 2349 2277 sci-

155 2299 269 2359 ΠΜ
298 2325 629 2383 quaeramus
644 2353 666 2386 ,
711 2328 889 2388 quem
917 2310 1310 2387 potissinmm
1351 2326 1426 2364 ex
1468 2305 1759 2366 veteribus
1799 2309 1997 2384 poetis
2047 2306 2350 2384 Virgilius

157 2387 211 2443 in
242 2393 428 2452 excidio
475 2398 747 2455 Troiano
788 2394 1124 2453 enan-ando
1165 2402 1452 2472 sequutus
1489 2394 1590 2451 sit.
1665 2392 1804 2453 Esse
1830 2391 1999 2451 hunc
2035 2391 2195 2450 inter
2229 2409 2349 2465 eos,

156 2474 238 2549 qm·
271 2475 576 2543 interierint
594 2527 614 2557 ,
662 2479 836 2541 facile
876 2479 1261 2560 intelligitur,
1305 2476 1795 2559 quandoquidem
1838 2496 1950 2538 nec
1985 2477 2350 2558 cyclicorum

150 2570 406 2638 poetarum
434 2569 676 2648 aliquis,
718 2587 828 2627 nec
869 2586 1080 2627 eorum
1122 2566 1457 2644 quisquam,
1499 2564 1605 2643 qui
1633 2565 1898 2646 proximi
1939 2574 2137 2623 aetate
2162 2565 2350 2638 suere,

151 2650 458 2731 omninoque
512 2655 620 2734 qui
668 2663 811 2713 ante
855 2653 1167 2732 Virgilium
1208 2651 1449 2727 vixere,
1508 2651 1589 2710 ad
1628 2660 1839 2711 nostra
1880 2660 2156 2729 tempora
2201 2669 2351 2729 per-

150 2735 301 2795 veuit.
374 2741 586 2801 Sedula
634 2749 843 2800 tamen
883 2740 1217 2799 multarum
1256 2756 1467 2797 rerum
1509 2744 1571 2795 et
1612 2754 1822 2796 comm
1865 2736 2165 2814 inprimis,
2225 2733 2350 2813 qui,

148 2820 356 2881 seriores
393 2828 655 2905 quidem,
705 2836 940 2886 veteres
979 2835 1183 2884 tamen
1224 2822 1692 2902 exscripserunt,
1735 2831 1798 2880 et
1837 2821 2101 2880 Tabulae
2142 2819 2354 2879 Iliacae

147 2923 175 2959 a
208 2905 456 2972 Fabretto
498 2914 817 2993 vulgatae,
888 2912 953 2971 in
997 2931 1117 2990 qua
1159 2920 1436 2970 auctores
1478 2907 1764 2987 adscripti
1807 2918 1985 2982 sunt,
2046 2924 2168 2966 una
2213 2925 2354 2964 cum

146 2989 415 3073 Polygnoti
461 3000 682 3060 tabula
740 2997 904 3079 apud
961 2997 1346 3072 Pausaniam,
1405 2994 1884 3077 comparatione,
1942 3011 2109 3053 nunc
2150 2999 2356 3051 autem

151 3079 311 3139 multo
348 3086 517 3165 magis
577 3105 664 3144 ex
718 3084 915 3145 Procli
967 3084 1327 3163 Fragmento
1387 3081 1724 3141 coniectare
1780 3079 1950 3155 licet,
2019 3079 2089 3138 V
2083 3078 2356 3157 sir-gilium

145 3166 473 3237 mimum
510 3172 763 3232 Arctim'
811 3164 1005 3233 Ἰλίου
1046 3170 1325 3248 necorde,
1372 3179 1429 3226 et
1468 3188 1610 3226 cum
1648 3166 1771 3226 hac
1793 3162 2055 3228 Leschei
2090 3164 2356 3224 Iliadem

146 3266 362 3322 Pflwam
397 3260 754 3336 expressisse
772 3300 790 3331 ,
835 3257 1025 3317 multa
1066 3265 1266 3315 tamen
1282 3298 1299 3330 ‚
1357 3262 1431 3313 ut
1486 3253 1643 3312 infra
1697 3251 1766 3314 in
1821 3250 2066 3331 singulis
2115 3248 2357 3311 videbi-

152 3350 258 3394 ΠΝ·
271 3382 286 3413 ,
321 3344 528 3420 passim
569 3364 652 3403 ex
699 3344 952 3405 Graecis
992 3341 1321 3421 tragoediis
1337 3383 1355 3414 ,
1401 3337 1674 3418 inprimis
1717 3337 2034 3415 Euripidis
2051 3379 2070 3412 ,
2134 3332 2355 3395 hausta

151 3416 516 3489 inter-texuisse
530 3473 552 3505 ,
612 3428 785 3506 quod
826 3428 922 3487 tot
961 3428 1094 3488 loca
1149 3445 1228 3485 ex
1270 3424 1517 3485 Hecuba
1573 3434 1637 3484 et
1676 3422 2016 3483 Troadibus
2069 3421 2359 3482 traducta

153 3502 356 3588 dooent3
408 3525 480 3577 ut
520 3514 773 3575 omnino
815 3513 1162 3595 Euripidem
1206 3511 1535 3592 plurimum
1567 3509 1850 3571 videatur
1887 3505 2172 3588 probasse
2212 3506 2358 3568 Vir-

149 3590 307 3667 gilius.
382 3600 565 3675 Quod
610 3609 816 3660 autem
855 3610 1065 3680 poetae
1103 3599 1369 3658 animum
1410 3594 1681 3675 inprimis
1721 3594 1801 3654 ad
1841 3592 2178 3673 tragoedias
2218 3592 2360 3652 fru-

149 3685 389 3761 ctumque
424 3688 569 3747 inde
613 3686 697 3746 ad
741 3684 1084 3748 ornandum
1140 3685 1376 3764 epicum
1434 3700 1679 3741 carmen
1731 3680 2104 3741 uberrimum
2142 3686 2361 3759 peten-

149 3759 269 3824 dum
307 3773 494 3847 potuit
535 3782 895 3834 convertere
936 3782 999 3833 et
1039 3771 1373 3846 adducere,
1436 3766 1560 3828 hoc
1605 3765 1787 3827 fuisse
1829 3765 2121 3840 arbitror,
2194 3760 2363 3844 quod

150 3865 327 3929 mgna
363 3857 705 3920 fabularum
749 3860 1121 3919 Graecarum
1160 3877 1301 3938 pars
1345 3853 1423 3914 ab
1463 3852 1690 3928 Ennio,
1747 3850 1963 3927 Accio,
2015 3849 2185 3910 Livio
2226 3848 2362 3911 An-

151 3930 393 4017 dronico,
433 3945 661 4004 Naevio
680 3989 697 4020 ‚
742 3945 1002 4005 Pacuvio
1020 3989 1036 4020 ,
1080 3945 1380 4017 Varrone,
1436 3940 1641 3999 forsan
1683 3947 1748 3998 et
1789 3937 1954 4012 aliis,
2010 3935 2195 3996 latine
2231 3942 2365 3997 erat

151 4037 416 4089 conversa.
500 4031 799 4091 Proficere
853 4050 931 4090 ex
970 4030 1066 4091 his
1120 4039 1297 4110 poeta
1339 4046 1469 4087 non
1507 4045 1722 4106 parum
1766 4023 1975 4084 debuit
2011 4043 2137 4082 non
2179 4020 2362 4082 modo

149 4104 216 4164 δᾶ
250 4116 595 4175 narrationis
636 4117 1021 4193 varietatem,
1064 4135 1278 4179 verum
1319 4111 1516 4172 multo
1543 4110 1730 4190 magis
1767 4110 1847 4170 ad
1889 4106 2175 4169 orationis
2208 4125 2364 4189 poe-

151 4188 307 4272 ficte,
370 4201 465 4259 cui
524 4202 920 4263 elaborandus
973 4201 1247 4283 inprimis
1298 4198 1614 4275 studebat,
1678 4196 1904 4276 dignita
1913 4203 2031 4255 tem
2074 4202 2136 4253 et
2176 4212 2363 4255 orna-

150 4283 275 4340 tum-
355 4285 478 4345 Etsi
518 4289 674 4348 euim
718 4287 1114 4349 diversissima
1154 4288 1235 4347 sit
1276 4285 1529 4364 tragicae
1571 4282 1889 4362 epicaeque
1931 4277 2221 4341 orationis
2260 4278 2363 4337 in·-

152 4359 326 4441 d0¹e⁸‚
388 4380 584 4432 tamen
634 4375 864 4453 mgica
913 4375 1017 4436 iun
1062 4373 1257 4435 oratio
1301 4370 1660 4450 virgilianae
1716 4367 1970 4428 dictioni
2008 4364 2365 4444 gravitatem

152 4446 321 4528 istun,
372 4476 550 4534 quam
587 4470 904 4541 tantopere
945 4463 1271 4536 miramur,
1334 4467 1399 4516 et
1440 4456 1846 4529 maiestatem,
1899 4447 2210 4512 interdum
2245 4449 2363 4514 δει-

1778 4552 1944 4625 25*
