2882 5028
1092 1431 1164 1517 E
1195 1431 1294 1517 X
1333 1429 1401 1520 C
1435 1432 1516 1518 U
1542 1432 1626 1518 R
1658 1433 1718 1518 S
1756 1429 1838 1516 U
1871 1432 1932 1516 S
2042 1430 2079 1513 Ι

669 1632 972 1721 Necyiae
1013 1636 1089 1702 in
1122 1646 1489 1723 poetarum
1532 1631 1950 1701 carminibms
1974 1629 2509 1721 frequentatae.

459 1784 902 1893 Consentiunt
943 1825 1007 1885 in
1050 1825 1198 1903 hoc,
1262 1846 1411 1904 quos
1455 1824 1746 1902 vidimus,
1802 1842 2033 1898 omnes,
2090 1841 2301 1881 rerum
2348 1823 2711 1901 argumentis

453 1912 945 1989 ornamentisque
1003 1911 1238 1971 nullum
1297 1911 1471 1972 facile
1530 1912 1712 1971 alium
1782 1908 2059 1968 Aeneidis
2111 1908 2340 1970 librum
2397 1917 2711 1987 tantopere

453 2010 659 2059 tenere
700 1997 944 2076 legentis
988 1999 1286 2070 animum,
1331 2017 1514 2075 quam
1557 1997 1723 2057 hunc
1767 2004 2024 2056 sextum.
2112 1996 2367 2069 Quanto
2399 1994 2598 2072 magis
2624 1994 2709 2052 ille

451 2084 754 2145 delectare
797 2082 1004 2141 debuit
1046 2094 1152 2143 aut
1199 2084 1443 2143 omnino
1488 2092 1783 2157 veterum,
1833 2081 1934 2159 qui
1976 2100 2051 2138 ex
2093 2091 2415 2159 poetarum
2466 2080 2707 2138 lectione

452 2180 514 2230 et
557 2168 772 2247 puerili
814 2169 1193 2228 institutione
1244 2169 1336 2228 his
1395 2168 1617 2246 mythis
1659 2167 1944 2227 innutriti
1984 2177 2187 2239 erant,
2250 2175 2364 2224 aut
2402 2166 2711 2224 Romano-

449 2275 587 2317 rum
634 2254 898 2326 animos,
943 2257 1047 2331 qui
1080 2265 1349 2313 extrema
1396 2254 1537 2313 libri
1579 2264 1751 2345 parte
1794 2251 2036 2310 annales
2080 2251 2541 2331 quodammodo
2572 2269 2708 2309 eune

447 2339 637 2422 gentis
714 2339 1023 2410 conditos,
1101 2341 1683 2417 clarissimorumque
1750 2339 2024 2414 vircum
2088 2356 2406 2396 recensum
2468 2338 2707 2411 sactum,

447 2425 874 2504 agnoscerent?
953 2423 1141 2484 lidem
1197 2446 1382 2505 porro
1429 2426 1562 2484 loca
1605 2425 1763 2484 circa
1805 2425 2022 2482 Cumas
2080 2422 2586 2500 frequentabant,
2654 2431 2709 2481 et

445 2510 656 2571 iisdem
695 2509 1112 2589 religionibus,
1178 2531 1328 2589 quae
1371 2509 1474 2571 hic
1517 2512 1822 2590 expositae
1865 2519 2036 2585 sunt,
2091 2509 2361 2568 imbutos
2403 2507 2707 2568 habebant

448 2597 695 2657 animos.
782 2600 936 2653 Sane
985 2597 1225 2673 quidem
1273 2618 1410 2656 cum
1444 2598 1741 2656 Homerus
1769 2597 2256 2675 Necyomantiam
2302 2615 2483 2654 suam
2527 2596 2591 2654 in
2618 2593 2705 2652 his

445 2683 587 2763 ipsis
643 2682 790 2741 locis
844 2682 1051 2740 Italiae
1107 2693 1467 2761 exponeret,
1539 2681 2025 2760 quandoquidem
2082 2682 2183 2740 illa
2240 2690 2377 2740 tum
2426 2681 2705 2739 Graeciae

445 2770 604 2829 inter
648 2769 896 2847 ignotas,
940 2769 1149 2827 saltem
1193 2789 1407 2849 parum
1452 2770 1745 2845 cognitas,
1790 2778 1987 2827 terras
2030 2776 2191 2841 erat,
2248 2766 2451 2827 maior
2496 2769 2703 2844 utique

443 2874 648 2915 rerum
692 2863 1077 2915 narratarum
1135 2855 1370 2913 novitas
1428 2863 1490 2912 et
1532 2854 1882 2928 insolentia,
1944 2852 2253 2931 maiorque
2313 2851 2392 2911 ad
2442 2854 2702 2914 Graeco—

442 2961 583 3001 rum
625 2940 853 3000 animos
890 2940 1290 2999 'admiratione
1337 2940 1668 3002 movendos
1710 2941 1802 2999 vis
1842 2958 1966 2998 esse
2010 2938 2217 2999 debuit
2230 2960 2250 3014 3
2289 2936 2488 2998 habet
2531 2940 2703 2997 eum

441 3026 728 3085 maiorem
774 3026 1193 3085 auctoritatem
1236 3026 1502 3090 narratio
1547 3045 1619 3084 ex
1650 3025 1874 3104 Ulyssis
1898 3043 2155 3103 persona
2197 3025 2522 3100 instituta3
2567 3026 2701 3083 Vir-

440 3112 615 3190 gilius
658 3122 858 3170 tamen
903 3132 1026 3170 non
1069 3112 1385 3171 minimum
1427 3112 1636 3173 auxilii
1679 3121 1737 3170 et
1779 3110 2061 3189 praesidii
2105 3109 2185 3170 ad
2227 3111 2604 3170 suavitatem
2648 3119 2701 3168 et

440 3196 896 3256 delectationem
954 3196 1069 3256 hac
1122 3199 1249 3277 ipsa
1295 3197 1741 3273 recordatione,
1806 3196 2269 3275 amplificatione
2329 3205 2391 3254 et
2438 3216 2703 3257 exorna-

441 3282 604 3342 tione
648 3292 921 3343 veterum
963 3283 1321 3362 fabularum,
1364 3303 1440 3343 ex
1483 3284 1745 3344 Homero
1790 3282 2034 3359 aliisque
2076 3292 2381 3359 notarum,
2426 3281 2701 3341 habuis-e

437 3367 632 3427 videri
672 3368 851 3427 debet
896 3366 1135 3449 (Odyss.
1179 3368 1258 3449 λ).
1343 3370 1479 3429 Non
1523 3369 1680 3429 enim
1724 3389 1848 3429 uno
1890 3368 2025 3431 loco
2067 3387 2171 3427 seu
2205 3368 2564 3447 superstitio
2605 3368 2701 3428 ina

436 3471 543 3512 seu
584 3455 748 3513 fraus
788 3454 1099 3515 ludificata
1143 3466 1234 3514 est
1276 3455 1587 3515 hominum
1631 3456 1861 3557 anim'os
1904 3454 2348 3532 antiquioribus
2377 3455 2699 3525 aetatibus,

435 3548 507 3601 ut
550 3537 816 3599 Manium
865 3540 1273 3601 evocationem
1332 3540 1463 3601 fieri
1518 3561 1687 3620 posse
1745 3524 2092 3616 crederent;
2148 3539 2315 3617 quod
2363 3542 2700 3599 etiamnum

431 3624 590 3685 inter
631 3628 788 3685 ieros
831 3635 892 3684 et
934 3627 1221 3689 barbaros
1262 3614 1518 3706 populos
1561 3627 1779 3700 passim
1808 3626 2146 3687 hominibus
2186 3644 2550 3704 persuasum
2578 3644 2699 3685 esne

434 3720 685 3772 narrant
726 3710 827 3788 qui
872 3730 972 3771 eos
1011 3712 1307 3773 adierunt.
1391 3713 1680 3772 Proclivis
1721 3711 1880 3771 enim
1920 3731 2044 3770 esse
2088 3711 2240 3769 solet
2286 3711 2541 3771 rudium
2584 3710 2699 3771 ho—

434 3797 666 3857 minum
710 3796 977 3872 animus,
1032 3808 1105 3857 ut
1147 3799 1371 3859 animas
1413 3808 1554 3878 post
1605 3807 1861 3857 mortem
1904 3799 2255 3876 superstites
2300 3816 2426 3855 esse
2484 3815 2693 3874 eaeque

431 3883 652 3944 iterum
691 3884 755 3942 in
802 3882 985 3943 vitam
1028 3883 1225 3943 redire
1270 3885 1569 3963 opinetur,
1611 3884 1750 3960 quia
1793 3884 2098 3944 interdum
2139 3892 2529 3943 mortuorum
2558 3903 2691 3962 spe·

431 3968 548 4033 cies
588 3969 698 4028 sibi
738 3987 847 4047 per
889 3989 1163 4028 somnum
1225 3970 1488 4032 obiectas.
1545 3969 1800 4029 viderat.
1910 3969 2168 4030 Possunt
2220 3970 2404 4029 stiam
2468 3978 2691 4030 mente·

430 4055 826 4114 fanaticorum
869 4065 973 4113 aut
1015 4055 1224 4114 morbo
1271 4065 1367 4115 aut
1417 4075 1621 4117 errore
1663 4057 1747 4115 ita
1794 4055 1868 4114 de
1908 4064 2075 4115 statu
2117 4053 2321 4130 deiici,
2366 4064 2443 4113 ut
2488 4054 2689 4114 viden

427 4148 487 4198 et
524 4139 734 4200 audire
787 4160 885 4214 ea,
929 4160 1081 4218 quae
1130 4162 1251 4198 non
1296 4151 1475 4216 sunt,
1534 4140 1645 4200 sibi
1689 4140 2050 4215 videantur3
2109 4139 2259 4198 adeo
2306 4149 2449 4197 ante
2494 4140 2687 4198 subti-

425 4225 637 4284 liorem
683 4225 1022 4285 doctrinam
1068 4225 1143 4284 de
1187 4226 1521 4287 animarum
1565 4226 2014 4285 immortalitate
2040 4224 2291 4283 dudum
2335 4225 2546 4283 similis
2580 4224 2685 4281 ali·

424 4330 545 4387 qua
587 4311 893 4391 persuasio
936 4311 1248 4371 hominum
1306 4311 1693 4371 indoctorum
1738 4312 1966 4369 animos
2029 4310 2241 4369 tenuit.
2330 4310 2531 4368 Pacile
2574 4312 2685 4368 iu·

424 4413 539 4471 que
604 4395 860 4456 existere
916 4398 1153 4475 potuit,
1213 4397 1315 4475 qui
1371 4397 1531 4456 inter
1583 4398 1696 4456 alia
1757 4396 2191 4457 divinationum
2247 4413 2467 4474 genera
2512 4397 2680 4453 etia-
