2882 5028
511 462 1120 544 AENEIDOS
1172 464 1383 542 LIB.
1438 465 1576 562 Vl,
1625 471 2060 546 399—418

2271 474 2424 547 909

138 660 327 734 Nec
356 652 582 753 plura
614 650 755 732 his.
861 650 1007 727 Ille
1042 649 1438 726 admirans
1465 649 1921 728 venerabile
1961 651 2272 730 donum

140 755 446 835 Fatalis
481 756 739 853 virgae
763 815 785 852 ,
837 753 1084 852 longo
1116 768 1301 856 post
1332 767 1705 855 tempore
1745 755 2025 854 visum,
2417 825 2422 830 .

148 859 635 939 Caeruleam
717 857 1053 934 advertit
1129 857 1469 960 puppim
1509 918 1531 956 ,
1632 857 2018 960 ripaeque
2091 858 2426 960 propin-

1332 974 1540 1062 quat.
2272 972 2428 1043 410

146 1065 365 1144 Inde
400 1063 583 1139 alias
618 1065 952 1156 animaS,
1007 1087 1212 1164 quae
1246 1088 1395 1164 per
1424 1065 1602 1161 iuga
1632 1061 1871 1162 longa
1897 1063 2309 1162 sedebant,

146 1166 587 1263 Deturbat,
642 1167 1000 1268 laxatque
1034 1165 1291 1255 foros;
1345 1167 1581 1242 simul
1608 1165 1900 1267 adcipit
1927 1165 2153 1245 alveo

147 1278 192 1351 1
203 1285 587 1369 agentem
613 1277 960 1349 Aenean.

1069 1272 1394 1347 Gemuit
1427 1269 1576 1346 sub
1607 1268 1975 1371 pondere
2012 1270 2291 1368 cymba
2409 1331 2414 1340 .

153 1377 467 1468 Sutilis,
525 1388 603 1449 et
636 1373 975 1449 multam
1009 1373 1322 1474 adcepit
1345 1375 1640 1449 rimosa
1664 1371 2067 1474 paludem.

153 1478 536 1555 Tandem
571 1491 785 1553 trans
815 1475 1149 1553 fluvium
1195 1477 1615 1553 incolumis
1658 1490 2085 1577 vatemque
2124 1478 2425 1554 virum-

147 1681 505 1764 Informi
542 1629 737 1758 limo
770 1681 1205 1785 glaucaque
1242 1709 1330 1760 ex

1335 1606 1495 1682 que
2271 1587 2425 1662 415

1334 1686 1565 1785 ponit
1592 1683 1675 1757 in
1704 1681 1904 1761 ulva.

271 1787 670 1864 Cerberus
699 1785 896 1862 haec
931 1790 1211 1885 ingens
1237 1787 1517 1863 latratu
1550 1809 1794 1884 regna
1825 1786 2134 1863 trifauci

150 1896 585 1988 Personat,
641 1890 975 1967 adverso
1017 1891 1407 1968 recubans
1439 1890 1779 1966 inmanis
1805 1890 1887 1965 in
1914 1904 2163 1970 antro,

304 2111 412 2172 410
432 2133 672 2197 puppem
696 2113 889 2167 Medic.
916 2125 972 2166 et
998 2114 1066 2168 al.
1127 2114 1252 2180 (nio
1289 2094 1498 2185 quoque
1530 2114 1801 2197 Mediceus
1834 2113 1993 2167 index
2034 2125 2118 2166 est
2141 2123 2425 2184 corrupte-

152 2185 276 2246 1³03
314 2184 487 2235 fuerat
521 2201 659 2236 emm
686 2183 739 2235 in
766 2185 869 2236 hoc
889 2204 1008 2256 pap
1048 2203 1107 2236 es
1134 2206 1163 2238 a
1191 2205 1259 2240 m.
1282 2204 1363 2254 pr.
1391 2186 1660 2253 scriptum.
1721 2189 1862 2253 Ην.)

202 2272 248 2305 r.
278 2254 485 2318 flamb„
538 2264 593 2304 et
620 2258 795 2323 Sprot.
824 2272 937 2305 cum
979 2273 1011 2322 g
1036 2273 1185 2308 ossa:
1243 2256 1304 2308 id
1334 2268 1418 2307 ese
1454 2255 1653 2307 sedilia
1689 2257 1868 2305 navis.
2006 2254 2112 2308 412

208 2340 342 2374 urm·

478 2320 585 2377 414
608 2324 837 2375 multum
860 2324 1053 2377 Medic.
1091 2325 1211 2389 (sed
1243 2345 1279 2376 a
1304 2325 1358 2376 in
1391 2324 1577 2376 eodem
1608 2323 1983 2393 superscripta.
2028 2323 2170 2392 Wr.)

2015 2187 2118 2237 411
2149 2203 2253 2255 per
2286 2188 2424 2256 giga

2149 2255 2426 2392 “”Jutfzssz

159 2394 252 2445 ed.
283 2394 420 2444 Ven.
468 2390 686 2443 subtilis
715 2393 955 2458 Dor-vill„
989 2404 1165 2446 netum
1201 2413 1267 2446 ex
1297 2395 1544 2465 suptilis,
1578 2393 1722 2462 quod
1751 2394 1904 2445 Rom.
1934 2392 2115 2447 habet.
2184 2392 2423 2460 <—415.

158 2462 467 2517 incolumes
493 2462 683 2514 Medic.
727 2466 813 2517 W
805 2468 879 2529 r.)

1018 2467 1124 2520 417
1158 2465 1246 2516 hie
1279 2475 1386 2517 tres
1423 2463 1566 2534 apud
1604 2465 1775 2513 Bnrm.
1846 2463 2068 2514 trisulci
2101 2464 2265 2514 Goth.
2299 2473 2422 2517 tert.

157 2532 273 2586 Sed
301 2532 587 2584 trisulcum
613 2531 767 2585 aliter
794 2533 1006 2585 dictum.
1038 2533 1135 2586 vid.
1156 2536 1353 2604 Geor-g.
1379 2535 1470 2601 111,
1494 2532 1617 2588 439.
1641 2536 1773 2586 Aen.
1794 2533 1861 2598 11,
1892 2535 2015 2588 475.
2119 2535 2223 2591 418
2253 2552 2423 2585 aver-

158 2620 231 2655 so
262 2601 368 2652 dno
394 2601 534 2671 apud
561 2604 733 2654 Burm-
802 2621 1072 2655 resonans
1095 2604 1256 2658 Witt.

156 2793 395 2874 gitatin.
480 2794 630 2854 Cum
673 2793 769 2854 his
812 2793 1071 2873 Sibyllae
1109 2815 1255 2856 ver-

159 2879 264 2945 bis
303 2898 540 2938 ramum
578 2900 826 2940 aureum
871 2881 1098 2940 Aeneas
1141 2882 1252 2940 sub

166 2974 344 3025 veste
400 2974 629 3025 tectum
669 2967 889 3026 nudat:
944 2988 1070 3027 non
1106 2987 1252 3026 vero

158 3062 472 3128 tamquam
498 3070 721 3112 munus
735 3051 1024 3113 charonti
1053 3054 1254 3113 seren—

164 3138 352 3198 dum:
406 3138 510 3196 sed
556 3137 946 3218 Proserpinae
985 3138 1256 3199 destina-

162 3235 305 3284 tum
341 3242 399 3282 v.
433 3222 574 3287 142.

258 3306 403 3372 409.
426 3308 685 3386 fatalis,
717 3329 776 3369 v.
795 3329 926 3389 sup.
946 3306 1087 3374 146.
1116 3306 1255 3373 147.

164 3395 357 3470 longo
372 3408 514 3471 post
538 3406 798 3472 tempore
813 3417 838 3467 ;
889 3393 1072 3474 igitur
1097 3392 1257 3453 Her-

166 3478 334 3539 cules
360 3489 422 3539 et
452 3477 714 3539 Theseus
755 3500 893 3539 cum
929 3499 1097 3539 ramo
1144 3498 1259 3537 au-

162 3584 277 3627 reo
309 3574 616 3624 venerant.
673 3566 828 3624 cons.
866 3565 1117 3625 Excurs.
1162 3565 1259 3626 VI.

168 3649 323 3732 (Sed
337 3649 457 3709 hoc
474 3651 776 3729 quomodo
795 3650 1098 3710 conciliari
1113 3672 1259 3731 pos-

164 3738 255 3796 sit
296 3756 432 3795 cum
477 3746 624 3796 nota
664 3737 855 3796 Servii
907 3738 982 3795 ab
1024 3736 1257 3816 Heynio

168 3821 255 3881 ad
283 3842 369 3881 vs.
389 3826 532 3888 392.
563 3822 836 3901 probata,
865 3823 963 3881 alii
992 3822 1257 3881 videant.

176 3907 361 3989 Wr.)
450 3906 594 3973 411.
636 3910 790 3987 iuga
830 3910 1044 3985 longa,
1093 3906 1258 3989 ζυγά,

168 4001 455 4069 Βαηείη,
499 3991 559 4053 h.
585 3993 625 4054 1.
650 4003 995 4069 vectorum,
1039 3993 1256 4074 ἐπιβα-

167 4082 335 4153 τῶν,
401 4078 624 4139 sedilia.
726 4082 1017 4160 laxatque
1053 4078 1255 4158 sums,

167 4163 445 4225 tabulata
482 4174 703 4224 vacuat
714 4188 733 4242 5
793 4165 1037 4245 proprie
1079 4164 1263 4224 turba

169 4259 238 4310 et
266 4251 657 4310 multitudine
686 4254 880 4310 artari
908 4251 1074 4309 locus
1106 4249 1260 4308 dici-

169 4347 301 4412 tur,
343 4338 486 4396 inde
517 4357 681 4395 nune
706 4339 930 4395 laxari.
994 4335 1258 4395 Servius.

167 4424 414 4501 Egregie
472 4433 672 4482 autem
725 4420 1044 4481 Chai-ontis
1085 4423 1259 4481 ferox

171 4528 248 4569 ac
274 4507 499 4583 durum
522 4507 826 4597 ingenium
871 4506 1256 4569 declaratum.

1337 2797 1654 2873 Ingentem
1668 2794 1962 2869 Aeneam,
1991 2795 2125 2873 quis
2153 2793 2424 2854 dubitari

1338 2899 1514 2959 posse
1542 2887 1734 2959 putet,
1779 2899 1855 2937 an
1886 2879 1964 2938 ad
1992 2881 2260 2960 corporis
2285 2901 2421 2939 ma-

1336 2965 1708 3044 gnitudinem
1749 2965 2132 3025 referendum
2168 2967 2276 3025 sit!
2332 2967 2423 3026 Ita

1339 3050 1414 3110 de
1444 3049 1728 3110 heroibus
1763 3050 1984 3129 ubique
2021 3050 2319 3111 Homerus
2359 3061 2423 3110 et

1339 3146 1581 3215 poetae,
1643 3146 1711 3196 ut
1738 3135 1868 3217 ipsa
1898 3138 2167 3217 exempla
2201 3158 2235 3196 a
2273 3139 2422 3197 Cer-

1341 3226 1417 3282 da
1447 3224 1624 3281 allata
1667 3224 1811 3280 setis
1862 3222 2189 3282 declarant.
2276 3224 2421 3288 414.

1342 3308 1558 3387 cymba
1593 3310 1790 3366 sutilis
1830 3310 1955 3367 sive
1987 3329 2061 3368 ex
2090 3308 2265 3368 coriis
2296 3310 2424 3370 sive

1345 3394 1529 3454 vitilia
1559 3402 1618 3451 et
1653 3395 1883 3453 iuncea.
1928 3395 2049 3454 vid.
2078 3393 2289 3455 Cerda.
2334 3394 2424 3475 (et

1342 3478 1623 3542 Oudend.
1661 3479 1741 3538 ad
1774 3479 1990 3559 Appul.
2019 3480 2260 3541 Metam.
2290 3501 2422 3561 pag.

1342 3567 1489 3631 416.
1545 3564 1722 3647 Wr.)
1810 3567 1872 3623 Si
1905 3565 2270 3626 Charontem
2296 3569 2423 3627 Ae-

1341 3654 1687 3730 gyptiorum
1737 3651 1936 3710 animo
2009 3651 2224 3713 habuit
2243 3698 2259 3728 ,
2347 3653 2424 3714 de

1341 3756 1675 3817 papyracea
1718 3737 1928 3815 cymba
1945 3781 1962 3813 ,
2017 3738 2192 3798 barin
2226 3740 2423 3818 Aegy-

1341 3824 1454 3902 pui
1483 3831 1723 3895 vocant,
1769 3824 2026 3902 cogitare
2047 3827 2263 3905 potuit.
2310 3825 2424 3901 (ri-

1341 3927 1550 3982 mosa,
1607 3907 1848 3970 Lucian.
1885 3910 2035 3971 Dial.
2071 3911 2253 3971 Mort.
2293 3914 2424 3975 22..

1343 3990 1453 4070 „td
1505 3996 1829 4072 σκαφίδιον
1898 3996 2000 4059 καὶ
2053 3995 2423 4074 ὖποσαθρόν

1343 4077 1470 4141 ἐστι
1500 4078 1603 4142 καὶ
1631 4080 1870 4160 διαῤῥεῖ
1892 4078 1964 4144 τὰ
1995 4078 2208 4145 πολλά.
2242 4083 2337 4142 W
2337 4079 2421 4161 r.)

1431 4165 1648 4228 417-
1669 4168 1814 4232 425.
1846 4166 2020 4226 Canis
2047 4166 2269 4248 palatio
2300 4166 2424 4224 Or·-

1344 4249 1400 4309 ei
1439 4261 1502 4310 et
1523 4252 1912 4332 Proserpinae
1954 4251 2198 4312 additus
2221 4261 2424 4311 custos

1344 4345 1432 4395 est
1462 4337 1693 4415 priscae
1721 4339 1881 4397 vitae
1907 4356 2076 4396 more
2102 4337 2226 4397 iam·
2261 4337 2423 4417 apud

1340 4421 1672 4481 Homerum
1707 4422 1876 4482 iliad.
1904 4429 1970 4498 θ,
2006 4427 2154 4500 866,
2198 4424 2304 4483 ubi
2324 4423 2426 4482 ille

1339 4527 1419 4568 ex
1448 4508 1645 4587 Erebo
1690 4508 1765 4569 ab
1790 4507 2052 4591 Hercule
2093 4508 2428 4587 adductus5
