2882 5028
449 352 1061 434 AENEIDOS
1114 353 1328 431 LIB.
1376 353 1520 447 111,
1565 354 2010 432 365-376

2219 359 2370 433 497
2409 367 2418 370 ’

134 543 415 620 Sacrati
446 540 751 643 capiti3‚
804 565 1105 642 meque
1131 538 1232 615 ad
1262 552 1397 615 tua
1422 537 1732 635 limina,
1789 538 2145 639 Phoebe,
2245 619 2254 627 ,

127 651 302 748 Ipse
333 671 577 722 manu
605 644 864 722 multo
896 667 1372 745 suspensum
1403 643 1737 718 numine
1769 642 2020 733 ducit3

129 758 378 851 Atque
410 749 611 826 haec
643 748 939 825 deinde
967 748 1172 823 canit
1204 746 1472 823 divino
1509 771 1601 821 ex
1631 770 1771 822 ore
1799 745 2205 826 sacerdos:

226 858 417 930 Nate
458 853 647 944 dea;
701 878 889 928 nam
918 865 998 928 te
1031 850 1463 926 maioribus
1496 850 1610 925 ire
1639 875 1789 951 per
1816 848 2063 926 altum

128 959 502 1058 Auspiciis
534 954 950 1032 manifesta
979 943 1217 1031 fides:
1245 1000 1349 1013 —
1374 954 1484 1028 sic
1509 951 1666 1027 fata
1701 950 1946 1029 deum
1975 977 2112 1029 rex
2215 959 2372 1035 375

133 1063 500 1157 Sortitur,
556 1057 960 1161 volvitque
999 1060 1249 1151 vices;
1298 1057 1362 1132 is
1386 1057 1725 1132 vertitur
1752 1057 1998 1152 ord03
2028 1105 2138 1120 —

221 1204 392 1281 375.
444 1217 702 1276 rmus:
757 1219 878 1273 slc

254 1391 352 1445 871
407 1388 620 1440 Iumina
662 1406 769 1442 sec.
817 1388 1003 1441 namb.

1154 1388 1261 1444 872

1081 1206 1182 1279 37
1188 1204 1258 1275 6.
1312 1215 1571 1288 οιωο;
1618 1197 1704 1271 Ρ.

1308 1390 1347 1439 I
1379 1404 1438 1438 se
1482 1386 1643 1437 etiam
1685 1403 1767 1454 pr.
1807 1384 1996 1439 Hamb.
2067 1402 2371 1456 suspensus

132 1475 220 1527 pro
236 1477 343 1510 var.
366 1458 495 1510 lect.
523 1459 708 1509 Hamb.
746 1476 850 1510 sec.
882 1468 937 1509 et
960 1456 1187 1510 Servius.
1259 1459 1311 1509 M
1368 1475 1413 1508 e.
1453 1457 1522 1508 cf.
1551 1456 1721 1506 Burm.
1761 1458 2055 1524 (utramque
2087 1453 2371 1509 lectionem

129 1529 356 1596 agnoscit
381 1527 626 1588 Servium
673 1541 963 1599 suspectus
1004 1526 1382 1597 praescribitur
1421 1535 1581 1577 notae
1623 1523 1902 1577 Sei-vianae
1932 1524 1986 1575 in
2024 1525 2140 1578 cod.
2183 1524 2372 1609 Dresd..

135 1600 269 1661 Wr.)
341 1599 502 1649 duxit
525 1596 733 1648 codices
776 1598 916 1664 apud
949 1596 1087 1650 Pier.

130 1685 200 1786 pr.
236 1667 423 1718 Hamb.
462 1685 494 1718 a
535 1685 603 1717 m.
642 1683 747 1719 sec.
815 1667 906 1718 lais
943 1666 1080 1718 Gud.
1118 1668 1253 1719 Ven.
1292 1663 1539 1717 Parrhas-

1224 1597 1329 1652 378
1363 1596 1502 1648 haec
1544 1593 1695 1646 deest
1733 1593 1885 1647 Leid.
1924 1593 2029 1645 uni.

2168 1595 2273 1649 375
2306 1598 2368 1648 St

1680 1664 1785 1719 376
1829 1663 1918 1715 lu'c
1966 1663 2088 1716 edd.
2133 1665 2268 1716 Ven.
2313 1673 2371 1716 et

151 1752 249 1788 unt.
316 1740 399 1788 sic
431 1745 656 1805 quatuor
690 1737 859 1787 Burm.
896 1744 951 1787 et
985 1735 1150 1791 Goth.
1185 1753 1293 1787 sec.
1357 1735 1448 1786 lu's
1480 1732 1620 1786 alter
1653 1751 1767 1786 cum
1804 1732 1889 1786 ed.
1924 1732 2146 1787 Mediol.

130 1894 410 1969 maiestas,
442 1893 537 1954 vis
564 1893 871 1952 manifesta
897 1890 1013 1967 dei,
1046 1909 1199 1970 quae

129 1977 434 2039 horrorem
484 1999 556 2038 ac
596 1978 994 2039 reverentiam
1036 1978 1197 2036 facit.

130 2065 215 2124 sic
248 2068 510 2125 mullum
542 2069 750 2140 inesse,
798 2065 1007 2123 adesse
1012 2106 1030 2137 ‚
1076 2084 1197 2121 nu-

129 2171 278 2227 men,
358 2151 504 2210 alibi
559 2150 810 2225 dicitur-5
871 2147 1198 2209 videbatur

129 2237 270 2296 enim
309 2256 537 2296 numen
578 2236 823 2315 implere
860 2229 1094 2310 locum,
1131 2233 1196 2292 in

129 2342 233 2400 qno
254 2322 481 2383 horror
517 2321 790 2381 sentitur.
877 2319 1032 2380 Satis
1059 2319 1200 2397 qui-

129 2407 247 2467 dem
274 2409 630 2489 expeditum
653 2416 712 2466 et
737 2404 909 2482 illud,
939 2414 1012 2465 ut
1035 2406 1198 2463 mul—

128 2506 237 2553 tum
273 2516 501 2556 numen
546 2494 669 2552 siut
705 2492 892 2552 multa
936 2491 1200 2567 oracula,

128 2600 260 2658 quae
308 2583 435 2641 iam
480 2588 621 2638 ante
668 2587 981 2658 acceperat
1031 2574 1219 2658 (vide

127 2684 177 2725 v.
206 2668 375 2748 362),
450 2665 671 2743 quibus
702 2684 1023 2742 suspensus
1050 2660 1113 2723 h.
1147 2682 1197 2723 e.

126 2752 396 2812 sollicitus
430 2772 502 2810 ac
531 2750 752 2810 dubius
792 2750 920 2810 eius
961 2748 1196 2808 animus

127 2837 224 2913 sit3
263 2838 415 2899 mihi
458 2848 662 2896 tamen
696 2834 814 2895 hoc
849 2836 1048 2895 minus
1092 2854 1196 2893 ai·-

125 2923 284 2984 ridet.
372 2922 631 3006 (mullus
672 2921 813 2980 vide
849 2940 922 2979 ne
948 2919 1011 2981 h.
1043 2919 1082 2979 l.
1117 2919 1198 2979 sit

125 3010 421 3069 vehemens
442 3054 461 3084 ,
527 3017 600 3068 ut
645 3007 939 3067 Graecum
984 3001 1204 3093 πολύςι

127 3092 192 3152 de
218 3116 334 3173 quo
382 3093 517 3156 vid.
565 3093 827 3153 Vacken.
865 3093 943 3152 ad
988 3092 1194 3170 Eurip.

125 3176 345 3260 Hippol.
397 3201 495 3240 vs.
552 3177 732 3255 *4434
808 3178 987 3238 ovid.
1049 3177 1194 3237 Met.

126 3264 295 3343 XHU,
339 3267 458 3334 53:
515 3264 754 3339 „medio
792 3283 979 3343 quum
1020 3263 1192 3345 plu-

127 3350 342 3413 rimus
374 3349 551 3412 orbe
605 3350 711 3409 801
765 3355 970 3411 erat.“
1068 3348 1193 3407 lam

128 3438 295 3497 nudto
325 3438 576 3497 numine
618 3440 939 3514 suspensus
971 3434 1195 3495 valebit

128 3523 364 3582 numum
391 3524 431 3584 i.
467 3541 519 3582 e.
563 3521 934 3583 vehementer
949 3524 1194 3581 numme

126 3626 442 3686 suspensus.
494 3609 603 3669 W
593 3605 676 3688 r.)

201 3695 583 3760 374—376.
624 3693 821 3752 Circes
865 3690 1031 3771 apud
1059 3689 1195 3750 Ho-

126 3795 342 3840 merum
389 3806 456 3860 μ.
504 3784 588 3844 87
622 3799 769 3857 sqq„
813 3778 972 3837 forte
1016 3776 1196 3837 etiam

126 3859 319 3924 Phinei
344 3865 513 3946 apud
534 3864 807 3945 Apollon.
827 3863 897 3939 ll,
923 3868 1043 3929 811
1068 3882 1195 3941 sqq.

127 3953 416 4031 exemplo,
478 3952 774 4011 Helenum
809 3948 911 4009 hic
949 3950 1071 4009 sata
1126 3969 1198 4007 ac

129 4052 286 4096 cesus
320 4036 714 4117 navigationis
746 4035 977 4096 Aeneae
1013 4054 1195 4116 prae—

130 4118 311 4183 dicere
343 4122 508 4184 facit.
590 4123 754 4204 Ipsos
796 4131 994 4183 autem
1027 4141 1199 4182 casus

130 4209 482 4288 omninoque
537 4208 770 4268 Aeneae
825 4227 1062 4270 errores
1116 4207 1195 4267 ad

128 4286 339 4372 Ulyssis
378 4314 615 4355 errores
650 4295 1012 4375 ecmppsitos
1052 4313 1195 4372 esse,

132 4375 286 4438 facile
340 4380 802 4442 animadvertas.
889 4381 1054 4441 Inest
1092 4388 1195 4440 ta·-

220 4496 534 4577 Vmcn..
584 4502 791 4578 Tou.
843 4500 957 4576 Π.

1281 1909 1418 1950 men
1456 1890 1614 1950 forte
1645 1889 1709 1948 in
1737 1887 1834 1948 his
1870 1889 2062 1950 maior
2103 1891 2368 1950 suavitas

1279 1976 1406 2057 ipsa
1441 1994 1645 2034 rerum
1676 1975 1948 2034 novitate
1981 1987 2043 2037 et
2074 1976 2367 2058 probabi-

1277 2062 1480 2138 litate3
1522 2081 1663 2120 nam
1705 2061 2035 2121 Homericis
2076 2063 2367 2142 tempori-

1280 2147 1398 2206 bus
1441 2146 1714 2206 nondum
1754 2147 1855 2206 illa
1891 2148 2079 2207 maria
2124 2149 2366 2208 Graecis

1281 2233 1542 2293 multum
1586 2244 1759 2292 erant
1787 2234 2166 2311 frequentata
2180 2255 2198 2310 3
2245 2255 2365 2314 qua

1279 2319 1345 2377 in
1383 2339 1454 2378 re
1497 2318 1695 2378 victus
1724 2319 2000 2398 Virgilius
2041 2330 2262 2379 ornatu
2304 2329 2367 2380 et

1283 2403 1562 2464 doctrina
1607 2423 1749 2463 suae
1781 2424 2023 2465 caussae
2054 2406 2366 2466 consulere

1282 2508 1518 2561 necesse
1586 2487 1816 2551 habuit.
1919 2492 2063 2557 374.
2110 2512 2257 2552 nam
2307 2505 2365 2552 te

1280 2597 1449 2637 more
1491 2577 1896 2651 Graecorum,
1936 2574 2051 2659 γοὶρ
2095 2597 2210 2657 pro
2262 2573 2362 2661 δή.

1277 2683 1515 2747 nempe.
1567 2659 1777 2743 (Nam
1805 2671 1909 2722 aut
1934 2662 2013 2721 ad
2048 2683 2363 2745 praegres-

1283 2768 1413 2808 sum
1445 2748 1811 2815 vocativum,
1859 2758 1927 2807 ut
1954 2767 2156 2828 saepe,
2199 2750 2363 2809 refe-

1281 2834 1574 2908 rendum,
1638 2843 1709 2893 ut
1743 2833 1992 2894 exsistat
2042 2835 2361 2896 sententia:

1279 2920 1469 2994 „Nam
1510 2928 1572 2977 te
1611 2939 1817 2979 veram
1850 2937 1974 2978 esse
2017 2919 2173 2978 Deae
2212 2941 2362 3001 pro-

1278 3004 1398 3064 lem
1434 3014 1686 3085 apparet
1720 3024 1752 3064 e
1790 3004 2115 3066 maioribus
2155 3005 2361 3086 auspi-

1281 3092 1465 3167 ciis;“
1548 3092 1713 3170 quod
1767 3090 2117 3170 languidum
2166 3102 2257 3152 est
2298 3101 2363 3152 et

1279 3177 1598 3254 absonum5
1653 3185 1791 3252 aut,
1850 3197 2038 3257 quum
2080 3176 2198 3237 hoc
2241 3178 2360 3237 iam

1275 3261 1490 3322 Heleni
1523 3263 1948 3324 obversaretur
1962 3263 2179 3339 animo,
2194 3263 2362 3342 quod

1275 3368 1421 3409 mox
1451 3347 1724 3409 dicturus
1749 3358 1857 3424 est,
1904 3350 2109 3410 statim
2125 3349 2190 3408 in
2216 3370 2361 3409 ora-

1273 3435 1455 3494 tionis
1484 3434 1752 3515 ingressu
1781 3454 2017 3495 causam
2047 3444 2360 3510 memorat,

1278 3540 1465 3598 quare
1511 3540 1752 3600 pauca
1809 3529 2047 3581 tantum
2091 3540 2123 3580 e
2167 3521 2360 3581 mul-

1277 3606 1386 3666 tis
1427 3606 1777 3686 prolaturus
1807 3605 1915 3666 sit:
1977 3606 2203 3666 maiora
2235 3625 2359 3665 esse

1277 3700 1494 3767 cetera,
1527 3712 1708 3769 quam
1745 3711 1897 3770 quae
1922 3690 2171 3752 humani
2199 3693 2362 3752 vatis

1279 3778 1513 3837 animus
1538 3779 1733 3857 capiat
1742 3799 1760 3853 3
1785 3796 1976 3855 neque
2000 3777 2186 3858 igitur
2208 3777 2360 3838 haec

1276 3864 1429 3924 scire
1497 3864 1778 3944 affarique
1835 3863 1945 3922 sibi
2013 3882 2358 3925 concessum

1279 3969 1420 4009 esse.
1509 3948 1674 4011 Haec
1721 3949 2039 4029 explicatio
2097 3949 2356 4010 multum

1276 4035 1363 4094 illi
1399 4045 1668 4116 praestat
1679 4056 1700 4114 5
1756 4044 1820 4095 et
1844 4036 2066 4116 egregie
2105 4044 2240 4116 apta
2267 4044 2359 4095 est

1279 4120 1430 4182 haec
1484 4121 1776 4182 orationis
1838 4121 2100 4182 inversio
2169 4121 2356 4181 vehe-

1277 4217 1513 4269 menter
1553 4216 1853 4287 commoto
1880 4206 2092 4267 Heleni
2137 4206 2356 4266 animo.

1277 4292 1437 4354 Hinc
1469 4294 1649 4354 etiam
1678 4293 2044 4373 intelligitur,
2082 4312 2203 4352 non
2230 4309 2357 4349 esse

1277 4378 1426 4440 haec
1466 4379 1902 4468 parentheseosx
1940 4377 2118 4459 siguis
2157 4374 2356 4436 iuclu-
