2882 5028
390 352 544 428 584
997 341 2038 418 EXCURSUSI

392 556 509 619 que
549 545 864 636 poetarum
907 543 1246 597 commenta
1288 554 1358 592 ac
1398 533 1566 595 lusus
1608 532 1882 593 sollerter
1923 531 1999 596 ab
2023 532 2142 592 illis
2166 531 2506 594 discernere
2527 530 2642 591 de-

390 625 624 697 berent,
654 622 861 683 omnia
884 621 1062 679 inter
1066 639 1129 678 se
1157 622 1531 694 missust-mu,
1569 627 1879 697 totamque
1906 618 2057 679 adeo
2088 627 2368 680 veterum
2391 616 2647 698 mytho-

392 730 533 771 rum
575 707 872 768 rationem
915 701 1275 782 turbarunt,
1320 714 1395 766 ut
1435 704 1501 765 in
1544 704 1840 785 plerisque
1884 703 2123 763 difficile
2163 708 2244 764 sit
2289 705 2648 784 perspicere,

395 793 546 873 quid
588 814 659 853 ac
706 800 1001 871 quantum
1043 791 1268 852 veteris
1307 791 1410 851 vel
1452 789 1864 871 philosophiae
1916 791 2015 850 vel
2057 790 2359 889 religionis
2400 790 2503 850 vel
2540 788 2653 848 hi-

397 879 617 940 storiae
669 877 767 936 vel
822 878 1003 957 prisci
1057 877 1346 950 sermonis
1398 877 1472 936 iis
1528 876 1764 935 subesse
1817 875 2186 936 credendum
2243 876 2347 936 sit.
2461 875 2654 935 Cuius

398 963 773 1045 corruptelae
819 971 1096 1023 auctores
1152 961 1420 1023 habendi
1479 962 1752 1042 inprimis
1806 962 1984 1022 iidem
2043 971 2190 1022 sunt
2233 961 2654 1035 Grammatici,

398 1051 503 1129 qui
545 1049 1000 1110 commentarios
1043 1049 1106 1109 in
1148 1058 1382 1109 veteres
1423 1058 1631 1129 poetas
1672 1047 2057 1128 scripserunt.
2140 1047 2299 1106 Dum
2349 1047 2521 1106 enim
2563 1006 2657 1107 illi

399 1138 480 1197 ad
519 1134 939 1197 illustrandam
982 1135 1242 1213 aliquam
1271 1133 1566 1209 fabulam,
1611 1133 1809 1193 omnia
1827 1168 1850 1210 ,.
1890 1153 2044 1212 quae
2085 1141 2336 1212 usquam
2360 1133 2656 1212 legerant,

398 1222 568 1283 nullo
611 1220 834 1282 iudicio
862 1219 1257 1299 collegerunt,
1300 1228 1363 1279 et
1404 1239 1483 1280 ex
1523 1240 1648 1279 uno
1691 1221 1823 1279 loco
1864 1219 1928 1279 in
1972 1229 2216 1278 centum
2256 1219 2421 1294 alios,
2464 1218 2657 1278 modo

402 1307 627 1368 additis
676 1306 979 1367 nonnullis
1020 1306 1205 1367 modo
1246 1305 1480 1381 recisis,
1521 1306 1998 1382 transtulerunt3
2040 1304 2291 1384 perditis
2333 1324 2503 1364 nunc
2535 1325 2658 1363 an-

402 1393 586 1472 tiquis
629 1391 1054 1472 scriptoribus,
1096 1393 1263 1451 unde
1302 1391 1662 1467 hauserant,
1704 1392 1817 1471 ipsi
1855 1390 1928 1449 ab
1972 1410 2044 1450 eo
2074 1390 2215 1450 inde
2253 1400 2528 1470 tempore
2552 1391 2658 1450 fa-
2681 1393 2698 1409 ⁸

402 1480 683 1540 bularum
725 1487 1033 1554 auctores,
1073 1476 1306 1538 indocti
1348 1478 1579 1557 pariter
1616 1485 1678 1535 et
1720 1476 2037 1554 levissimi,
2094 1476 2240 1535 facti
2284 1486 2429 1536 sunt
2450 1479 2520 1555 ¹³).

374 1635 375 1638 Ἰ
494 1573 497 1574 ’
573 1564 769 1623 Etiam
819 1563 1331 1643 Philosophorum
1351 1609 1369 1637 ,
1433 1562 1856 1641 Sophistamm
1910 1583 1982 1622 ac
2034 1563 2370 1621 Blascorum
2386 1607 2403 1637 ,
2467 1582 2662 1642 opera

407 1651 605 1729 aliqua
661 1650 776 1710 suit
833 1649 899 1709 in
955 1649 1410 1730 corrumpendis
1464 1646 1688 1728 mythis
1745 1657 1807 1707 et
1857 1647 2125 1709 historiis
2197 1648 2663 1726 antiquissimis3

405 1739 646 1796 illorum
687 1734 929 1813 quidem
970 1734 1035 1794 in
1076 1735 1410 1814 theogoniis
1434 1734 1694 1793 maxime
1724 1734 1969 1813 aliisque
2009 1734 2263 1793 deorum
2302 1734 2521 1793 fabulis
2564 1734 2663 1793 al-

404 1822 658 1902 legorice
697 1820 1166 1901 interpretandis
1181 1819 1295 1904 **);
1352 1840 1429 1879 ex
1472 1841 1591 1899 quo
1638 1820 1815 1880 semel
1857 1818 2252 1900 Pythagoras,
2295 1818 2665 1896 Heraclitus,

406 1917 468 1967 et
507 1905 911 1986 Xenophanes
952 1905 1032 1965 ad
1056 1904 1518 1986 mythologiam‚
1561 1914 1865 1984 tamquam
1903 1905 2239 1984 theologiae
2267 1904 2516 1984 aliquod
2550 1926 2663 1985 sy-

407 2002 592 2053 stema
623 1991 920 2052 subtiliter
962 1992 1277 2052 conditum
1296 2037 1313 2069 ,
1357 1990 1769 2068 offendissent3
1809 1992 2021 2050 'comm
2047 2000 2245 2051 autem
2287 1991 2354 2051 in
2399 1990 2667 2052 heroum

364 2118 371 2125 -
407 2078 590 2150 rebus
630 2087 694 2136 et
733 2077 994 2137 Troiano
1036 2078 1309 2157 inprimis
1348 2077 1527 2153 bello,
1569 2076 1719 2137 dum
1760 2077 2263 2136 declamationum
2305 2087 2668 2157 argumenta

409 2163 552 2224 inde
595 2172 879 2243 caperent
919 2171 980 2222 et
1022 2162 1261 2223 laudem
1304 2182 1381 2222 ex
1424 2183 1495 2221 eo
1541 2172 1853 2243 captarent
1894 2164 2034 2222 vani
2077 2161 2376 2236 homines,
2447 2164 2503 2222 si
2539 2161 2668 2221 ha-

410 2250 640 2325 berent,
683 2268 835 2326 quae
861 2258 1074 2309 contra
1114 2268 1208 2309 res
1251 2248 1689 2309 vetustissimae
1726 2249 1871 2308 fidei
1913 2248 2304 2329 probabiliter
2333 2247 2452 2308 dici
2483 2248 2668 2308 vide-

408 2331 643 2397 rentur.
743 2334 1048 2394 Habemus
1102 2335 1252 2393 adeo
1307 2337 1533 2394 Dionis
1590 2333 1801 2415 Chrys.
1860 2335 2296 2395 oratiunculam
2359 2333 2436 2393 de
2482 2334 2671 2394 Troia

411 2440 719 2498 nunquam
778 2429 985 2500 capta,
1058 2440 1178 2498 qua
1231 2420 1464 2479 mireris
1518 2421 1840 2481 nonnullos
1900 2420 1980 2480 ad
2035 2420 2387 2481 elevandam
2438 2420 2672 2479 veteris

410 2507 694 2568 historiae
737 2505 948 2582 fidem,
991 2506 1264 2586 inprimis
1305 2506 1370 2565 in
1408 2505 1591 2568 rebus
1635 2506 1935 2585 Troianis,
1981 2507 2089 2568 uti.
2177 2507 2281 2571 Ex.
2311 2505 2526 2568 eodem
2556 2526 2672 2587 ge-

414 2613 559 2655 nere
605 2602 750 2653 sunt
794 2591 1157 2652 Philostrati
1196 2591 1469 2653 Heroica.

583 2676 732 2738 Ausi
772 2677 954 2737 etiam
991 2677 1107 2757 ipsi
1148 2678 1419 2737 historici
1435 2723 1455 2755 ,
1518 2676 1624 2757 qui
1671 2686 1942 2738 veterum
1997 2679 2220 2739 scilicet
2272 2676 2674 2739 historiarum

414 2764 597 2826 fidem
638 2763 760 2824 suis
812 2763 1185 2842 temporibus
1227 2774 1288 2824 et
1325 2765 1505 2823 solito
1548 2783 1753 2824 rerum
1793 2764 2192 2843 gerendarum
2215 2765 2370 2825 mori
2414 2785 2487 2824 ac
2511 2786 2672 2824 con-

415 2849 725 2912 suetudini
767 2850 1219 2910 accommodare
1273 2850 1587 2925 volebant,
1654 2870 1752 2909 res
1805 2851 2093 2910 Troianas
2142 2851 2205 2910 in
2257 2851 2676 2933 πραγματείας

414 2939 670 2999 formam
710 2935 1012 3016 redigere,
1071 2944 1181 2996 aut
1222 2935 1598 2996 diversarum
1649 2936 2061 2996 narrationum
2104 2946 2351 2996 naturas
2395 2955 2466 2996 eo
2513 2957 2676 2996 con-

424 3023 560 3083 silio
602 3020 880 3096 miscere,
922 3030 1000 3081 ut
1034 3022 1227 3080 maior
1267 3021 1655 3101 probabilitas
1698 3041 1892 3082 novae
1935 3022 2294 3082 narrationis
2335 3022 2673 3097 exsisteret,

416 3128 479 3169 v.
531 3128 580 3168 c
623 3115 697 3167 ut
736 3106 995 3166 Romani
1035 3106 1244 3186 populi
1287 3107 1611 3187 originibus
1654 3127 1688 3165 a
1711 3108 1985 3168 Troianis
2028 3108 2224 3167 ductis
2265 3107 2674 3169 consulerent.

380 3200 395 3206 ‘
419 3195 762 3253 Demetrius
813 3199 1018 3250 autem
1059 3191 1365 3270 Scepsius,
1439 3217 1474 3257 o
1526 3189 1628 3256 τὸν
1678 3190 1950 3275 Τρωίκον
2003 3186 2337 3274 διάκοσμον
2379 3188 2671 3275 ἐξηγησά-

420 3299 619 3359 μενος,
662 3286 739 3336 ut
777 3276 994 3335 Strabo
1035 3276 1199 3351 XIII,
1243 3298 1303 3356 p.
1353 3281 1479 3344 609
1495 3322 1515 3355 ,
1570 3279 2008 3340 Grammaticus
2039 3280 2264 3339 Crateti
2307 3289 2367 3339 et
2398 3279 2673 3339 Aristar-

420 3361 536 3422 cho
594 3361 885 3440 aequalis,
941 3362 1010 3421 in
1067 3362 1444 3442 Scepsiorum
1494 3364 1745 3443 gratiam
1796 3366 1986 3424 multa
2041 3365 2106 3425 in
2159 3365 2341 3425 rebus
2396 3365 2674 3425 Troianis

422 3448 598 3506 aliter
640 3467 712 3507 ac
754 3446 939 3507 ceteri
978 3447 1335 3508 tradiderat.
1377 3468 1438 3508 v.
1468 3450 1689 3509 Strabo
1729 3452 1771 3510 l.
1815 3471 1866 3511 c.
1919 3450 2165 3511 Librum
2195 3451 2337 3512 XVI
2371 3462 2435 3511 et
2468 3450 2674 3511 xxlv

420 3531 657 3593 laudari
702 3531 909 3592 videas
951 3552 1047 3612 ap.
1095 3533 1315 3595 Athen.
1359 3533 1459 3611 IV,
1507 3556 1566 3614 Ρ.
1615 3540 1735 3601 178
1769 3537 1838 3600 F.
1887 3538 2006 3603 175
2033 3537 2101 3597 A.

598 3618 750 3677 Cum
792 3617 912 3677 iam
956 3619 1205 3680 Graecia
1247 3641 1282 3679 a
1312 3621 1597 3679 Romanis
1639 3622 1702 3680 in
1745 3623 2096 3682 servitutem
2126 3622 2375 3683 redacta
2401 3641 2540 3681 cum
2569 3640 2675 3679 ce—

425 3703 574 3763 teris
614 3702 904 3763 libertatis
943 3704 1117 3765 bonis
1158 3706 1353 3766 etiam
1380 3716 1694 3766 accuratae
1739 3706 2049 3768 doctrinae
2090 3708 2384 3783 habitum,
2426 3706 2677 3767 tandem

424 3788 605 3848 etiam
648 3808 920 3865 sensum,
963 3792 1281 3868 amisisset,
1337 3791 1723 3874 deperditis
1707 3814 1824 3853 iam
1869 3804 1998 3855 tum
2043 3804 2152 3854 aut
2193 3793 2678 3854 delitescentibus

422 3873 722 3955 plerisque
764 3894 843 3934 ex
887 3878 1205 3954 praeclaris
1246 3878 1361 3937 illis
1403 3878 1842 3957 antiquioribus
1897 3881 2088 3960 poetis
2141 3901 2211 3939 ac
2261 3879 2677 3975 scriptoribus,

426 3977 562 4020 ecce
602 3957 716 4018 tibi
765 3972 1180 4040 provenerunt
1224 3962 1395 4023 multi
1439 3985 1567 4024 non
1609 3974 1853 4044 poetae,
1914 3965 2021 4025 sed
2064 3966 2525 4041 versificatores,
2573 3963 2677 4042 qui

426 4064 504 4106 ex
547 4044 886 4118 nonnullis,
931 4046 1036 4125 qui
1077 4057 1467 4128 supererant,
1519 4050 1708 4129 poetis
1752 4050 1988 4130 cyclicis
2030 4051 2290 4130 antiquis
2331 4070 2497 4111 nova
2537 4069 2678 4108 car-

427 4131 592 4191 mina
632 4088 1111 4210 conscriberent,
1157 4143 1265 4195 aut
1305 4132 1487 4195 etiam
1528 4155 1606 4196 ex
1643 4137 2166 4215 grammaticorum
2205 4137 2307 4197 vel
2352 4135 2680 4197 historico-

564 4350 608 4414 Ἴ
643 4347 769 4403 vid.
806 4346 990 4402 Notas
1023 4350 1101 4402 aa
1130 4300 1386 4423 Apollod.
1422 4371 1478 4423 Ρ.
1512 4355 1618 4411 929
1653 4371 1728 4425 sq.

564 4419 632 4490 ’Ἴ
667 4418 803 4474 Ibid.
839 4436 895 4490 p·
927 4418 1035 4477 932
1069 4436 1150 4489 tq-
