2882 5028
622 316 1238 394 AENEIDos
1292 321 1505 397 Lm.
1558 324 1690 416 lv,
1748 328 2078 403 84--94
2324 336 2478 434 σου

239 509 428 583 Cara
451 505 661 579 Iovis
691 504 1069 599 coniunx,
1123 530 1274 582 nec
1311 503 1609 583 famam
1650 508 1967 586 obstare
2005 508 2298 607 furori;

238 607 549 685 Talibus
576 607 1034 705 adgreditur
1053 613 1474 690 Venerem,
1496 613 1855 690 Saturnia
1887 614 2145 692 dictis:

233 712 640 810 Egregiam
677 736 869 787 vero
919 711 1243 789 laudem
1277 725 1359 790 et
1383 712 1636 814 spolia
1671 718 1931 818 ampla
1963 717 2279 794 refertis

238 819 518 917 Tuque
544 838 910 916 puerque
937 828 1156 908 tuus;
1217 838 1600 913 magnum
1642 831 1724 895 et
1748 821 2288 900 memorabile
2320 847 2470 899 nu-

1385 944 1605 1020 men,

143 1131 153 1137 .
235 1073 348 1125 libri
378 1091 536 1134 mss.;
570 1084 712 1126 errat
742 1074 904 1142 igitur
935 1075 1021 1126 Fr.
1056 1075 1230 1127 Iacob.
1265 1075 1334 1127 ad
1365 1076 1607 1145 Propert.
1642 1079 1746 1142 111,
1789 1079 1887 1142 15,
1932 1079 2018 1135 25.
2066 1097 2121 1148 p.
2172 1081 2291 1137 165.
2336 1079 2469 1134 Vir-

234 1142 468 1210 gilianum
505 1162 622 1195 esse
658 1144 824 1196 simul
854 1162 921 1196 ac
952 1161 1164 1212 negans.
1235 1146 1346 1197 Nec
1380 1152 1509 1198 Aen.
1546 1148 1664 1211 ΧΠ,
1699 1149 1821 1201 222.
1866 1148 2028 1199 ausim
2064 1150 2229 1200 simul
2261 1161 2324 1201 ut
2371 1167 2465 1202 re-

232 1229 437 1276 vocare,
472 1229 630 1282 quum
663 1222 932 1283 receptam
963 1213 1243 1265 lectionem
1277 1225 1493 1282 praeter
1526 1216 1659 1267 alios
1708 1216 1902 1269 multos
1949 1217 2248 1283 Mediceus,
2296 1217 2468 1282 etiam,

234 1291 286 1332 nt
312 1282 551 1347 videtur,
589 1285 881 1346 Romanus,
915 1282 1213 1335 defendant.
1254 1283 1399 1353 Wr.)
1538 1288 1604 1340 91
1646 1286 1839 1348 Clara,
1894 1303 2027 1355 quae
2073 1285 2324 1338 sollennis
2369 1305 2468 1339 va-

233 1351 381 1403 rietas
418 1362 527 1417 est,
563 1352 652 1404 hic
686 1370 718 1404 a
750 1353 956 1404 nemine
993 1361 1251 1404 enotatnr.
1286 1353 1382 1422 (ita
1414 1363 1591 1405 tamen
1630 1354 1798 1406 edidit
1827 1356 2068 1418 Wakef.;
2106 1355 2331 1407 alienum
2363 1356 2469 1409 hoc

234 1439 260 1472 a
304 1421 514 1472 deornm
584 1421 877 1472 nominibus
940 1420 1234 1489 epitheton.
1326 1424 1599 1490 Expressit
1645 1423 1899 1492 Virgilius
1960 1424 2290 1476 Homericum
2335 1424 2468 1476 illud

233 1489 355 1558 φίλη
392 1484 632 1558 ἄλοχος,
669 1484 916 1556 ἄκοιτις,
969 1500 1030 1542 ut
1076 1490 1140 1542 11.
1188 1493 1277 1557 ΙΙΙ,
1331 1493 1448 1547 188.
1498 1495 1591 1558 VI,
1640 1492 1762 1547 495.
1811 1494 1997 1562 odyss.
2045 1496 2142 1557 IX,
2192 1495 2314 1548 207.
2370 1495 2465 1546 cfr.

231 1559 372 1610 etiam
406 1565 533 1612 Aen.
572 1562 673 1627 1x,
705 1561 790 1616 84.
846 1560 987 1627 Wr.)
1064 1559 1284 1629 furenti
1328 1562 1533 1630 Hagen.
1607 1563 1816 1634 pudori
1859 1581 1939 1632 pr.
1992 1563 2178 1616 Hamb.
2230 1573 2283 1615 et
2330 1564 2466 1616 Ven.

232 1646 336 1679 cnm
369 1631 634 1691 Romano,
672 1630 749 1695 (et
786 1630 867 1683 13.
912 1630 1058 1697 Wr.)
1092 1629 1237 1681 facili
1267 1629 1438 1698 lapsu.
1508 1630 1593 1683 Sic
1628 1632 1723 1682 inf.
1758 1632 1831 1695 X,
1865 1633 1988 1687 398.
2037 1641 2093 1684 et
2143 1650 2229 1700 ap.
2274 1633 2465 1685 Lucan.

233 1699 312 1761 lv,
346 1700 462 1753 231.
606 1701 676 1754 92
710 1699 1015 1769 alloquitur
1047 1698 1185 1750 alter
1232 1701 1440 1768 Menag.
1513 1701 1892 1770 (Sans-tissima
1941 1703 2103 1753 dictis
2150 1701 2279 1754 eod.
2329 1707 2465 1770 Aug.

231 1767 346 1818 Maii
380 1768 519 1836 apud
554 1768 794 1819 Arusian.
819 1786 870 1820 s.
905 1785 955 1820 v-
988 1769 1320 1839 Adgrediar.
1362 1769 1509 1837 th.)
1645 1770 1716 1824 93
1749 1787 1817 1820 ac
1846 1789 1929 1842 sp.
1963 1770 2128 1824 wall.
2179 1771 2299 1823 alea
2328 1774 2464 1823 Ven.

221 1834 409 1906 seretis
440 1837 596 1889 Leid.
633 1855 717 1889 un.
755 1856 783 1888 a
818 1856 884 1888 m.
923 1855 1028 1889 sec.
1165 1834 1238 1892 94
1287 1856 1489 1890 numen
1525 1855 1651 1890 sane
1683 1838 1883 1890 habent
1916 1839 2178 1891 veterrimi
2213 1851 2268 1891 et
2302 1856 2464 1908 prae-

231 1907 517 1958 stantissimi
553 1906 734 1971 Pierii,
767 1907 971 1958 Heinsii
1012 1915 1067 1958 et
1102 1907 1291 1971 But-m„
1330 1906 1417 1976 qui
1437 1905 1568 1959 illud
1603 1908 1737 1958 adeo
1767 1917 1995 1961 tuentur.
2064 1909 2452 1979 Accipiendum:

232 1993 477 2097 {5⁰5³ss
502 1995 639 2096 ⁹513?
674 1988 741 2096 ’.ἒ
761 1975 2463 2100 'L'zi-Z'Jss‘ssfiffiaffl‘d'i‘ssmss‘d'issssisshwffiuss⁰iffissi'033³’

267 2081 279 2094 0
343 2086 353 2097 ο
495 2085 510 2111 ,
643 2084 657 2109 ,
1826 2085 1838 2097 ο
2431 2076 2462 2087 -

229 2114 405 2165 tot-tius
441 2116 514 2166 ita
552 2115 748 2166 dictum
784 2114 1005 2166 videtur.
1073 2115 1266 2166 Contra
1295 2114 1548 2167 sollennis
1590 2115 1842 2179 formula,
1890 2115 2233 2169 memorabile
2273 2133 2462 2168 nomen

231 2183 307 2250 (cf.
341 2202 451 2254 sup.
489 2187 554 2247 11,
593 2184 747 2249 583),
801 2194 857 2235 et
903 2184 1007 2234 hoc
1053 2184 1149 2236 Ge.
1198 2184 1464 2236 Fabricius
1512 2184 1878 2253 praeferebat,
1926 2195 1982 2236 et
2029 2195 2110 2237 est
2155 2186 2210 2238 in
2263 2185 2333 2237 ali
2372 2196 2464 2238 not

231 2252 462 2306 Pierianis
499 2264 556 2304 et
593 2253 647 2304 in
685 2270 787 2304 nno
830 2264 883 2304 et
917 2253 1087 2305 altero
1124 2253 1322 2322 scripto
1363 2253 1544 2305 Heius.
1588 2265 1640 2306 et
1673 2255 1843 2305 Burm.
1890 2254 2254 2326 nonnullisque
2361 2253 2459 2307 ἐὴ.

229 2321 462 2392 Exempla
497 2323 609 2375 iam
643 2324 915 2375 Burmann.
949 2322 1215 2393 congessit
1244 2322 1299 2374 in
1336 2323 1494 2375 alium
1533 2340 1694 2375 usum.
1728 2323 1879 2375 ovid.
1913 2325 2045 2376 Met.
2088 2326 2162 2391 X,
2207 2326 2313 2379 608
2362 2342 2460 2376 eeu

231 2464 572 2525 avertendos
620 2483 697 2524 ex
735 2471 1084 2544 tempestate
1127 2481 1294 2524 com·
1375 2465 1624 2525 Iunonis
1665 2463 1919 2526 arbitrio
1963 2465 2295 2545 permittit,
2352 2475 2459 2526 ut-

231 2559 390 2610 mota
408 2551 803 2629 Troianisque
836 2551 896 2609 in
927 2550 1159 2610 Africae
1185 2550 1295 2609 lit-

231 2642 350 2693 tora
400 2637 603 2696 eiectis
662 2637 980 2714 quicquam
1041 2635 1151 2694 sibi
1201 2654 1296 2695 res

229 2722 578 2798 procedant,
637 2730 710 2780 ut
762 2722 965 2802 potius
1022 2720 1297 2780 Troianis

127 2822 131 2826 *
228 2801 334 2864 hoc
366 2808 558 2887 ipsum
601 2805 931 2888 hospitium
977 2805 1153 2864 saluti
1200 2807 1295 2866 sit.

229 2887 456 2951 Mutatis
504 2892 695 2973 igitur
761 2912 838 2951 ex
896 2911 963 2951 re
1019 2890 1295 2966 consiliis,

231 2986 480 3037 servatos
513 2977 633 3040 hos
672 2997 733 3036 se
770 2977 967 3037 invita
1006 2977 1295 3036 Troianos

231 3059 306 3119 sic
332 3064 533 3123 saltem
563 3082 769 3124 arcere
813 3062 1015 3121 studet
1051 3062 1126 3122 ab
1164 3063 1295 3122 lta-

230 3143 326 3222 lia,
367 3158 433 3208 ut
458 3150 543 3208 illi
573 3168 712 3208 cum
737 3148 950 3207 Poenis
989 3168 1109 3207 una
1140 3148 1297 3207 civi-

231 3239 344 3291 tate
369 3234 725 3314 iungantur5
767 3235 852 3293 sic
884 3252 1121 3312 quoque
1154 3253 1294 3293 suos

233 3314 438 3378 Poenos
475 3320 803 3380 incolumes
843 3320 989 3379 sore.
1076 3317 1209 3379 Hoc
1233 3337 1294 3377 se

233 3402 555 3464 effecturam
600 3408 842 3485 sperat.
887 3407 1118 3463 Aeneae
1158 3425 1295 3464 cum

233 3485 442 3549 Didone
476 3490 751 3570 coniugio
792 3490 965 3550 inito.
1053 3489 1296 3570 Appro-

232 3571 361 3632 bare
373 3573 488 3635 hoc
514 3577 827 3636 consilium
853 3584 1029 3655 parat
1047 3575 1298 3653 Veneri3

236 3666 314 3733 et,
354 3663 582 3721 tametsi
624 3662 767 3721 satis
814 3670 1075 3736 teneret,
1116 3661 1297 3721 fatale

235 3758 373 3820 esse,
414 3756 484 3805 ut
506 3748 733 3807 Aeneas
773 3747 839 3806 in
882 3747 1052 3805 Italia
1097 3746 1294 3806 consi-

239 3826 360 3903 dat,
401 3832 617 3913 quippe
655 3852 807 3911 quae
853 3832 928 3891 de
970 3833 1128 3893 Iovis
1175 3853 1292 3891 vo-

236 3909 451 3974 luntate
504 3919 704 3977 omnia
758 3927 1063 3999 comperta
1103 3916 1294 3977 habe-

237 3994 357 4058 bat:
394 4021 521 4082 sup.
557 4003 603 4079 I,
644 4004 791 4068 258.
848 4024 1045 4062 cernes
1091 4003 1292 4062 urbem

239 4094 289 4138 et
316 4091 607 4161 promissa
633 4091 864 4147 Lavini
903 4092 1140 4148 moenia
1180 4096 1289 4153 etc.

239 4164 551 4231 dissimulat
579 4183 781 4234 tamen
810 4183 869 4232 et
904 4173 1293 4233 dubitationis

237 4257 457 4314 tantum
482 4257 611 4317 loeo
637 4257 804 4318 hunc
823 4259 1064 4319 fatalem
1088 4278 1294 4319 rerum

241 4336 492 4399 ordinem
518 4354 833 4421 memorat3
874 4355 1139 4421 ceterum
1165 4363 1294 4404 rem

332 4438 642 4520 Vmem
683 4446 895 4520 Tou.
928 4444 1025 4521 II.

1378 2570 1495 2629 que
1523 2550 1749 2610 Aeneas
1772 2571 1909 2610 cum
1951 2551 2180 2610 Didone
2208 2571 2459 2631 congre-

1381 2637 1618 2713 diatur,
1674 2637 1842 2696 facile
1886 2637 2148 2716 patitur,
2204 2657 2341 2696 cum
2379 2636 2459 2696 nd

1380 2741 1671 2781 summam
1704 2741 1943 2781 caussae
1973 2720 2122 2781 nihil
2151 2722 2294 2782 inde
2320 2721 2458 2782 mali

1381 2806 1714 2866 timendum
1772 2815 1925 2865 esset
1940 2828 1957 2883 3
2027 2826 2152 2866 nou
2195 2807 2352 2866 enim
2402 2807 2457 2866 ei

1377 2891 1689 2971 probabile
1743 2891 1938 2951 videri
1996 2890 2236 2966 debuit,
2305 2892 2456 2969 fore,

1383 2986 1451 3036 ut
1493 2977 1732 3037 Troiani
1789 2979 1952 3036 inter
2004 2977 2229 3036 Poenos
2289 2977 2458 3037 sedes

1376 3062 1601 3122 habere
1639 3061 1853 3122 malint
1891 3082 2071 3140 quam
2108 3080 2358 3141 regnum
2393 3062 2457 3122 in

1377 3148 1545 3207 Italia
1576 3147 1859 3208 condere:
1903 3166 2093 3224 neque
2138 3149 2343 3208 Iovem
2388 3147 2456 3208 id

1379 3233 1779 3293 admissurum
1832 3250 1956 3291 esse
2006 3233 2157 3291 bene
2192 3232 2455 3294 tenebat.

1377 3319 1606 3379 Habuit
1639 3328 1816 3399 poeta
1860 3317 2241 3399 Apollonium
2280 3317 2455 3378 Rho-

1380 3405 1548 3465 dium
1601 3414 1740 3464 ante
1797 3404 2029 3479 oculos,
2084 3403 2149 3462 in
2199 3404 2455 3463 consiliis

1379 3489 1624 3551 Iunonis
1669 3498 1731 3549 et
1779 3489 2026 3549 Veneris
2083 3489 2455 3549 conserendis

1379 3576 1484 3636 lib.
1531 3575 1629 3635 111.
1666 3595 1758 3655 pr.
1800 3594 1908 3634 suo
1960 3582 2160 3633 tamen
2208 3574 2454 3634 oonsilio

1377 3661 1681 3742 praeclare
1705 3659 1934 3738 singula
1966 3659 2453 3720 accommodavit.

1465 3750 1550 3811 90
1568 3783 1645 3794 -
1665 3750 1765 3812 92.
1790 3756 1979 3824 peste,
2008 3745 2258 3805 exitioso
2286 3765 2454 3805 mor-

1373 3831 1505 3909 bo‚·
1530 3850 1746 3892 amore.
1783 3830 1857 3889 cf.
1898 3828 1942 3903 Ι,
1985 3834 2128 3894 712.
2176 3830 2447 3908 famam,

1373 3914 1439 3976 h.
1491 3936 1539 3976 e.
1582 3918 1775 3976 famae
1828 3934 2067 3992 curam;
2124 3934 2248 3975 non
2287 3917 2451 3975 illam

1373 4002 1493 4061 iam
1524 4003 1714 4061 malae
1744 4003 1936 4060 famae
1972 4009 2138 4061 metu
2163 4000 2450 4063 revocari.

1374 4088 1450 4146 cs.
1479 4108 1539 4148 v.
1576 4092 1715 4154 170.
1744 4118 1747 4119 ⁷

1463 4175 1766 4237 93-98,
1818 4170 2021 4250 spolia
2069 4177 2278 4231 ornate
2334 4187 2450 4248 pro

1374 4257 1647 4317 victoria.
1679 4279 1870 4336 puer,
1917 4260 2095 4329 παῖς,
2141 4254 2328 4329 filius,
2354 4272 2451 4312 res

1376 4351 1521 4403 nota
1543 4343 1743 4403 velex
1768 4338 2041 4400 Horatio.
2082 4359 2331 4413 numen,
2367 4357 2448 4398 sc.
