2882 5028
459 485 614 559 932
940 478 1021 554 P.
1075 443 1603 551 VIRGILII
1647 468 2180 551 MARoms

464 662 910 745 Coelicolae
943 661 1274 740 valeant.
1383 663 1551 737 Stat
1579 658 1834 737 ferrea
1870 662 2106 736 turris
2144 659 2241 735 ad
2274 685 2544 754 auras3

462 768 1061 869 Tisiphoneque
1090 764 1419 861 sedem,
1472 764 1676 866 palla
1714 767 2106 840 succincta
2137 776 2495 861 cruenta,
2566 768 2704 844 555

464 870 959 949 Vestibulum
993 870 1386 945 exsomnis
1413 881 1670 943 servat
1701 882 2136 969 noctesque
2169 866 2538 968 diesque.

459 977 662 1052 Hinc
699 973 1042 1051 exaudiri
1073 974 1449 1071 gemitus,
1507 985 1586 1047 et
1614 997 1842 1047 saeva
1874 996 2160 1047 sonare

460 1079 851 1170 Verbera;
908 1090 1080 1151 tum
1111 1075 1407 1151 stridor
1435 1073 1666 1172 ferri,
1718 1088 2171 1176 tractaeque
2208 1086 2565 1151 catenae.

464 1183 833 1261 Constitit
864 1185 1207 1276 Aeneam,
1260 1180 1755 1280 strepituque
1792 1181 2200 1255 exterritus
2231 1176 2514 1254 haesit.

562 1326 736 1404 559.
791 1341 1234 1394 srassrrrum
1339 1337 1625 1392 uansrr

462 1544 715 1596 Montalb.
752 1544 818 1595 cf.
849 1543 916 1595 ad
942 1545 1031 1605 lv,
1066 1543 1188 1597 425.
1257 1544 1315 1593 In
1350 1542 1453 1595 fine
1474 1559 1654 1595 versus
1695 1541 1886 1594 iterum
1915 1543 1983 1594 du
2023 1541 2109 1593 lex
2135 1541 2296 1594 codd.
2331 1540 2567 1593 familia:
2604 1541 2707 1591 Me-

462 1614 564 1666 dic.
601 1632 717 1665 cum
754 1613 823 1665 al.
859 1611 1056 1683 serto,
1090 1611 1232 1694 quod
1260 1622 1405 1664 recte
1444 1615 1770 1681 praefer-tun
1806 1614 1955 1669 Rom.
1986 1562 2170 1680 fragm.
2214 1613 2395 1664 Vatic.
2428 1612 2571 1662 Gnd.
2602 1628 2705 1661 an.

460 1701 542 1753 pr.
580 1687 715 1745 (nam
744 1682 789 1733 is
819 1684 886 1734 ad
916 1691 1266 1749 Apronianum
1291 1683 1555 1751 exemplar
1601 1682 1900 1733 emendatus
1931 1683 2050 1748 est),
2098 1681 2236 1732 adde
2280 1681 2587 1733 Palatinum
2620 1683 2706 1730 Ee-

461 1753 675 1818 nedied,
712 1770 826 1804 cum
854 1751 920 1802 al.
955 1763 1007 1802 et
1029 1752 1191 1802 Goth.
1221 1768 1326 1802 sec.
1365 1749 1529 1804 bello.
1598 1752 1751 1820 (Hoc,
1786 1751 1946 1815 bello,
1977 1751 2177 1819 recepit
2209 1751 2457 1812 Iahnins3
2513 1761 2571 1801 et
2596 1768 2706 1818 pos-

464 1823 534 1874 sit
548 1822 713 1893 serto
741 1821 1043 1872 translatum
1076 1820 1241 1871 videri
1269 1838 1331 1870 ex
1360 1823 1458 1883 IX,
1499 1822 1640 1876 137.:
1678 1822 1911 1885 „ferro
1947 1820 2257 1872 sceleratam
2295 1819 2544 1872 exscin
2564 1821 2704 1870 dere

463 1897 722 1961 gentem.“
792 1894 987 1942 Verum
1018 1892 1119 1942 hoc
1145 1908 1307 1957 genus
1341 1891 1550 1943 critices
1578 1892 1690 1941 fere
1728 1908 1832 1941 non
1854 1927 1870 1954 ,
1914 1891 2015 1941 nisi
2049 1899 2160 1940 turn
2180 1928 2195 1954 ‚
2236 1902 2386 1941 recte
2420 1889 2706 1947 adhibetur.

461 1980 619 2032 quum
646 1978 751 2014 non
787 1961 954 2011 solum
982 1961 1142 2010 verba
1167 1971 1284 2010 sunt
1309 1961 1509 2022 eadem,
1543 1961 1638 2011 sed
1664 1961 1805 2010 idem
1831 1960 1987 2011 etiam
2020 1960 2137 2010 ord
2155 1975 2187 2008 ο
2225 1960 2540 2010 verborum.
2609 1960 2707 2009 Ne-

462 2049 563 2102 que
593 2030 667 2081 ita
693 2047 813 2081 raro
848 2046 945 2099 pro
975 2046 1086 2081 voc.
1098 2028 1320 2098 serrum
1359 2029 1618 2096 glossema
1647 2029 1844 2081 bellum
1875 2048 1906 2081 a
1953 2028 2181 2079 librariis
2222 2028 2277 2078 iu
2319 2038 2473 2080 textu
2505 2029 2708 2084 illatum.

462 2110 523 2152 ut
552 2099 689 2169 apud
715 2100 908 2150 Lucan.
952 2100 1065 2161 vn,
1100 2099 1223 2154 345.
1270 2098 1383 2150 Liv.
1410 2100 1587 2163 xxa,
1621 2101 1708 2154 39.
1759 2106 1888 2150 Aen.
1929 2100 2050 2159 XII,
2088 2095 2206 2152 124.
2241 2100 2365 2151 186.
2438 2101 2578 2149 Tum
2592 2097 2708 2167 fer-

464 2188 583 2220 tum
600 2170 757 2220 verbo
777 2168 1109 2229 exscindere,
1147 2169 1426 2237 praecipue
1458 2185 1584 2221 vero
1621 2168 2086 2219 adamantinis
2118 2166 2377 2218 columnis
2407 2170 2563 2218 unice
2591 2184 2711 2217 cen·-

461 2238 631 2297 venit3
667 2246 721 2287 et
742 2238 879 2288 bene
904 2237 1140 2288 Servius:
1203 2236 1460 2297 „Adamas
1496 2238 1632 2307 lapis
1668 2251 1747 2289 est
1772 2237 2073 2288 durissimus
2113 2248 2162 2287 et
2196 2247 2379 2288 tantae
2416 2235 2711 2294 soliditatis,

463 2317 523 2358 ut
547 2323 645 2357 nec
679 2307 866 2357 ferro
904 2306 1072 2375 possit
1103 2306 1372 2374 infringi.‘·
1412 2308 1557 2368 Wrzl
1694 2309 1796 2362 555
1833 2308 1987 2358 sedet
2015 2324 2119 2357 see.
2149 2307 2345 2356 Moret.
2479 2309 2588 2361 556
2621 2326 2712 2356 exv

462 2378 667 2427 soumis
694 2374 776 2424 vel
811 2377 1050 2425 exomni-s·
1092 2374 1281 2426 Medic.
1323 2394 1435 2427 eum
1478 2376 1743 2445 plerisque
1793 2377 1973 2428 Heius.
1997 2378 2269 2426 Burmann.
2315 2386 2371 2426 et
2400 2376 2563 2438 Pion,
2597 2377 2712 2424 itera

461 2445 647 2512 fragm.
679 2442 849 2495 vatic.
876 2451 932 2494 et
957 2444 1040 2494 ed.
1070 2443 1186 2494 ald.
1221 2462 1300 2511 pr.
1372 2448 1510 2512 Ergo
1546 2456 1689 2497 recte
1723 2455 1992 2514 receptum
2031 2446 2096 2495 ab
2132 2445 2354 2495 Heinsio
2383 2457 2440 2496 et
2481 2446 2710 2495 illustra-—

459 2525 569 2568 tum
598 2513 869 2582 exemplis.
939 2513 1119 2565 Altera
1140 2513 1302 2567 lectio
1321 2517 1584 2568 insomnis
1611 2535 1640 2567 e
1671 2519 1819 2567 Rom.
1849 2517 1996 2567 fluxit
2017 2514 2264 2583 aliisque,
2319 2516 2418 2566 sed
2490 2516 2709 2566 auciori-

461 2586 588 2645 δοες
625 2585 700 2652 (in
738 2583 925 2652 quibus
958 2584 1125 2635 Palat.
1169 2594 1224 2634 et
1264 2587 1314 2639 9.
1356 2587 1502 2650 Wr.)
1542 2597 1596 2636 et
1630 2586 1707 2636 sic
1741 2587 1824 2636 ed.
1871 2583 2084 2636 Mediol.
2117 2584 2236 2635 Ald.
2269 2603 2437 2635 secun
2479 2605 2544 2648 a,
2592 2589 2709 2636 lunt.

460 2654 698 2722 aliaeque
723 2663 852 2704 vett.
918 2673 951 2705 e.
969 2656 1171 2705 somnis
1199 2654 1284 2705 ed.
1307 2656 1441 2706 Veu.
1493 2656 1690 2722 (noetis
1726 2690 1742 2706 .
1777 2655 1920 2724 prins
1948 2654 2003 2705 in
2035 2655 2223 2705 Medic.
2253 2655 2520 2723 scriptum
2560 2655 2708 2705 ruisse

463 2723 723 2792 Foggiuio
754 2722 977 2776 videtur.
1012 2727 1095 2776 W
1091 2724 1158 2790 r.)
1282 2726 1388 2780 557
1423 2742 1624 2775 sonore
1651 2743 1681 2776 a
1706 2725 1852 2792 iqnot
1878 2725 2014 2776 Pier.
2137 2726 2240 2778 558
2266 2744 2390 2775 cum
2426 2743 2510 2791 pr.
2539 2724 2707 2775 amb.

461 2806 749 2862 sot-meque
788 2793 870 2843 ed.
902 2794 1036 2845 Ven.
1173 2794 1278 2848 559
1303 2796 1641 2863 strepituque
1663 2813 1709 2844 e.
1739 2794 1920 2845 haesit
1948 2793 2164 2857 Medic„
2201 2803 2259 2844 at
2291 2794 2349 2844 in
2379 2796 2537 2845 Rom.
2577 2808 2708 2844 ute-

499 2875 740 2931 ttumque
769 2881 815 2914 e.
840 2863 1061 2923 ‚luceria
1111 2861 1239 2914 item
1272 2862 1324 2913 in
1352 2863 1592 2930 Lougob.
1632 2873 1686 2913 et
1722 2864 1903 2931 fragm.
1929 2862 2117 2925 Vatic„
2150 2864 2250 2913 sed
2272 2882 2309 2913 u
2338 2865 2705 2933 superscripto·

458 2882 689 2985 &idetur
713 2940 889 2983 tamen
922 2931 1141 2982 alterum
1168 2933 1354 2983 hausit
1378 2941 1539 3000 poeta
1575 2931 1807 2998 dignius,
1852 2933 1992 3001 quod
2020 2932 2210 3001 ubique
2258 2932 2465 2983 editum
2486 2972 2503 2996 ‚
2537 2934 2700 2985 salte-n

462 3001 585 3052 inde
616 3002 681 3052 ab
709 3000 859 3051 Aldo.
908 3002 1014 3067 (Ne
1043 3000 1255 3061 dubita,
1303 3002 1424 3069 quin
1450 3019 1626 3051 veram
1654 3001 1903 3052 exhibeat
1934 3001 2241 3063 lectionem,
2293 3020 2456 3071 quam
2485 3003 2705 3071 reposui.

461 3069 755 3131 Mediceus,
799 3069 915 3120 aliis
953 3070 1125 3133 codd..
1170 3069 1260 3136 qui
1305 3081 1358 3121 et
1392 3070 1497 3138 ipsi
1528 3069 1581 3121 in
1617 3070 2078 3140 praestantissimis
2118 3081 2499 3135 numerantur,
2544 3070 2706 3123 mendi

462 3139 717 3206 originem
744 3149 928 3206 aperte
966 3137 1334 3191 indicantibus.
1405 3141 1575 3202 Quum
1621 3140 1756 3191 enim
1795 3141 1984 3192 vitiose
2024 3140 2271 3209 scriptum
2326 3152 2476 3192 esset
2517 3156 2709 3211 strep-

463 3220 601 3272 tum,
638 3208 850 3259 verbum
878 3208 1056 3259 haesit
1078 3218 1329 3260 mutatum
1357 3220 1437 3260 est
1478 3209 1531 3259 in
1557 3209 1772 3272 housia
1820 3220 1878 3262 ut
1913 3212 2107 3262 factum
2149 3210 2386 3261 videmus
2430 3211 2491 3261 in
2536 3212 2709 3277 fraga

463 3278 635 3330 Vatic.
710 3276 911 3330 Deinde
936 3277 1091 3329 etiam
1116 3278 1378 3330 sententia
1402 3278 1643 3347 vulgatae
1667 3280 1913 3332 lectionis
1951 3280 2109 3348 longe
2138 3290 2217 3331 est
2249 3279 2519 3333 deterior.
2589 3284 2710 3332 Ean

468 3477 560 3527 tae
591 3467 842 3528 sollenni
871 3470 1059 3527 forma
1092 3469 1377 3546 loquendi
1400 3469 1547 3528 red-

465 3554 660 3613 ditur:
703 3574 826 3614 esse
861 3574 992 3613 eam
1022 3554 1300 3614 eductam
1330 3560 1395 3613 in
1424 3578 1547 3613 au-

468 3658 589 3714 ras,
632 3643 698 3697 in
714 3642 970 3698 eaelum.
1021 3641 1258 3700 Poetico
1285 3643 1547 3700 sermoni

462 3724 582 3784 hoc
604 3725 686 3783 ita
714 3727 1024 3805 proprium
1066 3727 1429 3807 putandum,
1478 3736 1548 3786 ut

463 3811 567 3870 illa
628 3811 803 3888 plane
861 3811 1063 3871 locum
1145 3835 1269 3873 non
1331 3812 1548 3871 habeat

465 3897 799 3973 subtilitas,
844 3918 920 3955 an
962 3920 1118 3957 aura
1157 3902 1219 3957 in
1266 3899 1409 3957 locis
1446 3900 1545 3956 in-

466 3984 604 4042 feris
624 3983 718 4042 sit.
806 3984 950 4048 553.
986 3984 1153 4044 Adeo
1184 3984 1385 4043 nullus
1403 3984 1545 4042 inde

466 4069 700 4128 reditus
727 4069 803 4128 ad
844 4089 1110 4148 superos.
1195 4070 1380 4143 Quod
1413 4083 1544 4127 tur-

466 4157 582 4212 rim
621 4154 912 4232 appellat,
968 4166 1113 4233 puta
1161 4173 1284 4213 esse
1335 4155 1546 4213 aedifi-

468 4241 628 4299 cium
654 4242 881 4318 ingens,
924 4242 989 4299 in
1020 4242 1208 4300 altum
1238 4241 1546 4313 eductum,

470 4347 580 4404 pro
621 4345 876 4401 carcere,
939 4337 1047 4386 aut
1074 4327 1396 4404 ergastulo,
1441 4327 1547 4386 sed

466 4409 618 4469 illud
653 4412 839 4489 magis
868 4413 946 4472 ad
971 4433 1095 4472 rem
1114 4461 1130 4487 ,
1174 4411 1551 4472 habendum:

466 4492 893 4576 δεσμωτήριον.
1014 4499 1157 4564 555.
1203 4497 1554 4579 Tisiphones

1630 3479 1855 3530 vestem
1921 3481 2232 3531 cruentam
2306 3491 2387 3531 ex
2457 3473 2712 3533 Homero

1632 3556 1804 3635 petiit
1854 3555 2019 3615 Iliad.
2075 3576 2127 3629 σ,
2174 3561 2324 3632 538,
2407 3559 2520 3618 ubi
2587 3557 2712 3636 liii-e

1634 3635 1803 3721 Εἷμα
1848 3636 1912 3703 δ’
1980 3636 2260 3722 ἔχ’ἅμφ’
2318 3641 2550 3723 ὤμοισι
2614 3647 2710 3707 δσ-

1632 3729 1886 3803 φοίνεον
1947 3729 2164 3807 αἵματι,
2196 3735 2427 3805 φωτῶν
2484 3752 2712 3791 aeona·-

1630 3813 1933 3871 modatius
1977 3833 2116 3872 sane
2161 3814 2222 3872 in
2267 3835 2502 3894 pugna.
2570 3816 2704 3876 oens

1629 3900 1781 3956 Stat.
1822 3898 1847 3957 1
1893 3898 2078 3959 Theb.
2128 3904 2268 3964 109.
2321 3905 2472 3965 110.
2580 3904 2712 3970 556

1628 3984 1981 4043 vestibulum
1998 3985 2188 4064 simpl.
2205 4006 2322 4065 pro
2340 3987 2545 4048 aditu.
2581 3990 2696 4053 557

1628 4071 1774 4133 558.
1819 4070 2287 4131 Numerosissimi
2319 4093 2580 4151 versu-33
2623 4072 2714 4131 sed

1630 4163 1692 4212 et
1734 4156 1922 4215 mirus
1971 4158 2225 4216 dilectus
2267 4179 2515 4233 rernm,
2571 4178 2712 4238 qnae

1634 4241 1848 4302 auditu
1889 4252 2147 4303 mentem
2181 4246 2530 4323 percellunt
2554 4292 2572 4318 ,
2629 4247 2714 4304 fn-

1635 4338 1771 4385 ctus
1802 4337 1905 4387 est.
1993 4328 2313 4388 Miltonum
2355 4331 2471 4389 hos
2515 4351 2714 4391 reum

1637 4415 1993 4491 expressisse
2035 4415 2135 4473 lib.
2177 4416 2341 4485 Vffl.
2394 4420 2530 4481 240
2571 4438 2713 4494 sqq.

1637 4499 1759 4557 iam
1799 4501 1895 4559 alii
1925 4509 2235 4561 notarunt.
2311 4500 2556 4583 (stridor
2553 4504 2716 4582 [ειη
