2882 5028
539 377 1363 455 TRAGTATARUM
1420 330 2073 457 iNVEN'rIONE
2349 387 2449 459 49
2511 450 2517 457 ,

194 587 334 637 ma
383 563 881 641 oraculorum
945 562 1675 669 vaticiniorumque
1757 568 2177 642 auctoritas
2245 580 2448 658 erat·

198 666 409 768 quod
456 669 634 743 satis
695 667 831 745 vel
911 693 1009 744 ex
1078 691 1250 744 uno
1304 666 1729 747 Herodoto
1805 682 2113 745 constat
2182 631 2448 769 (conf.

202 771 358 847 Cic.
394 770 440 849 l.
485 797 548 850 c.
611 774 765 850 c.1
815 769 1011 871 f.)*)
1128 770 1256 848 Ad
1320 771 1555 849 sedes
1610 773 1905 875 itaque
1943 773 2306 849 Troianis
2360 776 2441 850 in

194 872 408 950 ltalia
452 873 1059 951 constituendas
1105 874 1447 952 oraculis
1504 889 1586 954 et
1628 876 2012 952 vaticiniis
2065 870 2268 953 nihil
2328 878 2443 953 vi-

180 975 356 1053 deri
428 978 710 1055 debuit
771 977 1479 1059 accommodatius,
1601 982 1854 1055 Poeta
1929 992 2146 1057 certe
2215 1003 2441 1080 egre-

170 1081 301 1178 gie
366 1081 570 1158 hanc
630 1096 1007 1159 veterum
1065 1084 1720 1183 superstitionem
1767 1106 1911 1159 seu
1973 1082 2439 1183 religionem

173 1198 295 1259 est
356 1185 806 1307 amplexus,
886 1185 1455 1307 maiorumque
1505 1184 1719 1262 fama
1793 1199 1875 1262 et
1932 1184 2441 1265 historiarum

171 1285 340 1366 fide
390 1290 476 1365 in
525 1289 904 1367 Troianis
951 1290 1113 1364 suis
1158 1312 1258 1365 eo
1308 1314 1499 1366 usus
1541 1302 1696 1386 est,
1762 1301 1854 1366 ut
1899 1313 2049 1390 per
2088 1288 2441 1368 fatorum

173 1390 486 1469 decreta
575 1419 671 1469 ac
751 1393 1103 1469 deorum
1172 1393 1720 1469 interventum
1799 1393 2072 1469 omnia
2157 1394 2257 1471 ab
2339 1420 2439 1473 eo

176 1511 474 1572 narrata
525 1495 1100 1596 procederent.
1202 1496 1406 1574 Inde
1448 1501 1646 1575 Aen.
1686 1501 1780 1591 X,
1834 1505 1937 1576 33
1985 1504 2103 1574 εἰη
2149 1514 2261 1576 tot
2318 1527 2435 1577 re-

175 1627 443 1699 sponsa
485 1606 785 1700 sequuti
1005 1629 1047 1676 e
1082 1608 1337 1701 superi
1383 1606 1799 1700 Manesque
1843 1605 2152 1677 dabant.
2258 1602 2442 1687 Fuit

180 1703 255 1777 in
299 1702 416 1779 bis
474 1702 708 1779 idem
868 1702 981 1779 ud
1048 1702 1153 1780 de
1203 1703 1596 1780 Anchisae
1651 1704 1936 1804 stirpe,
2008 1704 2232 1806 quod
2277 1710 2440 1794 Ve-

180 1829 446 1882 nerem
491 1831 580 1882 se
701 1819 931 1882 utam
989 1830 1160 1883 esse
1215 1832 1363 1909 sup
1308 1835 1386 1909 p.
1443 1832 1501 1886 5.
1559 1810 1693 1887 ΠΙ.
1758 1831 1850 1882 ex
1907 1806 2300 1885 Acusilao
2322 1810 2440 1886 vi-

660 1911 888 1989 itum.
991 1910 1253 1986 Etiam
1299 1909 1726 2011 Apollinis
1746 1912 2042 2009 Grynei
2103 1925 2186 1989 et
2225 1913 2438 2010 Lycii

185 2027 450 2109 sortes,
506 2013 816 2116 quibus
865 2011 1174 2090 Italiam
1245 2038 1652 2116 quaerere
1683 2014 1938 2091 iussus
1992 2028 2193 2114 erat,
2258 2041 2434 2093 me-

186 2130 423 2193 morat
476 2122 804 2195 Aeneas
861 2116 1076 2218 apud
1135 2115 1546 2194 Didonem
1596 2115 1728 2197 lib.
1786 2120 1940 2215 IV,
2015 2124 2190 2200 345.
2259 2127 2434 2201 846.

192 2218 343 2300 add.
397 2224 552 2318 V1,
624 2227 856 2299 59-
873 2229 997 2299 61.
1099 2224 1251 2317 (At
1311 2221 1537 2322 quod
1602 2221 1685 2296 in
1750 2222 2053 2324 Cypriis
2106 2222 2206 2299 ab
2270 2226 2436 2301 He·-

194 2321 354 2398 leno
404 2326 491 2400 in
550 2323 870 2400 Paridis
923 2320 1429 2424 profectione
1514 2323 1821 2403 editum
1878 2325 2336 2403 vaticinium
2391 2353 2434 2404 a

192 2427 444 2503 Proclo
519 2439 1075 2523 memoratur,
1170 2425 1270 2502 ad
1330 2427 1528 2504 belli
1595 2427 1919 2505 Troiani
1972 2429 2182 2506 mala
2248 2455 2436 2532 spe-

192 2533 449 2656 davit.)
557 2531 875 2610 Callide
934 2543 1205 2607 autem
1260 2531 1358 2607 ab
1417 2532 1775 2608 obscuris
1826 2545 1905 2608 et
1962 2533 2282 2610 incertis
2315 2535 2429 2612 ad

68 2709 69 2722 ,
190 2638 498 2713 certiora
523 2636 954 2737 magisque
986 2631 1316 2710 definita
1341 2658 1808 2737 progressus
1840 2634 2198 2713 discendi
2221 2639 2435 2759 cupi-

189 2737 493 2816 ditatem
515 2738 883 2816 subinde
917 2737 1150 2816 novis
1185 2738 1523 2815 stimulis
1566 2736 1944 2817 incendit.
2021 2740 2188 2815 Etsi
2214 2741 2433 2817 enim

189 2842 609 2919 Cassandra
690 2841 1006 2919 dudum
1070 2846 1620 2943 prosectionem
1674 2871 1751 2919 m
1820 2848 2172 2919 Italiam
2196 2868 2433 2945 prae-

190 2941 868 3041 dixerat31actum
906 2957 1179 3022 tamen
1216 2958 1385 3021 erat
1412 2945 1758 3024 obscure
1798 2945 1917 3045 (in
1963 2946 2430 3049 Hesper-im,

177 3060 459 3125 terram
516 3049 878 3152 aliquam
926 3047 1440 3127 occidentem
1500 3074 1772 3127 versus
1836 3050 2119 3149 sitam)
2195 3064 2277 3128 et
2330 3053 2428 3128 ab

174 3177 260 3228 ea
302 3167 520 3249 vate,
598 3155 729 3230 cui
782 3153 1032 3228 nemo
1089 3150 1345 3229 fidem
1401 3151 1772 3233 haberet.
1840 3155 2038 3234 Aen.
2077 3153 2254 3251 111,
2279 3163 2429 3236 183

164 3280 354 3360 sqq„
408 3256 560 3334 uhi
603 3255 1031 3335 Anchises».
1099 3253 1295 3334 Sola
1340 3263 1523 3333 milu
1579 3264 1760 3335 talis
1816 3285 2042 3334 casua
2087 3266 2429 3338 casam-

161 3369 311 3437 dra
362 3365 737 3438 canebat.-
808 3365 1025 3437 Nnmc
1080 3377 1372 3462 repeto,
1443 3368 1634 3439 haee
1674 3367 1942 3464 generi
1969 3370 2432 3463 portendere

183 3470 417 3542 &abac
474 3480 746 3541 nostro
793 3469 900 3540 Et
941 3493 1167 3593 saepe
1226 3471 1706 3566 Hesperiam,
1767 3493 1994 3565 saepe
2032 3472 2245 3542 Itala
2303 3494 2427 3545 re·-
2515 3547 2524 3556 ,

181 3595 318 3665 gna
356 3598 669 3646 vocare.
776 3571 940 3645 Sed
972 3575 1136 3669 quis
1169 3576 1307 3645 ad
1329 3574 1742 3676 Hesperiae
1773 3585 2121 3646 venturos
2162 3574 2427 3649 littora
2479 3671 2480 3674 Ἴ

186 3675 492 3750 Tame
575 3678 936 3752 Crederet
950 3727 972 3767 ‚
1020 3687 1209 3749 aut
1239 3700 1452 3773 quem
1518 3690 1670 3751 tum
1707 3690 1922 3751 vates
1977 3679 2428 3751 cassandra

183 3779 546 3855 moveret?
616 3790 703 3854 et
736 3775 1248 3875 ignorabatur
1302 3776 1497 3852 situs
1540 3776 1847 3856 Italiae.
1914 3789 2099 3852 sunt
2134 3758 2428 3853 Heleni

186 3879 407 3958 verba
479 3884 636 3975 111,
716 3890 862 3962 381
938 3885 1324 3980 Prmcae’pio
1404 3883 1751 3975 Italiam,
1848 3908 2073 3981 quam
2135 3893 2217 3957 tu
2269 3886 2426 3958 iam

190 4008 341 4060 me
378 4013 921 4087 propmqaam,
1004 3989 1469 4082 Vicinosque,
1551 3991 1860 4086 ignare,
1910 4011 2161 4083 paras
2212 3989 2423 4062 inva-

190 4090 351 4165 dere
388 4105 702 4191 ponas,
770 4094 1050 4191 Longa
1091 4094 1368 4190 procul
1427 4094 1681 4193 longia
1730 4094 1857 4168 via
1907 4092 2182 4166 dividit
2223 4093 2424 4167 invia

332 4398 610 4486 ⁸)‚sconc
652 4405 894 4487 opum.
935 4400 1012 4461 Τ.
1054 4397 1107 4475 1,
1142 4415 1275 4485 pag.
1314 4398 1676 4479 816..816.}
1989 4465 1992 4468 .
2351 4462 2357 4470 .
2403 4456 2415 4468 ,

268 4502 549 4589 vaca..
611 4510 843 4586 Tou.
897 4499 1001 4577 Π.
1953 4497 2010 4567 4
