2882 5028
488 380 641 456 348
974 377 1058 453 Ρ.
1113 377 1637 455 VIRGILII
1705 379 2265 456 MARONIS

482 565 862 638 Exarsere
893 561 1116 659 ignes
1151 564 1463 656 animo;
1521 563 1731 640 subit
1764 565 1876 639 ira
1908 564 2330 642 cadentem
2555 572 2682 648 575

483 665 770 743 Ulcisci
807 667 1178 764 patriam,
1235 679 1315 741 et
1339 667 1750 744 sceleratas
1779 693 2097 744 sumere
2128 695 2441 771 poenas,

485 767 800 844 Scilicet
826 768 1026 844 haec
1053 772 1413 870 Spartam
1445 771 1867 878 incolumis
1898 775 2342 875 patriasque
2362 779 2686 872 Mycenas

481 871 933 973 Adspiciet?
984 886 1377 975 partoque
1406 874 1551 948 ibit
1578 876 1850 974 regina
1880 876 2316 978 t1·iumph0‚
2558 886 2685 959 578

581 1013 753 1091 578.
807 1016 1254 1109 Ansmcm'r,
1359 1021 1830 1090 TmUMPno?

580 1117 755 1194 579.
802 1118 1466 1214 Comncnmqun,
1519 1138 2009 1214 nemmem,
2044 1139 2378 1214 Parnm,
2424 1135 2684 1193 noros·

688 1241 845 1308 Qun
896 1241 1238 1316 VIDEBIT,

615 1392 719 1448 575
752 1394 902 1464 ignis
928 1394 1032 1445 duo
1062 1397 1234 1445 Burm.
1376 1395 1482 1449 576
1517 1411 1610 1447 an:
1647 1395 1954 1448 sceleratae
1990 1413 2204 1447 sumere
2233 1410 2444 1464 poenas
2471 1392 2522 1443 h.
2557 1409 2597 1441 e.
2631 1388 2684 1439 de

476 1460 771 1514 scelerata?
818 1474 874 1514 ut
900 1462 1076 1514 malim
1094 1501 1109 1527 ‚
1151 1463 1242 1514 inf.
1270 1464 1376 1518 585
1432 1467 1693 1517 merentis·
1721 1466 1979 1517 sumsisse
2015 1482 2241 1535 poenas.
2293 1464 2407 1530 (sed
2432 1462 2531 1513 vid.
2554 1462 2612 1512 V.
2635 1459 2684 1509 L.

473 1531 543 1583 ad
571 1549 686 1582 eum
716 1549 825 1596 vs„
862 1543 917 1583 et
951 1534 1082 1584 Not.
1107 1533 1175 1584 ad
1205 1533 1360 1584 hunc.
1402 1534 1548 1601 Wr.)
1620 1536 1685 1585 Et
1725 1534 1800 1586 sic
1824 1535 1926 1585 iam
1959 1533 2223 1585 valesium
2252 1532 2531 1585 coniecisse
2555 1530 2683 1580 docet

472 1599 729 1668 Cuningh.
802 1602 928 1652 inde
952 1621 984 1653 a
1003 1603 1134 1668 ‚5772
1160 1603 1264 1656 578
1290 1604 1396 1653 xn
1424 1621 1604 1654 versus
1632 1603 1856 1655 stellulis
1884 1602 2054 1654 notati
2094 1612 2214 1652 sunt
2250 1601 2303 1652 in
2355 1598 2683 1670 splendidissi-

470 1688 555 1720 ma
584 1670 815 1722 editione
843 1672 1109 1722 Parmensi
1134 1671 1451 1724 Bodonianis
1474 1671 1770 1724 litterarum
1797 1673 1943 1741 typis
1973 1682 2212 1734 exarata,
2261 1683 2499 1741 tanquam
2526 1671 2683 1721 Gram-

470 1739 646 1791 matici
672 1738 891 1791 alicuius
923 1741 1145 1792 acumini
1176 1741 1373 1804 debiti,
1420 1760 1537 1793 cum
1573 1742 1754 1793 decem
1783 1742 2084 1811 superiores
2114 1753 2169 1792 et
2194 1742 2413 1792 Marone
2440 1739 2573 1807 digni
2592 1754 2684 1787 esse

471 1819 527 1860 et
557 1808 625 1861 ad
648 1811 962 1861 sententiam
988 1810 1270 1862 necessarii
1292 1811 1585 1862 videantur.
1659 1814 1935 1879 (Vei-suum
1977 1810 2298 1879 sequentium
2317 1849 2333 1869 ,
2384 1809 2430 1861 si
2466 1811 2594 1860 iorte
2625 1824 2682 1856 vs.

469 1880 591 1933 579.
622 1877 845 1948 excipis,
879 1880 1204 1949 praestantia
1232 1898 1330 1948 per
1354 1899 1472 1931 sese
1498 1899 1645 1931 suum
1671 1882 1855 1948 prodit
1880 1891 2159 1931 auctorem.
2207 1882 2289 1932 W
2285 1878 2355 1946 r.)
2488 1880 2583 1932 578
2611 1894 2683 1926 re·

466 1960 646 2018 gnata
671 1960 743 1999 tr.
772 1949 880 2000 MS.
908 1948 963 1999 iu
994 1953 1139 2002 Serv·
1168 1951 1298 2000 Dan.
1329 1967 1446 2000 cum
1474 1949 1637 2000 Goth.
1664 1967 1802 2012 sec.‚
1852 1951 1947 2001 sed
1987 1967 2036 2000 v.
2078 1951 2253 1999 Burm.
2394 1950 2495 2003 579
2534 1947 2684 2019 patris

469 2017 607 2068 alter
645 2018 853 2085 Menag.
942 2020 1099 2087 (Num
1143 2018 1302 2087 igitur
1335 2029 1672 2099 parentes
1713 2019 1950 2071 Helenae
1992 2018 2303 2087 superstites
2350 2017 2524 2070 erant?
2600 2012 2683 2066 Sed

466 2096 624 2154 pater
654 2085 765 2137 eius
792 2105 957 2156 quum
972 2087 1172 2155 Iupiter
1197 2087 1570 2157 perhibeatur,
1607 2090 1870 2156 quomodo
1896 2088 2032 2139 hu'nc
2061 2088 2152 2139 illa
2188 2105 2370 2139 rursus
2407 2089 2566 2138 visura
2599 2081 2684 2134 dici

509 2155 685 2206 otest?
752 2156 900 2208 Leda
931 2168 1099 2209 autem
1122 2168 1328 2209 mortua
1355 2167 1502 2222 erat,
1537 2159 1678 2227 quod
1706 2177 1768 2210 ex
1798 2158 1986 2226 Odyss.
2028 2158 2124 2223 XI,
2169 2158 2292 2211 298.
2332 2157 2563 2215 discitum
2606 2169 2684 2203 nec

590 2224 744 2276 darns
764 2264 779 2290 ,
813 2226 955 2294 quod
990 2243 1052 2277 ex
1082 2227 1299 2278 Homeri
1329 2226 1541 2278 silentio
1570 2226 1858 2279 certissime
1885 2225 2067 2295 colligi
2095 2236 2307 2295 potest,
2355 2227 2520 2279 adhuc
2538 2224 2589 2276 in
2611 2221 2682 2273 vi-

465 2293 546 2345 vis
568 2293 683 2345 fuit.
754 2300 821 2346 At
846 2295 1082 2365 proclive
1107 2307 1217 2360 est,
1250 2297 1518 2363 corrigere
1547 2297 1686 2348 dom.
1709 2317 1750 2369 p
1766 2317 1802 2348 a
1818 2300 1987 2361 tris,
2025 2297 2166 2364 quod
2191 2295 2243 2346 iu
2271 2294 2369 2347 alt.
2393 2299 2584 2362 Menag.
2610 2309 2684 2343 re-

506 2363 694 2425 ‹aritia-3
730 2364 825 2416 sed
855 2365 1126 2434 quominus
1171 2365 1248 2418 ita
1285 2377 1496 2433 poetam
1535 2366 1808 2435 scripsisse
1847 2378 2084 2436 putemus
2106 2405 2120 2428 ,
2170 2366 2427 2434 prohibet
2463 2365 2591 2434 quod
2622 2379 2681 2410 vs·

461 2383 585 2489 277.
619 2433 816 2502 legitur
837 2438 1042 2505 patri
1053 2454 1089 2486 α
1105 2454 1249 2505 sque
1273 2437 1555 2503 Mycenas.
1625 2441 1699 2487 Ac
1724 2435 1769 2486 si
1797 2445 2011 2503 poetam
2035 2454 2066 2486 a
2087 2434 2293 2502 vulgari
2325 2434 2564 2504 opinione
2585 2432 2632 2483 h.
2653 2429 2683 2481 l.

462 2503 744 2556 recessisse
770 2502 915 2556 dicas
936 2543 951 2569 ,
985 2514 1044 2555 ut
1075 2504 1145 2557 sit
1177 2504 1468 2569 interdum,
1503 2523 1610 2556 non
1654 2504 1804 2558 licuit
1843 2506 1948 2557 hoc
1981 2505 2035 2557 in
2079 2524 2138 2557 re
2179 2505 2409 2557 omnium
2449 2501 2682 2557 notissima

464 2583 520 2625 et
547 2574 603 2624 iu
630 2591 785 2625 verae
805 2573 1061 2625 historiae
1085 2585 1238 2644 parte
1260 2574 1466 2626 habita.
1538 2577 1729 2626 Nonne
1757 2592 1883 2626 vero
1911 2574 2179 2639 insulsum,
2215 2574 2269 2626 in
2299 2572 2682 2628 consalutatione

460 2643 873 2714 propinquorum
902 2644 1178 2696 turbam
1221 2643 1507 2697 Iliacam
1547 2644 1981 2697 commemorari?
2049 2650 2121 2696 At
2162 2644 2380 2714 egregia
2421 2644 2606 2705 omnia,
2645 2638 2682 2689 si

458 2730 665 2764 versum
695 2714 817 2767 578.
843 2712 1042 2782 excipit
1075 2715 1226 2768 580.:
1262 2727 1558 2781 „partoque
1599 2714 1701 2765 ibit
1738 2714 1917 2782 regina
1959 2712 2254 2782 triumpho,
2301 2714 2514 2765 Iliadum
2552 2708 2681 2762 tu'rbs

461 2792 520 2834 et
545 2782 622 2834 Ph
690 2782 790 2851 giis
823 2782 1074 2835 comitata
1103 2783 1408 2835 ministris.“
1479 2784 1559 2833 En
1595 2783 1694 2835 tibi
1722 2783 1823 2835 iam
1861 2786 2150 2852 perlectam
2190 2782 2420 2836 victricis
2463 2781 2599 2852 quasi
2636 2788 2682 2829 οἱ

457 2852 649 2920 triump
691 2852 827 2904 antis
855 2852 1068 2920 reginae
1093 2853 1400 2922 imaginem!
1473 2852 1609 2904 Deni
1649 2871 1711 2904 ue
1739 2853 1871 2904 haec
1898 2853 2073 2905 omnia
2097 2872 2122 2903 s
2163 2864 2345 2904 ectant
2369 2855 2436 2905 ad
2463 2871 2545 2914 ea,
2569 2865 2680 2932 quse

455 2926 679 3005 Spartae
708 2922 996 2974 obventura
1029 2934 1205 2974 essent
1230 2923 1490 2984 Helenae3
1535 2872 1672 2973 uudle
1700 2922 1872 2985 vides,
1910 2941 2065 2991 quam
2093 2872 2322 2975 agaurda
2349 2923 2419 2974 sit
2460 2937 2676 2998 contu·-

456 2992 587 3060 gni,
638 2990 673 3041 i.
707 3009 753 3042 e.
801 2992 1151 3059 coniugis,
1198 2991 1430 3053 meuti03
1481 3010 1635 3061 quem
1661 2991 1753 3043 illa
1784 3009 1890 3042 non
1917 3003 2068 3060 post,
2103 2992 2198 3043 sed
2224 3005 2348 3044 ante
2376 2992 2587 3044 reditum
2610 3004 2680 3037 vi-

455 3078 576 3112 sura
605 3071 771 3120 esset3
799 3077 968 3127 neque
994 3078 1122 3112 vero
1151 3061 1290 3112 hunc
1315 3062 1528 3122 statim,
1578 3079 1734 3130 quum
1775 3061 2121 3123 redderetur,
2166 3060 2303 3113 Ilia
2321 3063 2464 3113 dum
2499 3058 2677 3110 turba

455 3140 525 3182 et
579 3128 911 3198 Phrygiis
971 3130 1226 3181 comita
1245 3141 1314 3182 ta
1368 3130 1718 3181 ministris
1776 3131 1951 3182 visura
1983 3140 2117 3182 erat.
2188 3132 2361 3183 Abeat
2396 3132 2546 3200 igitur
2573 3129 2675 3177 iue-

451 3198 717 3267 ptissimus
743 3197 1059 3258 versiculus,
1088 3198 1225 3250 unde
1249 3200 1496 3268 irrepsit!
1569 3202 1739 3263 Quem
1777 3200 1862 3251 vix
1891 3217 2106 3263 vereor,
2155 3218 2222 3251 ue
2275 3201 2561 3252 coniectura
2591 3212 2675 3246 nos

453 3268 640 3330 fallat,
677 3265 721 3317 si
758 3268 984 3318 effictum
1049 3269 1303 3319 utabimus
1330 3269 1398 3318 ad
1424 3268 1816 3320 similitudinem
1847 3276 1976 3321 Aen.
2006 3272 2106 3330 xl,
2126 3271 2248 3325 269.
2276 3288 2390 3338 sq.:
2425 3266 2672 3334 „invidisse

450 3336 608 3401 deos,
683 3336 830 3387 atriis
857 3347 916 3387 ut
937 3354 995 3388 re
1034 3337 1174 3389 ditus
1203 3337 1309 3390 oris
1339 3337 1646 3406 Coniugium
1672 3348 1912 3408 optatum
1953 3348 2008 3390 et
2044 3340 2281 3409 pulcram
2325 3339 2571 3409 Calydona
2594 3333 2667 3383 vi-

449 3407 630 3459 derem
669 3411 704 3436 ‘⁸
750 3405 890 3473 Wr.)

449 3547 595 3612 528.
684 3550 882 3607 ιἰινὶεα
901 3594 919 3625 ‚
964 3548 1189 3610 abdita.
1276 3548 1376 3608 sic
1408 3568 1539 3609 me·
1623 3571 1735 3610 nae
1765 3572 1875 3631 per
1901 3551 2091 3611 scelus
2125 3562 2402 3628 exactae,
2446 3549 2676 3609 alienum

446 3633 599 3705 lius,
642 3643 813 3711 puto.
1622 3658 1657 3695 a
1697 3638 1830 3698 loco
1866 3648 1974 3697 est.
2062 3636 2300 3719 (Melius
2338 3639 2676 3715 interpreta-

534 3718 658 3783 575
686 3739 813 3797 sqq.
870 3721 1193 3798 Sequentia
1233 3739 1310 3778 ex
1352 3721 1537 3780 Euri-
1619 3723 1780 3782 beris
1811 3746 2045 3802 poena-s·
2073 3726 2328 3782 sceler-123.
2389 3721 2573 3784 Wcli.
2609 3748 2672 3761 -

443 3803 635 3884 pideis
663 3824 941 3884 expressa
968 3806 1033 3865 in
1059 3807 1269 3866 Oreste
1286 3827 1345 3866 v.
1368 3812 1533 3873 1132
1616 3808 1760 3873 577.
1805 3812 2096 3887 Spartam
2119 3843 2205 3855 —
2224 3809 2514 3888 Mycenas
2548 3806 2587 3864 i.
2628 3823 2675 3880 q·

443 3909 570 3967 sqq.
659 3892 953 3950 Exarsere
986 3895 1158 3971 ignes
1180 3896 1384 3951 animo
1414 3913 1530 3972 pro
1614 3895 1960 3974 simpliciter
2044 3895 2403 3973 patriam3
2505 3904 2676 3968 neque

442 3975 675 4056 vulgari
702 3978 944 4036 ananus
969 3980 1063 4036 ira
1092 3982 1332 4037 exarsit.
1418 4000 1529 4037 ειι-
1611 3977 1985 4040 haerendum
2005 3981 2069 4039 in
2093 3980 2209 4040 hac
2243 3978 2677 4061 compositione3

440 4060 528 4120 bct
556 4064 651 4121 im
678 4058 741 4122 h.
781 4082 830 4123 e.
873 4063 1128 4142 impetus
1171 4083 1249 4122 ex
1288 4064 1410 4138 ira,
1454 4073 1528 4123 nt
1613 4067 1689 4125 cf.
1721 4067 1765 4143 Ι,
1796 4066 1968 4131 654.:
2013 4067 2321 4143 „Ornatus
2375 4066 2676 4144 Argivae

438 4147 759 4207 ulciscerer
783 4147 1085 4209 excidium
1108 4149 1354 4228 patriae.
1396 4171 1530 4207 sce·
1612 4151 1902 4228 Helenae,
1980 4172 2130 4231 quos
2196 4153 2294 4213 illa
2346 4147 2676 4232 Mycenis

437 4234 662 4295 let-atas
690 4255 927 4314 poenas
944 4280 961 4310 ‚
1018 4234 1223 4315 paullo
1264 4234 1526 4294 insolen-
1611 4238 2008 4315 Extulerat;“
2052 4248 2114 4298 at
2148 4238 2394 4319 proprie
2421 4257 2530 4296 nec
2570 4235 2674 4293 Ar-

436 4321 592 4397 tius,
634 4341 779 4402 pro,
809 4339 1033 4401 poenas
1067 4341 1102 4379 a
1128 4319 1415 4381 scelerata
1434 4321 1525 4380 fe·-
1610 4324 1744 4403 giva
1791 4324 1893 4383 illa
1948 4334 2109 4401 erat,
2184 4343 2292 4384 nec
2340 4318 2673 4403 Mycenis

435 4405 597 4467 mina
621 4416 879 4470 sumtus:
923 4427 1061 4469 nam
1078 4452 1097 4486 ,
1140 4417 1211 4469 ut
1234 4408 1356 4470 sint
1378 4427 1526 4489 poe-
1612 4409 1854 4472 Troiam
1870 4420 2136 4472 venerat.
2165 4407 2341 4491 Wr.)
2385 4409 2673 4475 mamn-
