2882 5028
450 372 619 444 *416
980 363 1880 441 EXCURSUS
1988 363 2216 439 v111

969 633 1825 725 EXCURSUS
1947 638 2203 724 VIII

603 809 762 874 De
849 817 1216 873 nocte
1309 806 1940 873 Troianis
2008 804 2576 897 fitne-sta.

639 980 712 1051 Π,
756 982 881 1047 250
904 1000 1030 1059 sqq.
1084 982 1154 1040 V
1144 982 1350 1038 enitar
1373 982 1597 1039 interea
1625 983 1857 1042 eoelum
1887 996 1946 1042 et
1990 984 2113 1042 ruit
2161 979 2404 1039 Oceano
2451 997 2577 1034 nox
2614 984 2734 1033 etc.

472 1066 795 1126 Praeivisse
822 1068 1077 1126 Ennium
1110 1065 1324 1124 Annal.
1356 1066 1433 1124 VI
1495 1069 1765 1126 Vertitur
1785 1073 2011 1128 interea
2052 1068 2281 1126 coelum
2317 1085 2461 1123 cum
2510 1066 2737 1139 ingen-

471 1153 626 1212 tibus
670 1157 898 1230 signis,
960 1151 1301 1211 Macrobius
1340 1151 1436 1227 VI,
1482 1158 1515 1217 1
1578 1153 1956 1232 observavit3
2028 1152 2096 1212 id
2146 1150 2312 1230 quod
2356 1158 2606 1209 tantum
2654 1145 2739 1204 ad

470 1240 655 1299 verba
686 1237 985 1318 pertinet,
1032 1238 1107 1296 de
1136 1237 1352 1315 quibus
1379 1257 1440 1298 v.
1474 1257 1603 1317 sup.
1635 1241 1776 1300 Exc.
1807 1241 1876 1300 11.
1966 1239 2161 1299 Rem
2144 1258 2262 1298 iam
2304 1234 2562 1294 Lesches
2615 1233 2736 1291 do-

468 1316 710 1400 cuerat,
778 1325 883 1404 qui
932 1344 1100 1382 suam
1165 1323 1240 1381 de
1307 1323 1485 1383 Troia
1536 1335 1712 1431 capta
1766 1326 2174 1387 narrationem
2218 1323 2303 1382 sic
2349 1330 2481 1381 erat
2527 1339 2738 1379 orsus:

479 1407 616 1485 Νυξ
647 1407 757 1490 μὲν
797 1409 904 1489 ἔην
931 1409 1154 1490 μέσση,
1217 1404 1463 1489 λαμπρη
1513 1403 1583 1472 δ’
1629 1409 1897 1475 ἐπέτελλε
1938 1406 2197 1491 σελήνη,
2253 1407 2502 1486 quando
2542 1406 2739 1464 Sinon

476 1499 664 1556 facem
698 1497 976 1570 sustulit,
1023 1495 1181 1575 apud
1212 1494 1941 1575 Seh01.Lycophr.344.
2030 1496 2295 1557 Omnino
2341 1504 2545 1552 tamen
2591 1491 2738 1550 vir-

474 1584 646 1664 gilius
676 1582 1024 1662 Euripidem
1051 1590 1191 1640 ante
1222 1580 1427 1639 oculos
1454 1580 1668 1641 habuit
1701 1583 1920 1643 Troad.
1964 1585 2092 1651 542
2143 1601 2270 1662 sqq.
2359 1579 2536 1639 Adde
2581 1576 2736 1637 cho-

474 1690 614 1728 rum
643 1668 921 1728 Hecubae
948 1670 1074 1733 914
1101 1688 1229 1744 sqq.
1316 1665 1450 1724 Alia
1490 1667 1565 1725 de
1596 1667 1712 1726 hac
1739 1680 1948 1745 nocte,
1998 1671 2191 1748 deque
2219 1686 2421 1726 mense
2463 1675 2530 1725 et
2573 1684 2735 1722 anno

475 1755 796 1814 tradentur
827 1755 929 1813 ins.
959 1753 1037 1813 ad
1081 1754 1184 1812 lib.
1235 1751 1313 1810 Ill
1358 1754 1502 1813 Este.
1547 1753 1617 1812 11.
1657 1774 1751 1834 pr.
1852 1756 2070 1814 Facem
2114 1755 2379 1814 diximus
2423 1773 2457 1810 a
2511 1751 2732 1810 Sinone

476 1842 806 1916 sublatam,
866 1859 1019 1918 quae
1073 1839 1336 1917 vulgaris
1387 1849 1477 1897 est
1532 1843 1828 1917 narrati03
1897 1843 2206 1921 legebatur
2242 1839 2345 1899 illa
2385 1856 2638 1917 quoque
2671 1837 2734 1894 in

477 1927 710 1987 Arctini
753 1926 1004 1985 Excidio
1034 1925 1152 1998 Ilii,
1198 1934 1273 1983 ut
1302 1943 1333 1982 e
1362 1925 1577 1984 Proclo
1610 1926 1877 1987 discitur.
1906 1938 1969 1987 at
2008 1929 2114 1988 ins.
2159 1926 2303 1986 Aen.
2346 1925 2447 2000 Vl,
2491 1925 2623 1989 5¹17
2662 1922 2736 1981 ab

475 2013 702 2074 Helena
726 2013 953 2072 factum
981 2020 1284 2070 narratur.
1373 2011 1706 2071 Coniunxit
1730 2023 2058 2091 utrumque
2083 2011 2414 2094 Tryphiod.
2445 2010 2578 2074 498
2609 2028 2735 2086 sqq·

478 2109 540 2158 et
582 2099 788 2178 potuit
837 2116 978 2156 sane
1035 2097 1292 2156 alterum
1334 2106 1472 2175 post
1522 2098 1778 2158 alterum
1825 2099 1973 2160 fieri.
2061 2100 2152 2160 Ab
2194 2099 2506 2157 Antenore
2542 2097 2736 2154 facem

478 2186 774 2244 sublatam
807 2194 870 2243 et
897 2183 1099 2243 alvum
1132 2183 1268 2260 equi
1312 2191 1580 2261 apertam
1622 2184 1720 2243 alii
1756 2186 2167 2245 tradiderant:
2207 2183 2405 2244 Schol.
2429 2179 2736 2262 Lycophr.

481 2271 624 2336 340.
710 2271 792 2330 At
828 2271 893 2329 in
925 2269 1044 2328 hoc
1083 2268 1212 2347 ipso
1256 2269 1390 2327 loco
1436 2268 1512 2344 Il,
1555 2272 1698 2334 256.
1735 2272 1862 2335 257
1902 2272 2091 2332 facem
2139 2272 2311 2331 navis
2343 2265 2737 2350 imperatoria

480 2356 935 2437 Agamemnonis
963 2354 1247 2413 extulisse
1276 2354 1529 2414 dicitur:
1558 2357 1867 2434 flammas
1894 2379 2032 2416 cum
2068 2360 2244 2436 regia
2282 2359 2525 2435 puppis·
2562 2366 2735 2411 exm-

478 2446 672 2516 lemn
735 2441 902 2522 quod
948 2444 1168 2500 Seneca
1212 2442 1485 2518 sequitur
1523 2451 1584 2499 et
1625 2441 1902 2501 imitatur
1938 2441 2139 2523 Agam.
2189 2441 2334 2506 427.
2379 2440 2526 2505 428.
2620 2438 2738 2498 Sed

480 2530 599 2590 hoc
622 2540 713 2588 est
740 2530 974 2608 signum
998 2548 1120 2587 non
1149 2526 1511 2606 proditionis
1531 2571 1547 2601 ,
1592 2528 1699 2586 sed
1728 2530 2151 2609 profectionis,
2211 2529 2377 2589 classi
2419 2528 2496 2586 ab
2538 2527 2740 2607 impe-

479 2626 685 2676 ratore
714 2615 941 2675 datum.
1030 2614 1174 2672 Post
1205 2612 1354 2671 haec
1381 2612 1730 2688 videamus,
1790 2617 2024 2693 qualem
2075 2615 2484 2675 oeconomiam
2525 2632 2741 2674 rerum

481 2722 590 2784 per
614 2702 773 2761 banc
800 2711 1041 2762 noctem
1077 2708 1254 2779 poeta
1290 2698 1700 2779 dispescuerit.
1788 2702 1926 2760 Nox
1979 2724 2105 2762 non
2147 2711 2279 2762 erat
2316 2700 2557 2774 illunis,
2634 2708 2746 2759 aut

481 2789 832 2849 sublustris:
887 2785 992 2847 sed
1038 2784 1465 2865 plenilunium:
1528 2806 1586 2845 v.
1631 2794 1758 2846 not.
1815 2808 1874 2848 v.
1930 2789 2075 2854 255.
2162 2787 2376 2848 Classis
2411 2809 2448 2845 a
2490 2785 2746 2846 Tenedo

482 2875 682 2936 redux
710 2877 838 2934 face
877 2894 909 2932 e
957 2872 1098 2931 navi
1142 2872 1441 2950 praetoria
1484 2871 1719 2930 sublata
1757 2873 1835 2932 ad
1875 2874 2046 2934 littus
2086 2874 2413 2934 Troianum
2456 2873 2746 2953 appellit5

484 2962 678 3040 aperit
703 2962 774 3020 iis
799 2968 1006 3040 portas
1037 2958 1246 3036 globus
1270 2956 1560 3031 heroum,
1605 2958 1709 3035 qui
1734 2978 1810 3017 ex
1858 2960 2024 3039 Equo
2057 2961 2441 3040 prodierant:
2498 2962 2634 3024 250
2657 2991 2744 3003 -

482 3052 629 3114 267.
717 3048 830 3105 Per
892 3064 1169 3103 somnum
1229 3047 1456 3103 Aeneas
1513 3001 1791 3103 Ilectoris
1841 3046 1971 3106 viso
2028 3057 2344 3121 monetur,
2403 3054 2477 3106 ut
2496 3046 2744 3143 ‘fugiatz

483 3136 864 3197 268-297.
952 3131 1413 3227 Expergefactus
1444 3128 1623 3188 caede
1654 3139 1716 3189 et
1744 3131 2024 3191 incendio
2055 3133 2252 3192 omnia
2277 3130 2514 3191 misceri
2537 3131 2744 3206 vide23

485 3219 610 3276 exit
642 3217 855 3289 domo,
902 3225 964 3274 et
992 3233 1129 3272 cum
1159 3235 1345 3273 manu
1356 3206 1484 3274 alia
1512 3216 1912 3276 Troianorum
1944 3238 2072 3299 per
2086 3219 2340 3278 mediam
2380 3218 2599 3277 urbem
2646 3218 2742 3276 in-

484 3303 672 3361 cedit:
733 3302 878 3367 359.
980 3300 1266 3359 Occurrit
1312 3298 1700 3381 Androgeos,
1776 3322 1897 3381 quo
1970 3325 2107 3364 cum
2180 3305 2501 3364 comitibus
2572 3323 2741 3362 caeso

485 3387 729 3448 Troiani
755 3386 1026 3446 Coroebo
1052 3395 1300 3445 auctore
1325 3406 1635 3449 caesorum
1666 3409 1828 3447 arma
1857 3390 2158 3466 induunt3
2203 3402 2267 3449 at
2309 3390 2579 3450 eiusdem
2626 3391 2744 3448 Co·-

483 3475 652 3549 roebi
686 3473 1028 3532 temeritate
1051 3472 1279 3572 proditi
1306 3473 1536 3532 cladem
1563 3475 1885 3554 accipiunt.
1974 3477 2199 3535 Aeneas
2224 3498 2360 3536 cum
2408 3479 2624 3556 paucis
2667 3475 2741 3533 ad

485 3544 795 3640 acropolin
820 3558 1124 3638 pervenit:
1168 3555 1314 3622 437.
1401 3560 1708 3637 Pugnatur
1736 3570 1798 3619 et
1826 3560 1953 3637 hic,
2008 3563 2114 3621 sed
2156 3583 2293 3622 cum
2335 3563 2742 3622 Troianorum

484 3656 696 3726 strage.
786 3646 1013 3706 Aeneas
1042 3652 1244 3704 motus
1277 3645 1567 3725 adspectu
1593 3647 1791 3705 caedis
1819 3647 2064 3724 Priami,
2109 3659 2243 3708 tum
2270 3670 2305 3707 a
2335 3649 2576 3708 Venere
2613 3670 2746 3707 mo-

485 3732 680 3808 nitus,
727 3731 974 3791 domum
1000 3751 1168 3791 suam
1197 3733 1447 3811 repetit:
1493 3730 1639 3797 559.
1678 3735 1906 3798 588-
1921 3739 2063 3798 632.
2150 3733 2452 3794 Anchisen
2491 3745 2744 3814 patrem,

486 3818 680 3899 primo
709 3818 1134 3892 reluctantem,
1185 3839 1331 3876 mox
1363 3816 1636 3897 prodigio
1662 3819 1994 3895 monitum,
2042 3841 2178 3880 cum
2203 3821 2458 3899 coniuge
2498 3829 2562 3880 et
2607 3829 2745 3880 nato

482 3903 760 3965 abducit:
799 3908 943 3968 720.
1032 3903 1158 3962 Iam
1182 3904 1393 3962 urbem
1423 3922 1687 3982 egressus
1722 3903 2058 3964 desiderata
2094 3927 2289 3966 uxore
2331 3908 2498 3967 redit
2535 3908 2603 3966 in
2641 3928 2746 3966 ur·

485 3990 649 4050 bem:
694 3989 769 4047 ab
800 3990 925 4047 eius
951 3989 1168 4048 umbra
1207 3990 1457 4048 meliora
1504 3988 1755 4049 edoctus
1808 3990 1885 4050 ad
1932 4011 2071 4052 suos
2110 3992 2305 4068 redit,
2369 4003 2432 4053 et
2475 3995 2591 4054 sub
2638 3994 2743 4054 diei

486 4086 693 4137 ortum
725 4072 907 4155 (801)
955 4075 1121 4135 Idam
1150 4075 1288 4154 fuga
1319 4075 1488 4155 petit.

1408 4306 1822 4316 Μ*
