2882 5028
361 330 511 404 368
535 387 541 394 .

878 320 959 393 P.
1027 314 1552 393 VIRGILII
1611 312 2174 390 MARONIS

359 512 574 585 Haec
604 501 809 579 fatus
842 502 1043 578 latos
1077 502 1464 577 humeros
1502 500 2017 600 subiectaque
2051 497 2254 574 colla

361 618 605 690 Veste
639 631 881 707 super
909 603 1265 705 fulvique
1294 608 1697 680 insternor
1734 604 1947 705 pelle
1985 604 2265 696 leoniS,

364 710 893 811 Succedoque
932 710 1177 786 oneri.

1280 713 1617 786 Dextrae
1654 732 1738 782 se
1771 733 2059 806 parvus
2088 705 2307 782 Iulus

361 815 734 917 Inplicuit
755 873 774 908 ‚
831 814 1350 914 sequiturque
1382 826 1693 912 patrem
1727 835 1898 885 non
1936 810 2291 914 passibus
2326 808 2638 909 aequis,

361 926 588 997 Pone
607 917 818 993 subit
837 918 1197 994 coniunx.
1248 918 1617 992 Ferimur
1637 938 1784 1015 per
1800 939 2045 1014 opaca
2060 913 2452 989 locorum.
2467 919 2638 992 725

365 1028 466 1101 Et
499 1047 671 1113 me,

720 1045 965 1122 quem
1005 1019 1317 1095 dudum
1343 1044 1512 1093 non
1541 1018 1701 1093 ulla
1730 1019 2017 1093 iniecta
2048 1016 2489 1092 movebant

367 1125 595 1222 Tela,
649 1149 919 1225 neque
949 1123 1280 1201 adverso
1316 1123 1734 1221 glomerati
1770 1145 1862 1196 ex
1894 1123 2205 1220 agmine
2238 1120 2473 1220 Graii,

361 1236 594 1308 Nunc
632 1253 918 1304 omnes
950 1240 1255 1302 terrent
1282 1252 1557 1320 aurae,
1611 1249 1855 1300 sonus
1891 1226 2166 1300 excitat
2202 1224 2487 1319 omniS‚

368 1337 867 1433 Suspensum
891 1342 969 1406 et
982 1332 1280 1431 pariter
1301 1331 1736 1431 comitique
1758 1330 2150 1430 onerique
2170 1328 2631 1404 timentem.

466 1438 802 1537 Iamque
876 1434 1520 1536 propinquabam
1583 1433 1834 1533 portis
1854 1493 1874 1531 ,
1946 1454 2447 1532 omnemque
2504 1432 2634 1505 vi-

1535 1535 1785 1612 debar
2465 1542 2512 1612 7
2518 1545 2632 1614 30

370 1642 727 1718 Evasisse
762 1640 999 1717 viam:
1053 1639 1319 1716 subito
1364 1664 1616 1741 quum
1651 1639 1934 1715 creber
1972 1638 2070 1714 ad
2104 1638 2307 1714 auris

467 1787 644 1858 731.
700 1801 948 1853 wcmu

504 1990 607 2044 721
663 1989 787 2041 Hoc
833 1985 1036 2039 zulich.
1117 1986 1476 2057 proiectaque
1525 1986 1672 2039 colla
1716 1985 1917 2055 aliquot
1961 1985 2118 2048 Pier.,
2168 1983 2310 2053 quod
2355 1983 2632 2036 arridebat

314 2073 319 2078 ’
368 2058 621 2124 Heinsio,
658 2069 718 2109 ut
750 2056 1057 2138 porrigeret·
1081 2060 1285 2107 Aeneas
1319 2057 1574 2108 cervicem
1624 2075 1684 2107 ac
1719 2056 2003 2124 praeberet
2038 2054 2205 2109 oneri.
2273 2054 2382 2107 Sed
2413 2053 2631 2120 longius

368 2128 659 2197 quaesitum
691 2127 814 2178 hoc.
882 2125 1151 2178 submcssa
1186 2126 1348 2177 Goth.
1386 2136 1511 2177 tert.
1612 2126 1717 2180 723
1746 2125 2027 2205 pas-valae
2061 2123 2277 2176 Mentel.
2312 2141 2395 2191 pr.
2468 2124 2632 2174 Iulos

367 2200 560 2250 Moret.
592 2215 673 2265 pr.

369 2267 511 2319 Cort.
574 2267 652 2336 (et
699 2269 841 2317 Serv.
890 2265 983 2316 Dr.
1038 2267 1115 2318 W
1112 2264 1180 2332 r.)

367 2338 476 2392 728
510 2354 687 2389 aurae
720 2346 933 2387 terrent
966 2352 1070 2386 sec.
1106 2333 1297 2385 Mor-et.

368 2406 474 2458 duo
524 2408 699 2456 Burm.
791 2402 1041 2455 timebam
1096 2404 1260 2455 Goth.
1308 2412 1432 2453 tert.

777 2195 879 2252 725
916 2194 1083 2246 subiit
1114 2195 1334 2247 Mentcl.
1368 2206 1494 2247 tert.
1546 2214 1648 2266 per
1684 2214 1732 2247 ο.
1766 2213 1984 2246 marum
2011 2212 2141 2246 uuus
2168 2193 2395 2262 Guelph.
2423 2192 2481 2243 iu
2499 2194 2631 2243 Exc-

1333 2264 1438 2320 727
1502 2266 1749 2317 examine
1793 2264 1898 2316 duo
1933 2266 2106 2316 Burm.
2153 2282 2268 2315 cum
2304 2263 2469 2315 Goth.
2517 2279 2634 2313 sec.

1434 2336 1538 2390 729
1574 2346 1629 2385 ec
1665 2334 1814 2385 abest
1849 2333 2069 2385 Dorvill.
2138 2335 2321 2385 comiti
2366 2334 2636 2401 onerique

1586 2404 1691 2457 730
1739 2402 2216 2473 propinquandum
2279 2404 2406 2455 Exc.
2451 2405 2631 2453 Bur-m.

369 2477 471 2531 731
513 2476 754 2528 evasisse
789 2475 954 2524 vicem
988 2472 1286 2525 Marklaudi
1338 2472 1429 2538 (ad
1462 2478 1595 2526 Stat.
1631 2475 1682 2526 V
1717 2471 1844 2525 Silv.
1878 2474 1942 2537 11,
1981 2474 2102 2540 152)
2139 2471 2457 2537 coniectura,
2488 2469 2630 2523 B'ur-

369 2563 559 2597 manuo
593 2543 907 2613 improbata,
957 2543 1054 2595 sed
1102 2544 1253 2594 unice
1289 2561 1443 2607 vera,
1493 2553 1549 2594 et
1600 2543 1666 2594 ab
1704 2543 1910 2594 editore
1958 2541 2012 2594 iu
2057 2552 2258 2594 textum
2301 2540 2628 2613 recipienda.

370 2617 508 2667 Nam
542 2631 711 2683 neque
753 2630 958 2664 omnem
996 2612 1168 2664 adhuc
1200 2611 1338 2663 viam
1376 2624 1490 2664 erat
1525 2630 1781 2675 emensus,
1814 2629 1912 2662 nec
1948 2612 2015 2662 de
2049 2612 2133 2663 via
2168 2612 2235 2664 ad
2268 2622 2455 2681 portas
2487 2613 2632 2663 factu

372 2684 453 2736 bis
488 2699 777 2735 memorare
804 2682 1095 2734 attinebatz
1142 2690 1201 2733 at
1235 2682 1337 2733 hoc
1374 2692 1493 2733 erat
1529 2681 1888 2744 memorabile,
1923 2682 2065 2749 quod
2099 2681 2200 2733 iam
2235 2698 2415 2733 omnes
2449 2682 2631 2733 fortu-

370 2772 471 2806 nae
503 2751 921 2814 vicissitudines,
987 2751 1185 2815 omnia,
1248 2768 1381 2819 quae
1413 2752 1690 2812 timuerat,
1755 2751 1980 2802 evasisse
2012 2751 2115 2802 sibi
2150 2751 2456 2813 videbatur3
2491 2750 2629 2802 falso

371 2835 564 2876 tamen.
634 2821 834 2890 Recepi
869 2821 1048 2890 itaque
1084 2839 1199 2872 eam
1232 2819 1333 2872 hac
1368 2821 1536 2872 altera
1573 2820 1830 2881 editione3
1865 2818 2010 2889 qu'od
2043 2820 2146 2872 iam
2178 2822 2380 2873 fecerat
2404 2819 2629 2872 Brunck.

373 2894 568 2964 Vulgg.
601 2895 763 2945 viam.

460 3068 838 3130 721—723.
895 3065 1183 3125 lustravit
1226 3065 1457 3124 Aeneas

372 3150 638 3211 humeris
686 3158 948 3224 vestem,
1016 3152 1283 3229 vestique
1323 3151 1457 3229 pel-

373 3238 533 3313 lem..
616 3236 1116 3313 Superinsternor
1172 3246 1338 3295 veste
1395 3245 1458 3295 et

376 3321 533 3403 pelle
561 3320 750 3380 leonis
789 3316 957 3401 (ante
997 3321 1203 3380 oculos
1244 3320 1460 3401 habuit

373 3407 441 3467 11.
467 3430 523 3482 κ,
566 3409 692 3472 326
721 3426 869 3485 sqq„
911 3406 1018 3465 ubi
1051 3406 1460 3486 Agamemnon

375 3491 556 3552 simili
611 3490 828 3552 habitu
870 3491 1205 3575 inducitur)
1245 3492 1464 3553 hume-

374 3598 477 3638 ros
523 3586 585 3635 et
628 3578 780 3636 colla
819 3575 1115 3656 subiecta,
1158 3579 1221 3639 h.
1254 3599 1303 3639 e.
1332 3579 1464 3638 col-

374 3663 531 3739 lum,
608 3662 772 3741 quod
821 3664 1068 3724 subiicio
1086 3709 1104 3740 ‚
1177 3666 1465 3725 submitto

377 3748 545 3808 oneri
572 3748 869 3828 imposito.
934 3752 1008 3811 ef.
1041 3752 1188 3811 Exc.
1225 3752 1365 3812 Xlll
1404 3760 1466 3809 et

461 3923 587 3985 726
608 3951 693 3963 —
709 3923 853 3982 729.
891 3921 1170 3980 Suaviter
1189 3931 1248 3980 et
1271 3941 1343 3980 ex
1373 3923 1466 3980 as-

377 4007 568 4065 sectus
582 4005 869 4064 veritate!
901 4009 1266 4086 comparant
1286 4008 1463 4087 Apol-

375 4092 498 4152 lon.
551 4089 647 4161 111,
694 4092 838 4156 953.
891 4092 1035 4156 954.
1097 4090 1207 4172 (De
1250 4093 1466 4172 copula

376 4192 433 4237 et
461 4176 585 4237 vid.
621 4176 698 4249 Q.
725 4176 795 4235 V.
830 4177 1088 4250 XXXV,
1104 4182 1163 4254 7,
1193 4197 1245 4235 a.
1282 4175 1464 4260 Wr.)

373 4265 700 4343 glomerati
731 4284 805 4319 ex
843 4266 1091 4341 agmine
1139 4259 1287 4344 (vid.
1333 4284 1465 4344 sup.

377 4347 532 4432 414)
574 4347 813 4407 doctior
852 4348 1043 4427 ratio;
1095 4349 1369 4427 quamvis
1408 4359 1468 4410 et

839 2890 1089 2958 (Restitui
1122 2891 1378 2942 librorum
1411 2890 1724 2942 lectionem:
1769 2907 2013 2942 eva-usse
2045 2892 2218 2943 viam:
2251 2890 2289 2942 i.
2325 2909 2376 2944 e.
2409 2890 2630 2943 videbar

1539 3065 1655 3146 ipsi
1676 3064 1741 3124 in
1782 3086 2010 3145 agmen
2044 3066 2402 3145 colligebant
2426 3081 2506 3141 se,
2550 3083 2630 3123 ex

1540 3150 1857 3212 hostilibus
1906 3163 2108 3211 tamen
2152 3152 2337 3232 copiis
2391 3150 2629 3210 conflu-

1539 3246 1773 3297 xerant.
1864 3236 2084 3319 (Vetat
2134 3235 2624 3299 Wunderlichius

1539 3324 1706 3401 iungi
1742 3324 2069 3402 glomerati
2109 3346 2182 3383 ex
2212 3328 2459 3402 agmine
2472 3344 2499 3394 ,-
2559 3330 2627 3380 et

1538 3410 1867 3488 glomerati
1920 3428 2043 3468 esse
2083 3408 2126 3469 i.
2170 3430 2226 3487 q.
2269 3412 2476 3479 densi;
2549 3428 2627 3465 ex

1548 3495 1800 3553 adverso
1839 3499 2086 3573 agmine
2126 3495 2165 3554 i.
2214 3515 2271 3573 q.
2317 3501 2538 3554 stantes
2561 3492 2629 3551 in

1551 3581 1673 3637 acie
1700 3582 1975 3640 adversa.
2063 3581 2180 3639 Sed
2207 3581 2292 3639 ita
2334 3578 2484 3639 mihi
2509 3580 2629 3637 mi-

1550 3665 1716 3724 rifice
1754 3666 2034 3745 languere
2070 3666 2317 3727 videtur
2346 3665 2513 3725 istud
2561 3687 2632 3723 es

1548 3754 1793 3829 agmine
1826 3754 2096 3826 diver-505
2159 3762 2222 3811 et
2260 3752 2632 3811 constructio

1543 3840 1874 3915 glomerari
1910 3860 2012 3914 ex,
2080 3841 2191 3898 etsi
2229 3838 2485 3898 sortasse
2519 3856 2632 3895 ex-

1551 3924 1759 4001 emplis
1787 3924 2015 3983 firmari
2044 3945 2168 3984 non
2208 3934 2438 4004 potest,
2483 3921 2632 3983 nihil

1547 4017 1752 4067 tamen
1793 4008 2006 4086 habet,
2072 4031 2258 4089 quare
2303 4008 2633 4090 reprehen-

1550 4094 1751 4154 datur.
1806 4098 1902 4156 W
1901 4094 1977 4178 r.)

1638 4181 2013 4247 730—734.
2047 4184 2272 4242 Porti&
2322 4182 2432 4257 Est
2457 4191 2634 4262 porta

1552 4265 1627 4323 ab
1649 4264 1825 4326 hoste
1843 4287 2070 4345 aversa,
2101 4268 2178 4326 ad
2196 4268 2365 4327 Idam
2393 4267 2630 4341 ducens,

1552 4360 1612 4411 et
1675 4351 1754 4410 ad
1812 4364 2016 4433 partes
2075 4354 2367 4414 australes
2384 4399 2402 4430 ,
2474 4353 2630 4414 unde
