2882 5028
413 354 597 440 ,992

922 347 1001 420 P.
1055 329 1579 420 vmclLu
1623 323 2166 418 MARONIS

443 532 674 614 Ultus
713 555 898 608 avos
931 529 1216 605 Troiae
1237 588 1256 614 ,
1311 527 1605 628 templa
1639 540 1719 603 et
1747 539 2128 602 temerata
2160 525 2593 601 Minervae.

445 637 638 733 Quis
682 648 796 731 te,
847 655 1132 730 magne
1181 633 1413 726 Catu,
1470 632 1828 723 tacitum,
1883 643 2015 705 aut
2057 643 2171 726 te,
2228 631 2513 720 Cosse,
2567 650 2695 701 re-

1601 734 1907 834 linquat
1921 742 1955 810 Ρ

446 841 639 936 Quis
667 837 999 915 Gracchi
1023 861 1299 936 genuS,
1334 851 1467 913 aut
1498 838 1886 935 gemin03‚
1916 836 2078 911 duo
2112 832 2455 910 fulmina
2483 832 2704 928 belli,

448 943 882 1045 Scipiadae,
937 941 1247 1018 cladem
1283 940 1608 1037 Libyae,
1664 963 2070 1041 parvoque
2104 951 2536 1039 potentem

584 1117 689 1172 8⁴2
721 1128 824 1168 aas
860 1116 1013 1168 deest
1046 1116 1238 1168 Medic.
1273 1133 1304 1166 a
1339 1132 1407 1166 m.

1445 1133 1527 1183 pr.
1596 1118 1768 1167 Conse
1799 1115 1950 1165 Rom.
2023 1116 2231 1177 Quoue
2260 1111 2473 1163 zalioh.
2549 1112 2707 1163 coles

445 1187 613 1239 Goth.
644 1195 766 1237 tert.
840 1188 1006 1250 Quam
1038 1184 1318 1237 lectionem
1351 1184 1505 1236 huius
1538 1201 1716 1235 versus
1752 1185 1849 1235 Ge.
1881 1181 2150 1234 Fabricius
2189 1179 2244 1232 in
2279 1182 2500 1233 Donato
2548 1181 2706 1232 inve-

445 1255 616 1321 nerit,
649 1272 754 1307 non
793 1254 1008 1324 assequi·
1042 1254 1184 1306 licet.

1322 1255 1426 1307 843
1474 1252 1616 1305 bello
1661 1252 1798 1305 Gud.
1849 1270 1880 1304 a
1926 1268 1996 1302 m.
2043 1268 2123 1320 pr.

2260 1253 2368 1304 844
2410 1269 2709 1323 parvoque

447 1339 695 1398 nepotem
728 1325 892 1379 Goth.
930 1334 1084 1389 tert„
1118 1322 1337 1377 ridiculo
1372 1333 1608 1394 stupore.

449 1465 758 1524 Aeaciden
795 1485 908 1545 pro
924 1509 942 1539 ,
984 1465 1291 1525 Aeacidas
1308 1509 1324 1539 ,
1386 1464 1528 1544 Epi-

448 1559 635 1626 rotas,
682 1551 875 1610 dictos
899 1550 1148 1609 habeas:
1188 1553 1373 1609 Ebuet
1397 1551 1524 1624 ille,

449 1636 687 1697 Paullus
720 1635 1002 1696 Aemilius
1018 1681 1035 1712 ,
1089 1638 1292 1714 Argos
1310 1680 1327 1709 ,
1376 1639 1531 1714 My-

449 1744 629 1780 cena-s
650 1765 667 1796 ,
742 1724 1058 1802 ipsamque
1101 1723 1397 1799 Epirum5
1459 1728 1533 1780 ut

449 1806 639 1866 Paulli
668 1806 1032 1866 incredibilis
1060 1805 1397 1865 immanitas
1426 1824 1533 1865 re·-

450 1892 772 1973 spiciatur,
804 1912 923 1972 qua
949 1912 1069 1952 una
1096 1892 1195 1951 die
1221 1900 1349 1951 tota
1382 1891 1533 1972 Epi-—

449 1998 557 2038 rus
593 1977 827 2057 direpta
871 1988 934 2037 et
973 1979 1139 2037 Lxx
1172 1977 1533 2057 oppidorum

450 2064 611 2122 muri
665 2064 918 2123 fuerunt
967 2063 1173 2123 diruti.
1232 2063 1357 2123 vid.
1401 2063 1533 2125 Liv.

451 2148 630 2222 XLV,
666 2150 767 2212 34.
815 2147 1033 2208 Strabo
1073 2148 1198 2225 vn,
1227 2168 1357 2228 pag.
1385 2148 1533 2213 496.

452 2231 754 2293 Plutarch.
803 2233 866 2293 in
927 2233 1129 2293 Paullo
1202 2254 1332 2314 pag.
1384 2238 1533 2299 271.

452 2317 708 2377 Videtur
743 2319 856 2393 sic,
899 2327 1203 2395 tamquam
1229 2319 1308 2376 ad
1341 2337 1533 2378 excu-

450 2402 775 2476 sationem,
820 2403 1120 2462 subiectus
1161 2422 1284 2462 esse
1315 2424 1373 2463 v.
1406 2404 1528 2470 841

464 2488 642 2547 Ultus
679 2507 828 2547 avos
883 2490 1096 2548 Troiae
1118 2534 1138 2565 ,
1208 2490 1435 2569 templa
1478 2501 1534 2548 et

452 2586 738 2633 temerata
784 2577 1125 2635 Mirm-vae.
1229 2576 1388 2635 Inest
1436 2572 1533 2633 his

452 2668 730 2740 argutum
770 2659 995 2737 aliquid
1015 2705 1032 2735 ,
1091 2660 1256 2739 quod
1298 2661 1533 2742 placere

452 2746 658 2826 possit.
740 2744 939 2805 Minus
975 2745 1127 2805 bene
1160 2765 1270 2826 per
1305 2747 1536 2809 Aeaci-

453 2833 569 2889 den
597 2829 954 2891 Thessaliam
971 2876 988 2905 ,
1009 2841 1316 2910 tamquam
1339 2834 1533 2891 Grae-

456 2916 579 2974 ciae
597 2961 614 2989 ‚
652 2916 769 2975 iam
798 2936 906 2997 per
935 2916 1121 2996 Argos
1162 2926 1225 2975 et
1253 2917 1533 2996 Mycenas

455 3001 820 3080 designatae,
864 3012 1096 3082 partem
1120 3003 1391 3078 tertiam,
1431 3002 1534 3060 in·-

453 3086 680 3165 telligas
698 3132 715 3163 ,
770 3087 938 3148 cuius
959 3089 1203 3147 fortuna
1229 3109 1368 3147 cum
1396 3087 1535 3146 Ma-

455 3171 736 3230 cedoniae
807 3173 1141 3232 calamitate
1209 3173 1324 3233 fuit
1390 3172 1536 3231 satis

456 3257 776 3316 coniuncta
792 3279 811 3335 3
839 3259 947 3316 etsi
967 3258 1031 3317 in
1045 3278 1111 3317 ea
1132 3269 1260 3318 erat
1273 3256 1533 3333 Phthia,

454 3340 701 3401 Achillis
738 3343 961 3423 patria,
1006 3364 1123 3421 qua
1158 3364 1294 3403 cum
1327 3343 1537 3422 Myce-

454 3425 548 3495 nis
577 3436 640 3485 et
680 3426 853 3508 Argis
898 3429 1154 3488 iunctim
1206 3437 1536 3489 memorata

456 3511 764 3571 Graeciam
817 3514 1103 3574 declarari
1155 3514 1279 3573 iam
1326 3514 1427 3573 lib.
1486 3514 1534 3590 1,

455 3595 601 3662 284.
641 3599 767 3663 285
797 3599 1056 3659 vidimus
1083 3600 1148 3658 in
1173 3599 1348 3659 simili
1374 3600 1537 3658 loco:

464 3683 662 3759 Quum
690 3684 902 3742 domus
928 3688 1222 3744 Assaraci
1242 3685 1537 3744 Phthiam

455 3769 768 3848 clarasque
794 3772 1093 3846 Mycenas
1117 3770 1368 3830 Ser-vdie
1384 3792 1534 3848 pm-

456 3865 576 3911 met
600 3875 677 3912 ac
702 3856 874 3912 victis
903 3854 1311 3914 dominabitur
1328 3857 1538 3933 Argi-⁹.

458 3938 694 3999 Sufficit
707 3958 815 4019 per
841 3939 1045 3999 solitas
1071 3940 1337 3999 vaticinii
1363 3940 1538 4000 amb-

456 4043 590 4103 ages
631 4045 748 4085 vss.
796 4025 1156 4091 839—841
1190 4025 1307 4085 hoc
1350 4045 1541 4085 unum

457 4109 788 4170 declarari:
861 4110 965 4169 Ille
1039 4111 1219 4187 alter,
1301 4111 1540 4170 Paullus

455 4192 758 4271 Aemilius,
790 4195 1066 4255 Graeciae
1094 4214 1235 4274 opes
1256 4195 1378 4255 iam
1403 4204 1543 4255 ante

452 4279 715 4358 priorem
741 4281 931 4357 illum,
966 4281 1337 4356 Mummium,
1365 4282 1538 4341 fran-

451 4372 568 4442 get.
655 4365 716 4423 Si
775 4374 977 4426 tamen
1001 4411 1019 4443 ,
1095 4368 1198 4445 qui
1239 4366 1538 4427 Aeacides

1613 1464 1724 1538 sit,
1769 1460 2176 1521 definiendum
2211 1469 2333 1519 est:
2377 1461 2710 1542 simplicis-

1614 1550 1831 1608 simum
1879 1556 1971 1606 est
2026 1546 2105 1605 de
2159 1546 2373 1615 Perseo
2422 1547 2709 1626 cogitare.

1615 1635 1684 1693 In
1712 1653 1813 1708 eo,
1857 1631 2021 1711 quod
2057 1640 2196 1711 post
2230 1634 2421 1690 Eruet
2473 1638 2706 1711 Argos,

1616 1723 1947 1798 Mycenas,
1994 1717 2293 1777 adiectum
2323 1727 2418 1776 est
2436 1763 2455 1792 ,
2495 1721 2711 1798 Ipsum

1614 1804 1922 1863 Aeaciden
1939 1848 1956 1879 ,
2004 1802 2374 1862 haerendum
2412 1824 2547 1863 nou
2594 1813 2708 1864 est:

1616 1890 1687 1950 fit
1720 1889 1875 1949 enim
1897 1889 2199 1947 communi
2226 1909 2374 1965 usu,
2402 1910 2534 1949 uno
2568 1910 2710 1950 m·-

1615 1976 1694 2035 bo
1722 1974 2169 2036 accommodato
2207 1973 2288 2032 ad
2328 1974 2516 2055 plura
2560 1977 2707 2034 sul>—

1615 2062 1796 2121 iecta:
1841 2059 2109 2138 adeoque
2141 2080 2308 2119 nunc
2352 2071 2535 2120 eruet
2578 2082 2707 2141 pro,

1617 2154 1984 2226 prosternet,
2010 2146 2210 2205 vincet
2232 2144 2561 2206 Aeaciden.
2608 2148 2709 2228 (Q.

1617 2232 1934 2292 Caecilium
1990 2231 2297 2290 Metellum
2350 2231 2710 2291 Macedoni-

1617 2336 1789 2394 cum,
1835 2315 2107 2376 Andrisci
2137 2337 2183 2376 s.
2215 2316 2710 2399 Pseudophilippi

1615 2402 1940 2475 victoreuu
2003 2423 2037 2459 a
2085 2402 2332 2480 Virgilio
2380 2404 2708 2484 significari

1614 2487 1708 2547 his
1765 2446 2037 2548 versilms
2067 2532 2086 2563 ,
2154 2488 2420 2568 probare
2476 2489 2711 2549 studuit

1614 2572 1985 2634 Muenscher.
2022 2574 2195 2633 Obss.
2228 2577 2295 2632 in
2330 2578 2427 2635 V
2395 2597 2520 2655 vg.
2548 2578 2703 2635 Aen.

1613 2680 1673 2740 p.
1724 2660 1807 2725 25
1835 2680 1921 2738 sq.
2006 2661 2285 2720 Ceterum
2332 2661 2467 2722 vid.
2508 2662 2589 2737 Q.
2639 2661 2707 2720 V.

1616 2745 1830 2820 xvm,
1861 2749 1921 2820 2,
1949 2767 2003 2825 g.
2052 2743 2228 2826 Wr.)

1701 2829 2079 2895 842—845.
2109 2829 2415 2890 Notissimi
2444 2830 2709 2890 iux-ehu

1616 2914 1903 2974 Romanis
1934 2917 2066 2976 viri.
2156 2917 2309 2974 Cato
2352 2925 2449 2974 est
2500 2918 2707 2989 maior,

1615 3000 1697 3059 M.
1725 3001 2003 3077 Porcius,
2024 3046 2027 3047 ν
2048 3001 2153 3079 qui
2179 3010 2241 3059 et
2282 3000 2360 3059 ab
2387 3001 2524 3060 aliis
2556 3004 2708 3062 ineu

1620 3106 1865 3166 magnos
1915 3088 2082 3146 viros
2159 3096 2538 3146 memoratus
2594 3098 2708 3147 est:

1618 3171 1913 3231 Uticensis
1940 3193 2065 3232 non
2094 3172 2245 3230 bene
2269 3173 2437 3230 inter
2462 3173 2708 3234 Coma

1619 3264 1681 3316 et
1711 3257 2014 3317 Gracchos
2039 3258 2240 3317 locum
2270 3256 2567 3334 haberet3
2602 3258 2708 3319 etsi

1618 3342 1681 3401 in
1707 3341 1961 3421 Augusti
1991 3343 2241 3422 gratiam
2271 3342 2446 3402 hunc
2476 3346 2708 3404 omisis-

1619 3447 1681 3486 se
1710 3428 1899 3487 videri
1925 3448 2050 3487 non
2080 3428 2272 3487 debet.
2319 3449 2378 3487 v.
2416 3428 2638 3490 Horat.
2682 3428 2709 3489 1

1620 3514 1813 3572 Carm.
1852 3517 1949 3587 12,
1991 3514 2076 3580 85
2124 3523 2185 3572 et
2223 3514 2335 3572 ins.
2370 3514 2529 3588 vm,
2568 3519 2709 3581 670.

1621 3600 1702 3656 De
1724 3600 1794 3657 A.
1822 3599 2096 3658 Cornelio
2132 3600 2311 3657 Cosso
2339 3601 2553 3677 spoliis
2580 3602 2710 3680 opi-

1568 3734 1582 3748 ,
1621 3684 1730 3743 mis
1781 3683 1943 3742 claro
2009 3704 2069 3743 v.
2122 3684 2252 3743 Liv.
2301 3684 2401 3757 lv,
2452 3690 2556 3751 19.
2608 3692 2709 3751 20.

1626 3769 1892 3828 Gracchi
1915 3790 2108 3847 ἕρπω
2121 3791 2150 3841 ,-
2176 3770 2423 3850 respicit
2450 3773 2711 3831 maxime

1623 3855 1711 3914 Ti.
1762 3854 2176 3932 Sempronium
2220 3853 2600 3933 Gracchum,
2654 3858 2707 3916 b.

1622 3940 1845 4000 Punico
1902 3938 1955 3997 11
2015 3940 2262 4002 clarum.
2349 3941 2703 4021 Sctpu'adas.

1621 4025 1732 4085 int.
1757 4024 2107 4086 Africanum
2145 4026 2435 4085 maiorem
2477 4037 2541 4087 et
2594 4028 2707 4088 mi-

1623 4130 1868 4189 norem;
1922 4130 2062 4170 nam
2117 4111 2452 4170 adiectum:
2507 4115 2705 4173 elod-

1627 4197 1879 4275 Iffbiae‚
1911 4195 2282 4277 Carthaginis
2306 4197 2462 4257 alter
2484 4198 2704 4258 victoe:

1623 4280 1774 4341 alter
1812 4300 2070 4342 eversor.
2145 4281 2391 4360 fulmen
2446 4282 2597 4342 heus
2638 4282 2704 4342 de

1621 4366 1995 4448 Scipionibus
2037 4368 2285 4448 proprio
2331 4366 2539 4446 aliquo
2576 4389 2703 4428 nso·
