2882 5028
445 333 600 410 344
911 328 993 403 Ρ.
1061 327 1603 405 VIRGILII
1665 329 2226 406 MARONIS

450 517 716 594 Traxit
745 513 937 591 etin
970 511 1231 589 multo
1261 512 1703 591 labsantem
1741 515 2124 611 sanguine
2161 516 2347 609 nati,

447 620 979 721 Inplicuitque
1008 641 1324 693 comam
1354 617 1615 715 laeva,
1672 617 2101 720 dextraque
2142 641 2561 695 coruscum

446 723 743 802 Extulit
769 746 856 797 ac
882 721 1108 796 lateri
1139 745 1226 796 ca
1284 719 1419 796 ulo
1454 735 1690 798 tenus
1723 721 2028 798 abdidit
2063 748 2362 801 ensem.

446 831 663 904 Haec
695 824 878 901 finis
908 825 1198 900 Priami
1228 747 1620 919 Fatorum3
1673 825 1805 900 hic
1840 827 2084 903 exitus
2113 826 2336 902 illum

453 934 689 1007 Sorte
719 929 940 1027 tulit,
997 928 1325 1005 Troiam
1376 930 1819 1027 incensam,
1877 942 1958 1005 et
2007 929 2376 1031 prolabsa
2427 926 2688 1010 viden-

1617 1047 1787 1108 tem
2551 1037 2686 1111 555

448 1139 853 1234 Pergama,
891 1147 1012 1210 tot
1041 1133 1457 1236 quondam
1485 1134 1805 1237 populis
1839 1136 2230 1237 terrisque
2263 1133 2687 1234 superbum

445 1243 990 1337 Regnatorem
1026 1239 1276 1318 Asiae.
1378 1242 1594 1315 Iacet
1626 1240 1904 1338 ingens
1929 1238 2165 1316 litore
2200 1253 2552 1338 truncus»,

550 1366 725 1441 553.
777 1363 1160 1458 Earum,
1317 1381 1668 1459 snmm'r,

587 1536 689 1591 551
727 1534 1005 1586 laxantem
1034 1535 1168 1587 Ven.
1211 1551 1293 1603 pr.
1331 1535 1521 1587 Hamb.
1566 1544 1622 1586 et
1658 1534 1822 1587 Goth.
1869 1552 1951 1602 pr.
2070 1533 2175 1588 552
2208 1533 2558 1605 implevitque
2592 1549 2681 1583 sec·

448 1604 636 1656 Hamb.
703 1622 856 1655 coma
893 1604 1029 1656 Gud.
1070 1623 1103 1656 a
1146 1622 1213 1656 m.
1250 1621 1352 1674 pr„
1400 1621 1509 1656 non
1546 1604 1700 1672 male,
1735 1604 1781 1656 si
1809 1606 2025 1656 laevam
2063 1603 2212 1672 legas
2242 1622 2362 1655 cum
2394 1605 2678 1653 Burmannu-

449 1675 554 1729 553
586 1674 810 1744 scapulo
838 1678 1019 1741 Sprot.
1061 1691 1094 1725 a
1136 1693 1205 1726 m.
1245 1692 1351 1726 sec.
1388 1685 1446 1726 et
1485 1674 1646 1727 Witt.
1702 1675 1779 1742 (et
1807 1674 1924 1726 Alb.
1958 1672 2103 1738 Wr.)
2178 1673 2401 1724 addidit
2430 1673 2564 1724 idem
2586 1688 2683 1723 enm

449 1744 613 1796 Goth.
638 1760 744 1795 sec.
781 1744 859 1810 (et
886 1742 1003 1795 Alb.
1040 1744 1188 1811 Wr.)
1326 1745 1433 1800 554
1457 1747 1611 1796 Haec
1625 1744 1770 1812 finis
1791 1762 1841 1795 v.
1867 1742 2005 1794 Gen.
2031 1744 2176 1804 xm,
2203 1744 2295 1807 20,
2329 1752 2386 1793 et
2425 1742 2596 1794 Heius.
2625 1739 2683 1791 ad

448 1819 576 1865 Aen.
602 1813 689 1875 111,
721 1812 837 1867 145.
877 1814 1051 1881 (Haec
1068 1811 1124 1882 f
1157 1830 1223 1866 au
1254 1813 1487 1866 habeant
1515 1814 1742 1877 codices,
1775 1830 1883 1864 non
1912 1812 2112 1863 indicat
2142 1811 2429 1873 Heinsius3
2466 1822 2520 1862 ut
2545 1810 2682 1879 igitur

449 1901 543 1935 sua
572 1882 692 1934 huic
719 1881 935 1933 lectioni
962 1887 1170 1935 constet
1196 1882 1324 1934 fides
1342 1922 1357 1948 ,
1393 1882 1660 1935 sciendum
1679 1921 1694 1946 ,
1742 1901 1856 1934 eam
1901 1892 2104 1932 exstare
2131 1880 2186 1931 in
2215 1881 2429 1946 Medic„
2463 1883 2616 1933 Paris.
2638 1881 2682 1932 2.

449 1953 500 2007 3.
526 1949 579 2006 4.
610 1954 692 2005 12.
731 1960 787 2002 et
809 1961 982 2021 utroq.
1010 1951 1157 2021 Lips.
1190 1953 1331 2019 Wr.)
1404 1955 1511 2004 Hic
1530 1958 1586 2034 J.
1609 1953 1715 2004 duo
1761 1951 1925 2004 Goth.
1954 1954 2033 2019 (et
2064 1949 2185 2004 Alb.
2213 1954 2300 2003 W
2293 1952 2361 2018 r.)
2401 1950 2534 2004 Gell.
2560 1949 2682 2010 xm,

448 2024 547 2076 ξος
584 2021 681 2071 sed
706 2022 764 2072 in
790 2021 891 2072 illo
915 2039 1129 2103 quoque
1152 2022 1339 2073 itidem
1371 2024 1426 2074 V
1421 2023 1611 2093 ergzlii
1635 2040 1825 2073 versu:
1890 2023 2035 2072 Haec
2076 2020 2193 2071 finis
2237 2020 2436 2072 Priami
2464 2021 2680 2079 fatorum,

451 2093 503 2143 si
533 2102 710 2141 mutes
737 2102 808 2153 et,
844 2089 932 2141 hic
966 2091 1111 2156 fims,
1146 2091 1315 2154 dicas,
1352 2093 1553 2142 durum
1586 2104 1755 2161 atque
1782 2090 2044 2146 absonum
2066 2092 2177 2142 erit
2205 2103 2567 2161 respuentque
2591 2105 2681 2139 au-

452 2178 560 2223 res,
596 2160 741 2230 quod
767 2160 1102 2221 mutaverim
1146 2161 1289 2211 sicut
1326 2161 1475 2211 illud
1499 2174 1695 2213 eontra
1739 2162 1979 2212 eiusdem
2023 2159 2257 2230 Vergilii
2297 2161 2583 2211 insuavius
2590 2155 2682 2226 su-

437 2230 583 2295 ‚cia-r,
619 2231 670 2280 si
697 2240 897 2280 mutes:
937 2231 1102 2292 Quem
1130 2228 1225 2280 das
1253 2228 1438 2294 finem,
1486 2247 1579 2281 rea
1603 2247 1820 2297 magne,
1866 2230 2133 2291 laborum3
2185 2247 2316 2280 nam
2355 2231 2408 2281 ei
2432 2232 2511 2281 ita
2536 2229 2681 2288 dieas,

489 2312 605 2350 nant
632 2298 726 2349 das
767 2298 937 2362 finem,
970 2299 1330 2350 iniucundum
1365 2301 1549 2351 neseio
1590 2318 1697 2369 quo
1717 2305 1884 2380 pacto
1922 2310 1977 2349 ee
1997 2300 2282 2350 „laxiorem
2326 2301 2474 2350 vocis
2513 2312 2684 2349 sonum

483 2369 668 2420 ecee-is.
737 2368 844 2418 Iam
864 2368 933 2419 ad
961 2384 1107 2418 snum
1134 2368 1352 2437 quisque
1393 2369 1594 2420 aurium
1629 2369 1875 2420 iudicium
1913 2368 1983 2419 de
2024 2368 2125 2419 hac
2160 2367 2459 2419 subtilitate
2493 2373 2680 2418 statuat.

452 2440 560 2488 Hic
571 2435 625 2507 s
641 2438 864 2499 Priami,
900 2437 988 2488 hic
1043 2449 1259 2489 acorum
1286 2439 1470 2489 exitus
1491 2440 1676 2490 Franc.
1724 2439 1831 2490 hac
1858 2439 2038 2489 exitus·
2059 2437 2216 2489 illum
2232 2436 2398 2507 forte
2415 2437 2541 2488 tulit
2563 2431 2680 2487 coni.

450 2506 632 2558 Heius.
768 2507 874 2562 555
908 2519 965 2559 et
1011 2526 1150 2578 apsa
1177 2507 1378 2576 aliquot
1413 2507 1557 2576 apud
1584 2509 1754 2560 Burm.
1891 2508 1997 2563 556
2018 2506 2246 2579 populis·
2269 2507 2539 2577 quondum
2568 2506 2682 2577 Par-

450 2577 596 2630 thas.
643 2587 697 2629 et
741 2575 907 2628 Wall.
972 2577 1207 2644 (Wakef.
1265 2576 1574 2645 distinguit:
1639 2578 1911 2646 terrisque
1962 2574 2284 2649 superbum3
2342 2582 2681 2648 Regnatotem

451 2648 657 2700 Asiae!
709 2646 814 2698 vid.
858 2647 989 2698 Not.
1052 2647 1199 2713 Wr.)
1337 2647 1444 2701 557
1479 2665 1718 2729 aequore
1755 2663 1854 2716 pro
1901 2645 2347 2711 litore‚Dorvill.,
2396 2648 2679 2697 Burmannus

453 2715 590 2769 coni.
612 2715 796 2767 limine
821 2733 893 2768 sc.
920 2714 1115 2783 regiae.
1186 2718 1309 2767 Non
1341 2726 1423 2767 est
1449 2716 1786 2769 solhcitauda
1811 2716 1954 2768 bona
1976 2714 2168 2783 lectio,
2218 2733 2373 2785 qnam
2410 2714 2681 2768 confirmant

451 2784 707 2838 Manilius*
725 2795 777 2836 et
802 2789 1019 2838 Seneca.
1051 2802 1101 2837 v.
1126 2795 1238 2836 not.

452 2907 753 2969 videndus
819 2917 911 2967 est
959 2907 1180 2988 Pupius
1237 2908 1318 2969 ad
1367 2907 1537 2969 Iliad.

455 2995 596 3055 xm
625 2994 767 3054 Obs.
798 2998 903 3061 31.
972 2992 975 2995 ’

504 3074 665 3146 '550
716 3098 843 3158 sqq.
926 3075 1188 3160 (Seneca
1249 3081 1542 3160 expressit

453 3164 675 3224 Troad.
712 3164 796 3230 44
819 3184 945 3243 sqq.
975 3163 1405 3225 ubiAeacidae
1436 3186 1542 3226 re-

454 3246 821 3331 tinendum).
907 3249 978 3307 ln
1014 3249 1145 3328 ipsa
1189 3271 1312 3326 ara,
1357 3271 1388 3310 e
1421 3271 1540 3329 qua

454 3342 801 3395 surrexerat
869 3333 1101 3393 hastam
1168 3335 1543 3396 immissurus

442 3421 727 3487 Priamus
757 3465 773 3495 ,
863 3430 1173 3498 tamquam
1231 3422 1543 3481 victimam

453 3506 790 3566 immolavit
852 3506 1158 3566 Priamum
1216 3508 1545 3588 Neoptole-

364 3640 367 3647 .
454 3612 607 3652 mus.
710 3593 1008 3670 implicuit
1060 3614 1299 3653 comam
1321 3640 1338 3670 ‚
1401 3613 1542 3675 ergo

456 3697 597 3738 cum
651 3677 861 3737 ceteris
926 3677 1106 3737 armis
1154 3700 1214 3739 v.
1270 3682 1395 3746 509
1452 3702 1539 3759 sq.

455 3765 683 3844 galeam
736 3784 861 3822 nou
918 3774 1231 3825 sumserat.
1333 3769 1544 3825 extulit

457 3870 686 3926 ensem,
756 3869 916 3925 non,
987 3851 1199 3929 vagina
1251 3854 1542 3930 extraxit,

457 3944 668 3995 monet
693 3934 1101 3995 Burmannus:
1145 3936 1249 3995 sed
1281 3939 1545 4016 sustulit,

456 4020 796 4080 intentavit.
864 4021 1056 4081 Versu
1094 4021 1238 4086 529.
1267 4023 1547 4093 530J1a-

456 4119 555 4165 sta
583 4105 870 4167 utebatur
898 4105 1198 4187 Pyrrhus3
1230 4128 1367 4167 cum
1394 4111 1547 4169 emi-

457 4213 572 4252 nus
597 4200 831 4272 peteret
857 4192 1108 4252 Politen.

544 4278 934 4345 654—559.
1004 4276 1418 4357 Epiphonema
1466 4280 1544 4339 ad

458 4363 994 4426 conuniserationis
1039 4364 1320 4453 affectum
1362 4384 1544 4445 prae-

1624 2909 1786 2969 clare
1819 2907 2218 2988 compositum
2235 2929 2253 2985 3
2319 2907 2562 2988 simplex
2595 2914 2679 2963 ta-

1622 3015 1764 3055 men
1806 3004 1868 3054 el.
1914 2994 2189 3069 obvium,
2252 2994 2361 3054 sed
2400 2989 2679 3073 magnifice

1625 3091 1925 3141 ornatum.
2014 3079 2215 3140 Placet
2253 3100 2379 3140 non
2407 3082 2589 3139 minus
2612 3076 2676 3135 il-

1622 3167 1733 3227 lud
1770 3166 1844 3226 de
1893 3164 2121 3225 Achille
2160 3167 2327 3246 apud
2367 3165 2534 3227 Ovid.
2555 3162 2672 3222 Met

1624 3252 1759 3329 XII,
1788 3256 1929 3318 615.
1964 3256 2107 3316 616.
2138 3255 2282 3311 Iam
2323 3256 2473 3311 einis
2494 3262 2583 3323 est,
2622 3257 2673 3303 et

1625 3339 1698 3396 de
1717 3352 1843 3396 tam
1868 3358 2098 3416 magno
2113 3350 2298 3396 restat
2310 3337 2535 3397 Achille
2552 3333 2669 3392 Ne·-

1626 3426 1751 3482 scio
1812 3424 1996 3503 quid,
2062 3445 2336 3501 panum
2390 3420 2539 3504 quod
2572 3437 2672 3476 non

1624 3508 1766 3568 bene
1792 3511 2089 3587 compleat
2113 3531 2349 3570 mnam.
2407 3502 2677 3568 Sententia

1624 3595 1769 3654 iude
1816 3615 1848 3653 a
1900 3595 2107 3655 multis
2156 3614 2452 3674 expressa.
2521 3603 2672 3661 sorte,

1624 3681 1788 3741 fatali
1831 3683 2178 3740 necessitate
2217 3680 2480 3741 abstulit.
2531 3679 2674 3735 Serv.

1623 3767 1832 3843 Asz'ae,
1849 3787 2090 3846 magnae
2103 3766 2316 3827 saltem
2328 3761 2674 3847 partisAsiae,

1628 3853 1892 3914 minoris.
1938 3874 1996 3913 v.
2026 3853 2225 3912 Strab.
2258 3854 2397 3913 XIII
2422 3871 2545 3931 pag.
2567 3843 2675 3911 875

1628 3938 1700 3998 A.
1734 3953 2111 4018 regma-torem
2129 3941 2414 4019 populis,
2453 3956 2558 4017 pro
2577 3952 2674 4013 po-

1627 4026 1943 4105 pulorum:
2017 4023 2271 4105 (Similes
2323 4017 2673 4103 compositio-

1629 4131 1735 4170 nes
1774 4112 1899 4172 vid.
1948 4111 2223 4172 collectas
2249 4111 2326 4171 ad
2359 4107 2562 4169 Tibull.
2592 4101 2672 4174 lv,

1633 4203 1688 4273 1,
1727 4200 1868 4263 115.
1905 4198 2097 4259 Wch.
2137 4231 2220 4244 —
2251 4199 2349 4259 ubi
2377 4195 2494 4258 vid.
2518 4194 2671 4251 etiam

1628 4282 1809 4342 Bach.
1853 4281 2024 4366 lVr.)
2064 4284 2180 4344 nisi
2215 4284 2421 4346 melius
2446 4288 2555 4354 est,
2589 4293 2668 4333 re·-

1624 4381 1941 4447 gnatorem
1984 4371 2174 4430 Asiae
2188 4416 2206 4447 ,
2262 4367 2559 4449 superbum
2598 4368 2668 4418 10¹
