2882 5028
288 1885 293 1904 *
369 1880 478 1929 Sat.
506 1879 561 1940 3,
594 1894 707 1929 cum
734 1875 956 1927 norvill.
981 1892 1012 1926 a
1036 1894 1103 1927 m.
1133 1893 1237 1927 sec.

370 1945 439 1997 ad
469 1946 659 1998 Lucan.
689 1947 755 2009 11,
779 1948 831 2001 5.
895 1947 982 2013 (Q.
1008 1945 1089 2010 Ὺ.
1125 1946 1251 2009 XV,
1292 1946 1345 1999 9.
1402 1944 1546 2012 Wr.)

331 333 337 338 ’
373 301 526 404 323

372 510 598 588 Ilicet
624 507 1043 583 obruimur
1073 530 1438 584 numero.

375 612 702 691 Penelei
731 610 998 687 dextra
1033 611 1258 686 divae
1287 609 1835 710 armipotentis
1872 610 1973 685 ad
2002 636 2219 686 aram

861 324 943 396 P.
1014 320 1550 400 VIRGILII
1617 320 2170 397 MARONIS

1544 506 2020 608 Primusque
2053 508 2476 587 Coroebus
2580 620 2632 694 5

2471 623 2578 695 42

352 715 878 816 ΝΡι·ο(;ι1ῐῐ11)ἰι;
936 714 1145 790 cadit
1174 726 1254 789 et
1279 713 1640 814 Rhipeus
1660 774 1680 810 ‚
1735 714 2201 790 iustissimus
2231 739 2442 792 unus

376 822 532 916 Qui
558 817 714 895 fuit
747 820 831 894 in
864 819 1190 895 Teucris
1222 831 1301 892 et
1335 817 1960 893 servantissimus
1994 819 2268 920 aequi:

372 926 507 1000 Dis
538 923 761 998 aliter
787 922 1083 1015 visum3
1137 934 1481 1022 pereunt
1507 922 2015 1022 Hypanisque
2042 926 2520 1024 Dymasque,

376 1024 691 1126 Confixi
722 1051 763 1101 a
791 1027 1055 1117 sociis;
1106 1049 1258 1102 nec
1288 1037 1366 1100 te
1399 1038 1531 1100 tua
1556 1024 1938 1124 plurima,
1990 1024 2329 1122 Panthu,

372 1131 816 1207 Labentem
846 1129 1134 1230 pietaS‚
1190 1153 1339 1204 nec
1369 1128 1753 1229 Apollinis
1777 1125 2027 1203 infula
2058 1130 2262 1208 texit.

2473 1139 2630 1213 430

371 1235 585 1312 Iliaci
621 1233 964 1328 cineres,
1023 1245 1102 1308 et
1126 1229 1450 1307 flamma
1484 1244 1828 1308 extrema
1860 1256 2262 1328 meorum,

377 1343 701 1433 Testor,
757 1337 838 1411 in
885 1359 1167 1411 occasu
1196 1348 1461 1413 vestro
1495 1360 1645 1411 nec
1684 1336 1841 1411 tela
1873 1361 2022 1412 nec
2051 1336 2245 1413 ullas

509 1528 616 1584 424
650 1529 775 1581 Illic
809 1527 894 1580 ed.
921 1528 1057 1580 Ven.
1094 1528 1263 1579 illicet
1301 1528 1416 1580 fere
1455 1526 1512 1578 in
1548 1527 1700 1580 libris
1741 1528 2020 1599 scripturn;
2070 1527 2165 1580 sed
2206 1546 2254 1580 v.
2296 1525 2434 1593 Pier.
2478 1526 2628 1578 illico

373 1599 535 1651 Goth.
582 1599 673 1651 alt.
743 1600 1008 1649 irruimur
1046 1598 1289 1650 Parthas.

1428 1594 1535 1653 425
1585 1598 1823 1651 Peneleo
1871 1597 2094 1649 Dorvill.
2151 1616 2182 1650 a
2222 1615 2291 1648 m.
2337 1615 2441 1648 sec.
2484 1596 2629 1678 Vide

372 1686 488 1736 sup.
526 1670 651 1723 392.
718 1669 781 1718 In
822 1669 1053 1719 Homero
1082 1677 1187 1718 ’est
1229 1662 1561 1735 Πηνέλεως,
1617 1667 1710 1718 sed
1750 1679 1805 1717 et
1851 1665 2133 1735 Πηνέλεος
2164 1666 2408 1719 occurrit.
2477 1666 2628 1717 Rlu—

367 1755 536 1808 ρεαδ,
567 1732 830 1802 Ῥιπρεὺς,
865 1754 971 1788 non
996 1737 1274 1806 Ripheus,
1324 1739 1403 1804 (ut
1431 1746 1514 1787 est
1547 1737 1602 1788 in
1629 1737 1822 1788 Medic.
1866 1739 2008 1806 Wr.)
2058 1737 2277 1787 vidimus
2316 1737 2440 1790 339.
2513 1737 2631 1785 Pe-

371 1808 518 1858 lenei
541 1812 719 1876 sprot.

858 1805 964 1860 426
991 1803 1288 1877 procubuit
1311 1804 1475 1858 Caris.
1507 1805 1601 1858 lib.
1626 1808 1650 1856 1
1687 1808 1813 1858 lust.
1859 1810 2140 1864 Grammat.
2180 1817 2235 1857 et
2270 1805 2506 1857 Macrob.
2549 1806 2631 1857 IV

1375 1874 1480 1930 428
1525 1877 1703 1927 visum
1746 1889 1830 1928 est
1867 1877 2070 1945 aliquot
2128 1878 2328 1936 Burm.,

2378 1893 2534 1943 quem
2573 1893 2629 1926 v.

1684 1942 1789 2001 429
1841 1943 2096 2015 Confessi
2133 1945 2347 1996 vratisl.
2397 1964 2433 1997 a
2477 1945 2631 1995 deest

371 2015 659 2076 Montalb„
691 2014 781 2083 qui
806 2022 862 2065 et
888 2032 919 2065 a
947 2032 1016 2064 m.
1043 2032 1149 2065 sec.
1185 2014 1400 2081 confisi.
1443 2011 1512 2065 ab
1543 2017 1705 2066 sociis
1731 2017 1850 2067 Exc.
1892 2017 2063 2066 Burm.
2112 2014 2236 2084 (vid.
2276 2017 2342 2078 Q.
2385 2017 2452 2066 V.
2492 2016 2531 2079 1,
2576 2016 2629 2068 1.

382 2085 527 2152 Wr.)

600 2084 857 2135 Pantheu
889 2082 1055 2136 Wall.
1085 2084 1310 2134 Plumea
1341 2083 1505 2134 Goth.
1529 2083 1623 2135 alt.
1670 2102 1721 2136 v.
1764 2085 2041 2154 sup..319.

372 2153 509 2204 Gud.
543 2171 587 2205 c.
616 2152 756 2205 binis
785 2151 920 2203 aliis.
958 2151 1085 2221 (vid.
1129 2156 1194 2216 Q.
1240 2154 1308 2204 V.
1353 2154 1593 2216 XXXII,
1632 2155 1682 2208 8.
1742 2156 1885 2221 W‘r.)

2180 2084 2287 2139 430
2339 2103 2516 2152 neque
2552 2088 2628 2136 A.

2026 2154 2133 2209 432
2177 2166 2370 2207 nostro
2409 2152 2631 2208 Vrstisl.

371 2225 432 2275 ι’νι
462 2223 567 2276 hoc
597 2240 731 2275 casu
757 2234 951 2275 nostro
976 2221 1167 2289 Goth.²
1201 2238 1309 2274 non
1336 2221 1538 2275 infelici
1562 2223 1731 2292 lapsu.

369 2400 510 2440 rum
534 2389 596 2440 et
632 2381 866 2457 Latini,
909 2381 1268 2442 discriminis
1313 2380 1461 2442 bar-

369 2466 658 2527 barorum
701 2476 763 2527 et
805 2468 1172 2528 Graecorum
1225 2486 1461 2527 memo-

367 2572 495 2630 res,
521 2563 733 2612 notare
756 2576 879 2614 non
905 2555 1313 2634 neglexerunt.
1382 2554 1463 2614 Et

371 2658 572 2699 errare
609 2640 931 2717 videntur,
988 2641 1039 2699 si
1081 2640 1185 2718 qui
1230 2639 1462 2701 Home-

369 2745 509 2785 rum
522 2726 920 2786 barbarorum
937 2727 1200 2806 linguam
1218 2747 1249 2783 a
1270 2726 1461 2785 Grae-

371 2832 582 2871 corum
605 2812 809 2892 lingua
849 2813 1049 2875 verbis
1092 2812 1157 2872 11.
1203 2814 1261 2893 β,
1306 2815 1455 2876 867.

373 2902 600 2979 Καρῶν
670 2894 1174 2982 βαρβαροφώνων
1241 2896 1461 2957 distin·-

371 2984 528 3042 xisse
585 2984 696 3044 sibi
764 2992 1207 3064 persuaserunt.
1274 2984 1462 3042 >Nam

371 3068 675 3128 admotum
729 3065 1233 3152 βαρβαροφώνων
1306 3068 1462 3128 illud

370 3175 498 3212 non
531 3155 715 3233 magis
755 3155 1004 3235 probat,
1064 3174 1246 3231 quam
1290 3154 1461 3213 locus

372 3238 489 3298 Od.
503 3247 571 3315 θ,
595 3241 739 3305 294.
755 3242 1003 3313 Σίντιας
1020 3233 1461 3320 α’γρωφῶνους.

371 3324 508 3386 vid.
536 3325 716 3383 etiam
745 3325 941 3405 Heyn.
971 3324 1141 3385 Obss.
1171 3325 1240 3384 T.
1267 3324 1367 3385 IV.
1397 3345 1459 3404 p.

372 3408 516 3474 434.
548 3408 691 3475 435.
744 3408 968 3493 Wch.)

457 3493 584 3560 424
609 3528 696 3541 -
724 3497 868 3563 480.
941 3498 1150 3557 Divae
1231 3518 1295 3555 α.
1372 3495 1464 3554 ad

371 3602 582 3655 aram,
632 3602 757 3640 non
784 3591 910 3641 tam
950 3582 1019 3642 in
1058 3583 1190 3662 ipso
1227 3581 1457 3660 templo

372 3666 679 3727 Minervae
713 3689 842 3748 sup.
882 3672 1007 3733 403
1029 3714 1048 3746 ‚
1093 3689 1125 3728 e
1164 3688 1283 3747 quo
1314 3668 1457 3726 abs-

368 3762 566 3812 tracta
621 3754 722 3813 illa
779 3765 940 3831 erat,
1017 3776 1197 3833 quam
1254 3755 1458 3836 potius

374 3847 512 3898 ante
541 3840 834 3919 templum
860 3841 924 3900 in
967 3838 1220 3925 προνάῳ
1267 3841 1364 3902 vel
1391 3840 1458 3900 iu

374 3919 709 4010 περιβόλῳ,
754 3936 824 3986 ut
870 3936 932 3985 et
971 3946 1318 4007 expressum
1355 3925 1457 3987 vi·-

374 4009 479 4070 ‹les
536 4011 601 4069 in
655 4012 800 4072 Tab.
859 4013 1033 4071 Iliaca
1092 4034 1152 4072 n.
1197 4011 1337 4077 104.
1383 4012 1458 4072 cs.

373 4098 622 4156 Excurs.
664 4097 744 4159 X.
828 4099 1116 4157 Peneleus
1157 4095 1258 4156 hic
1307 4097 1460 4157 alius

375 4202 496 4241 esse
561 4182 740 4242 debet
768 4229 785 4260 ,
858 4202 1037 4262 quam
1103 4182 1460 4243 Homericus

335 4304 347 4324 .
373 4270 738 4329 Boeotorum
768 4270 928 4332 dux:
972 4288 1112 4328 nam
1139 4268 1190 4327 is
1221 4268 1296 4327 ab
1330 4269 1459 4328 Eu-

373 4355 591 4436 rypylo
666 4365 835 4415 erat·⁴
876 4355 1136 4432 occisus,
1214 4353 1462 4435 Telephi

1544 2380 1695 2441 filio:
1739 2382 1992 2443 Pausan.
2016 2380 2125 2457 IX,
2153 2382 2193 2446 5
2225 2383 2266 2442 f.
2296 2382 2501 2463 Dictys
2524 2383 2634 2461 IV,

1548 2472 1647 2532 17.
1685 2464 2082 2550 (Eurypylum
2102 2466 2636 2530 Antenorisfilium

1544 2563 1839 2614 memorat
1892 2554 2254 2633 Pomponius
2306 2554 2386 2613 ad
2441 2553 2505 2615 h.
2553 2556 2636 2632 l.;

1543 2660 1668 2699 non
1709 2640 1888 2700 video
1926 2660 2046 2718 quo
2092 2651 2373 2711 auctore:
2427 2649 2490 2700 et
2536 2652 2638 2702 est

1541 2727 1593 2785 is
1620 2726 1846 2786 alienus
1874 2725 1949 2783 ab
1981 2724 2044 2784 h.
2071 2724 2138 2808 l.)
2182 2727 2349 2785 cadit
2379 2739 2434 2784 et
2462 2728 2639 2785 Rha·-

1528 2834 1688 2890 peus·
1714 2857 1732 2887 ,
1793 2815 2154 2871 iustissimus
2181 2835 2336 2871 unus
2360 2813 2640 2872 omnium

1543 2930 1630 2944 —
1655 2910 1711 2956 et
1754 2899 2228 2956 servantissimus
2256 2901 2439 2978 aequi
2452 2942 2472 2972 ,
2521 2900 2639 2977 qui

1543 2982 1693 3042 adeo
1724 2982 1938 3042 cadere
1966 3003 2090 3041 non
2108 2982 2428 3059 debuisset,
2457 3004 2637 3044 com-

1543 3069 1712 3128 muni
1735 3068 2046 3128 hominum
2077 3069 2333 3146 iudici03
2373 3070 2478 3128 sed
2507 3072 2639 3129 dieze

1544 3157 1723 3213 aliter
1745 3159 1944 3214 visum
1962 3199 1979 3230 ,
2029 3154 2104 3214 de
2154 3156 2373 3215 caussis
2418 3165 2477 3215 et
2518 3177 2637 3215 ra·

1540 3241 1832 3316 tionibus,
1877 3260 2029 3317 quae
2073 3261 2182 3300 nos
2220 3241 2489 3300 homines
2527 3241 2634 3300 la-

1542 3335 1691 3386 tent.
1746 3327 1996 3405 Copiose
2019 3325 2096 3384 de
2122 3326 2247 3387 h.1.
2273 3328 2394 3407 agit
2419 3328 2629 3387 Burm.

1540 3410 1819 3471 Laudant
1828 3412 2006 3471 etiam
2015 3412 2400 3473 Homericum
2411 3412 2635 3492 Odyss.

1543 3523 1605 3573 α,
1638 3497 1765 3560 234
1812 3502 1953 3560 Νῦν
1993 3491 2057 3561 δ’
2090 3496 2303 3579 ἑτέρως
2335 3494 2639 3579 ἐβάλοντο

1540 3582 1683 3646 θεοὶ
1709 3579 1869 3646 κακὰ
1894 3578 2278 3663 μητιόωντες.

1626 3666 2013 3733 481-484,
2059 3671 2307 3744 Quanto
2346 3694 2488 3733 cum
2530 3676 2640 3733 af-

1540 3755 1735 3832 fectu,
1778 3755 2003 3833 egregia
2032 3756 2318 3819 orationis
2346 3759 2641 3819 inflexio-—

1540 3859 1647 3915 ne,
1677 3860 1736 3899 se
1760 3841 2119 3901 incolumem
2150 3843 2361 3904 abiisse
2388 3850 2643 3908 narrat!

1544 3927 1620 3985 cf.
1648 3929 1905 3985 Senecae
1937 3928 2157 3989 Troad.
2189 3934 2273 3995 28
2307 3952 2434 4009 sqq.
2510 3932 2647 3992 Po-

1544 4020 1660 4071 test
1703 4012 2001 4090 dubitari,
2059 4017 2248 4075 Iliaci
2292 4021 2516 4077 omer-es
2575 4028 2643 4079 et

1529 4100 1806 4178 flamma
1839 4113 2099 4160 extrema
2129 4124 2392 4161 meomm
2434 4104 2646 4165 sintne

1547 4184 1621 4243 de
1661 4206 1832 4266 rogo,
1892 4206 1969 4246 an
2015 4188 2092 4247 de
2136 4188 2415 4250 incendio
2461 4192 2649 4251 urbis

1545 4271 1907 4352 accipienda.
2009 4275 2196 4334 Iliaci
2259 4278 2484 4335 cineres
2559 4298 2650 4338 ex

1544 4358 1830 4437 loquendi
1861 4379 1976 4420 usu
2018 4359 2096 4420 ad
2144 4360 2319 4422 Ilium
2352 4361 2421 4422 in
2457 4363 2648 4426 cine-
