2882 5028
508 408 1122 490 AENEIDOS
1173 409 1388 485 LIB.
1441 410 1538 506 V,
1593 412 2040 489 688—706
2267 415 2422 490 813

152 599 749 702 Inplenturque
781 622 1026 700 super
1057 620 1409 698 puppes;
1465 596 1841 674 semiusta
1873 594 2351 673 madescunt

151 704 528 796 Robora;
583 703 1004 778 restinctus
1036 698 1298 776 done'c
1337 723 1589 800 vapor
1632 702 1933 796 omniS,
1990 712 2072 777 et
2115 724 2425 798 omneS,

154 814 527 904 Quatuor
557 807 892 903 amissi5‚
938 818 1289 881 servatae
1321 829 1363 880 a
1398 816 1627 904 peste
1656 807 1985 884 carinae.

262 916 366 988 At
395 923 623 1012 pater
651 916 959 987 Aeneas
978 970 998 1005 ,
1056 931 1237 984 casu
1267 931 1696 984 concussus
1725 908 2041 1002 acerbo,

153 1021 391 1094 Nunc
421 1014 580 1090 huc
610 1013 983 1112 ingentis,
1038 1036 1254 1088 nunc
1285 1011 1474 1088 illuc
1510 1024 1840 1111 pectore
1867 1036 2091 1088 curas

155 1118 517 1197 Mutabat
545 1142 900 1195 versans:
954 1115 1338 1191 Siculisne
1370 1113 1762 1192 resideret
1785 1117 2022 1219 arviS,¹

160 1221 485 1300 Oblitus
515 1218 904 1315 fatorum,
956 1219 1295 1296 Italasne
1326 1232 1774 1319 capesseret
1809 1243 2005 1299 oraS.

161 1331 378 1401 Tum
406 1324 680 1400 'senior
706 1330 1038 1420 Nautes,
1087 1347 1345 1399 unum
1375 1324 1733 1399 Tritonia
1766 1323 2021 1400 Pallas

161 1433 433 1523 Quem
455 1427 763 1526 docuit,
799 1427 1216 1529 multaque
1234 1425 1639 1525 insignem
1664 1426 2022 1503 reddidit
2049 1435 2240 1514 arte,
2269 1428 2424 1503 705

159 1536 378 1608 Haec
408 1556 791 1635 responsa
835 1530 1103 1628 dabat,
1155 1529 1284 1608 vel
1314 1556 1517 1634 quae
1548 1530 2081 1634 portenderet
2105 1528 2219 1604 ira

2271 917 2426 988 700

303 1722 411 1779 697
450 1725 824 1808 Impleturque
851 1723 1016 1781 wall.
1084 1723 1445 1794 Implevieque
1469 1724 1575 1777 duo
1599 1726 1773 1778 Burm.
1841 1727 2105 1779 eemiusta
2147 1721 2328 1774 Heius.
2371 1730 2426 1772 et

160 1792 254 1846 hic
281 1794 565 1863 praetulit3
603 1805 659 1846 et
687 1813 765 1847 sie
792 1795 983 1847 Medic.
1008 1793 1220 1863 aliique.
1242 1793 1348 1846 vid.
1379 1811 1496 1860 sup.
1527 1795 1598 1847 ad
1636 1798 1726 1858 111,
1769 1796 1890 1851 578.
2029 1796 2136 1850 700
2181 1797 2258 1844 Et
2305 1792 2426 1842 Me-

160 1863 269 1916 dic.
302 1873 361 1914 et
384 1865 515 1929 Βοὴ.
551 1864 668 1931 (sed
700 1877 761 1917 ae
802 1884 834 1916 a
856 1883 926 1917 m.
966 1882 1072 1916 sec.
1114 1863 1308 1915 Medic.
1364 1863 1508 1932 Wr.)
1657 1867 1764 1920 702
1813 1862 2068 1917 Moeabae
2104 1863 2216 1916 dna
2256 1863 2425 1913 Burm

158 1933 255 1985 hic
299 1943 362 1984 ut
409 1932 553 1985 alibi.
590 1951 640 1985 v.
677 1935 766 1997 111,
809 1936 933 1991 581.
1003 1936 1222 1985 iactans
1261 1942 1387 1985 tert.
1424 1934 1679 1988 Rotteud.
1749 1933 1951 1986 dubius
1990 1933 2158 1985 codex
2201 1930 2427 1984 Pierian.

157 2002 388 2072 propius
424 2002 493 2054 ad
535 2002 803 2071 vulgarem
846 2002 1121 2055 rationem.
1194 2021 1389 2054 versas
1428 2002 1593 2055 Goth.
1636 2015 1752 2056 tert.
1824 2003 2026 2056 Siculis
2061 2001 2330 2055 resideret
2366 2003 2427 2052 in

158 2074 323 2125 arvis
361 2072 447 2123 ed.
495 2074 629 2124 Ven.
701 2074 945 2124 Ceterum
993 2071 1385 2124 distinctionem
1427 2072 1567 2124 inter
1614 2071 1901 2136 Mutabae,
1951 2090 2188 2124 versans
2224 2068 2427 2132 sustuli,

155 2159 231 2193 ne
266 2140 338 2192 ad
380 2140 670 2193 orationem
712 2143 1010 2213 pedestrem
1051 2160 1138 2193 res
1183 2140 1400 2195 rediret.
1485 2141 1744 2194 Mueabat
1788 2159 2023 2194 versans
2064 2151 2145 2193 est
2187 2139 2427 2209 pleniore

158 2228 261 2262 ore
302 2227 405 2277 pro
445 2210 720 2263 versabat.
858 2213 965 2267 703
1011 2213 1248 2263 Itali-sne
1289 2214 1419 2279 Reg.
1491 2213 1742 2264 Italasne
1785 2216 1964 2282 Sprot.
2032 2211 2139 2263 Sed
2177 2210 2430 2262 Italasne

154 2297 265 2352 pro
293 2297 370 2331 an
393 2282 440 2330 Ι.
472 2280 710 2333 studiose
737 2280 896 2343 dixit3
935 2290 994 2332 ut
1023 2284 1061 2345 1,
1091 2282 1196 2335 308
1219 2281 1534 2333 hominesne
1554 2280 1807 2352 seraene.
1876 2293 2184 2351 capesceret
2228 2279 2430 2348 aliquot

154 2368 251 2418 ap.
278 2350 556 2401 Burmann.
644 2364 853 2403 σει-ενοι
872 2353 1008 2405 Ven.
1144 2352 1253 2405 704
1290 2355 1417 2403 Cam
1439 2350 1642 2419 aliquot
1666 2362 1719 2402 et
1743 2351 1832 2403 hic
1860 2370 1947 2419 ap.
1972 2350 2154 2402 Heius.
2223 2351 2432 2402 Nautis

155 2417 307 2471 Gud.
377 2432 535 2469 vates
628 2419 742 2472 oth.
781 2430 905 2473 tert.
1042 2421 1147 2476 706
1198 2422 1355 2472 Haec
1397 2440 1441 2473 r.
1484 2417 1670 2472 dabat.
1738 2420 2020 2472 salebrosa
2066 2419 2272 2481 oratio,
2337 2435 2431 2469 se-

154 2496 364 2558 quente
388 2486 628 2558 inprimis
656 2491 823 2560 Isque
846 2491 937 2543 121·ae
958 2494 1028 2543 A.
1075 2489 1287 2542 Malim:
1325 2492 1433 2543 Hic
1478 2489 1719 2557 (Nautes)
1755 2507 2022 2570 responsa
2057 2487 2257 2555 dabat,
2301 2488 2430 2541 dare

155 2556 411 2622 solebat,
444 2575 604 2626 super
642 2558 740 2622 iis,
789 2578 932 2629 quae
971 2561 1067 2611 vel
1088 2589 1153 2597 —
1179 2561 1285 2612 vel.
1355 2563 1523 2630 Isque
1551 2590 1616 2598 —
1643 2570 1699 2611 nt
1735 2558 2010 2627 iungatur:
2070 2563 2206 2611 Tum
2246 2561 2432 2611 senior

155 2627 390 2682 Nautes
424 2628 576 2692 infit:
624 2629 721 2679 sed
763 2627 1041 2681 interiecta
1077 2628 1181 2681 alia
1223 2629 1458 2694 ratione,
1515 2632 1715 2699 Isque,
1762 2629 1812 2679 Is
1854 2630 2090 2698 inquam,
2141 2628 2433 2680 subiectum

157 2706 269 2750 est.
343 2697 422 2746 lta
470 2696 626 2748 facile
681 2715 859 2749 careas
912 2698 1261 2766 interpretum
1305 2699 1544 2768 argutiis.
1615 2700 1682 2749 Et
1740 2709 1819 2749 est
1874 2699 1965 2750 hie
2011 2696 2064 2748 in
2114 2715 2200 2766 qu.
2238 2700 2431 2749 Moret.

155 2764 600 2820 Emendationem
623 2776 854 2819 nostram
884 2766 939 2819 in
964 2778 1266 2821 contextum
1288 2768 1493 2838 recepit
1516 2768 1737 2820 Brunck.
1777 2770 1907 2836 (Hie
1931 2767 1977 2818 si
2004 2766 2274 2818 scribimus
2293 2766 2349 2817 h.
2375 2766 2432 2829 1..

158 2834 433 2906 generalis
485 2834 664 2887 existit
715 2837 1005 2904 sententia,
1069 2837 1311 2907 peritiam
1353 2838 1677 2891 vaticinandi
1715 2847 1935 2894 testans.
2001 2836 2109 2889 Sed
2145 2846 2254 2889 tum
2295 2836 2432 2889 cirea

164 2998 260 3055 sis
296 2996 523 3052 auseris
551 2993 926 3075 pro'nimbis,
971 3016 1122 3074 quos
1149 3016 1263 3055 au-
1343 2995 1580 3056 Nautae
1628 3014 1880 3076 persona
1945 2995 2201 3074 utitur,
2262 2995 2434 3054 cuius

98 3131 107 3142 .
160 3080 281 3141 stri
325 3088 539 3158 agunt:
610 3079 728 3140 hoc
778 3081 968 3141 imbre
1011 3084 1266 3161 desuper

157 3165 505 3245 implentur
536 3185 734 3226 naves.

258 3256 408 3316 701.
436 3256 582 3316 702.
625 3252 836 3312 Versat
863 3272 1069 3327 curaa;
1112 3272 1265 3331 quae

162 3347 378 3399 autem
420 3349 772 3413 versantur,
828 3339 962 3398 loco
1007 3358 1264 3398 moven-

160 3435 280 3485 tur
327 3431 390 3481 et
440 3433 784 3498 mutantur3
852 3423 997 3484 hinc
1045 3424 1264 3502 exqui-

164 3511 319 3583 site,
373 3529 616 3568 versans
658 3510 956 3568 mutabat.
1035 3510 1265 3570 Home-

162 3595 373 3657 ricum
402 3588 680 3674 διάνδιχα
709 3590 1051 3677 μερμήριξε.
1119 3595 1266 3656 Mox

166 3691 506 3759 capesseret
547 3681 621 3739 de
650 3682 896 3741 consilio
929 3702 999 3742 ac
1022 3693 1264 3742 conatu.

260 3763 390 3829 704
410 3801 489 3812 —-·
507 3769 651 3830 708.
674 3766 873 3846 Magni
901 3777 1113 3847 poetae
1135 3768 1266 3829 vim

170 3860 239 3911 et
264 3850 530 3910 indolem
563 3871 811 3930 agnosce
838 3854 901 3913 in
937 3853 1073 3930 hoc,
1099 3854 1265 3932 quod

167 3955 344 4012 rems
406 3956 588 4014 quam
648 3938 868 4000 saetam
911 3940 1062 4000 alius
1102 3939 1264 3999 nude

172 4022 307 4082 sine
351 4023 708 4082 auctoritate
762 4035 825 4085 et
884 4026 1266 4106 apparatione

173 4107 582 4188 exposuisset,
627 4130 661 4167 a
700 4111 948 4171 consilio
998 4111 1269 4192 pruden-

172 4195 256 4254 tis
284 4193 541 4253 alicuius
563 4195 736 4256 amici
771 4197 1063 4278 proficisci
1094 4206 1156 4257 et
1193 4197 1269 4256 ab

171 4277 477 4340 Anchisae
531 4280 748 4342 umbra
817 4303 923 4363 per
991 4303 1269 4344 somnum

175 4365 387 4426 oblata
437 4364 670 4426 Aeneae
727 4368 1048 4449 approbari
1092 4370 1272 4447 facit;

174 4450 372 4512 multo
421 4470 570 4513 vero
616 4454 798 4536 magis
838 4454 903 4515 in
945 4474 1048 4534 eo,
1105 4455 1273 4537 quod

1347 3100 1568 3142 nomen
1599 3102 1721 3141 non
1758 3082 2082 3142 obscurum
2131 3082 2292 3141 inter
2331 3100 2435 3140 eos

1350 3168 1643 3228 Troianos
1666 3168 1823 3242 fuit,
1870 3189 1902 3226 a
1947 3168 2164 3245 quibus
2206 3168 2434 3226 Roma-

1349 3273 1463 3314 nae
1488 3264 1692 3333 gentes
1733 3254 2018 3332 originem
2062 3253 2434 3333 repetebant.

1348 3340 1492 3400 Fuit
1539 3341 1696 3398 enim
1757 3340 1973 3400 Nautia
2029 3359 2170 3419 gens
2202 3384 2218 3414 ,
2271 3338 2436 3419 apud

1349 3445 1529 3503 quam
1560 3425 1811 3485 Palladii
1851 3447 1997 3486 cura
2046 3434 2436 3502 remanserat,

1350 3520 1554 3572 ortum
1621 3511 1848 3572 ducens
1912 3533 1946 3570 a
2019 3513 2213 3572 Naute
2240 3556 2259 3590 ,
2337 3511 2438 3573 vel

1347 3597 1605 3674 Nautio,
1668 3600 1772 3675 qui
1820 3597 2123 3659 Minervae
2181 3598 2439 3659 Poliadia

1346 3683 1627 3743 sacerdos
1652 3683 1982 3743 Palladium
2010 3705 2211 3745 secum
2257 3685 2437 3744 Troia

1350 3770 1724 3848 absportasse
1821 3772 2207 3831 narrabatur.
2322 3772 2439 3829 Res

1353 3866 1498 3915 nota
1541 3874 1618 3913 ex
1658 3856 1900 3936 Dionys.
1949 3857 2140 3918 Halic.
2200 3857 2297 3932 VI,
2354 3859 2437 3922 69
2489 3915 2506 3942 Ι

1356 3939 1439 4021 (p.
1485 3939 1669 4022 393),
1726 3953 1791 4002 et
1833 3943 2046 4003 Servio
2119 3943 2196 4001 ad
2260 3941 2322 4001 h.
2375 3941 2437 4015 1.,

1352 4026 1457 4105 qui
1488 4026 1773 4087 Varronis
1814 4029 1889 4088 de
1917 4029 2189 4089 'Familiis
2224 4026 2439 4087 Troia-

1352 4113 1449 4173 nis
1476 4112 1663 4173 libros
1695 4114 1941 4175 excitat.
2030 4116 2187 4175 Hinc
2210 4113 2441 4173 Pallae

1353 4200 1610 4259 Nautem
1663 4198 1723 4259 h.
1772 4201 1812 4260 1.
1847 4202 2085 4275 docuit,
2139 4208 2211 4259 ut
2267 4217 2442 4280 saepe

1356 4284 1521 4365 apud
1535 4285 1871 4346 Homerum
1901 4307 1935 4344 a
1971 4286 2082 4346 diis
2112 4294 2269 4345 artes
2292 4285 2443 4345 edo-

1356 4372 1439 4431 cti
1493 4371 1890 4433 inducuntur.
1975 4393 2165 4432 unum
2190 4417 2206 4447 ,
2274 4370 2442 4448 quod

1352 4457 1590 4540 plenius
1644 4457 1931 4518 effertur-z
2003 4475 2184 4537 quem
2250 4477 2444 4520 unum
