2882 5028
505 416 1113 493 AENEmos
1175 418 1384 495 Lm.
1425 420 1574 515 vl,
1609 421 2045 500 258—272
2133 535 2138 539 ,

2256 430 2405 505 891

121 621 125 625 ’
160 604 285 680 Sit
313 602 511 678 mihi
550 601 667 678 fas
699 603 961 679 audita
994 603 1254 705 loqui3
1310 606 1428 702 sit,
1480 607 1812 682 numine
1848 619 2136 706 vestm,

156 706 530 785 Pandere
560 702 691 782 res
717 705 864 782 alta
896 720 1105 784 terra
1142 722 1224 785 et
1255 709 1582 807 caligine
1623 734 1944 788 mersaS.

264 809 502 887 Ibant
528 810 845 886 obscuri
870 811 1048 887 sola
1080 812 1228 887 sub
1257 827 1495 889 nocte
1529 837 1677 915 per
1703 814 2101 910 umbram,

156 920 482 1014 Perque
515 914 806 991 domos
837 915 1036 992 Ditis
1063 940 1378 1014 vacuaS,
1435 931 1514 994 et
1547 918 1804 993 inania
1836 940 2101 1015 regna.

160 1017 421 1113 Quale
449 1043 598 1118 per
624 1020 1006 1094 incertam
1032 1023 1342 1095 Lunam
1385 1020 1533 1096 sub
1562 1020 1738 1097 luce
1769 1019 2112 1118 maligna

2257 1030 2420 1104 270

154 1125 306 1198 Est
348 1121 499 1196 iter
529 1122 609 1196 in
638 1122 876 1201 silvis:
931 1122 1071 1198 ubi
1110 1123 1424 1199 coelum
1466 1124 1827 1200 condidit
1854 1123 2143 1201 umbra
2178 1145 2181 1149 “

155 1225 560 1326 Iuppiter,
617 1238 696 1303 et
719 1226 961 1302 rebus
993 1251 1150 1316 nox
1184 1227 1502 1304 abstulit
1531 1242 1695 1306 atra
1731 1227 2109 1307 colorem.

158 1416 424 1480 ailemia,
473 1433 535 1467 ex
570 1416 828 1469 communi
862 1435 985 1480 uam
1035 1401 1180 1488 quod
1215 1430 1269 1471 et
1312 1419 1524 1472 Servius
1574 1420 1965 1490 interpretatur.

2014 1420 2216 1490 (potest
2263 1418 2422 1470 etiam

161 1503 232 1540 ex
266 1503 578 1555 praegresso
615 1487 839 1539 silentes
873 1497 1042 1538 ortum
1079 1506 1195 1541 ene
1228 1498 1322 1541 aut
1356 1489 1613 1541 adscitum
1649 1507 1713 1541 ex
1746 1491 1846 1553 IX,
1883 1492 2028 1544 19o.:
2079 1488 2279 1554 „silent
2311 1487 2421 1539 late

157 1555 337 1607 loca.“

408 1557 562 1607 Certe
596 1556 729 1608 haec
759 1556 973 1608 iteratio
1010 1557 1215 1610 vitiosa.
1283 1558 1522 1610 Ceterum
1556 1559 1778 1610 silentia
1812 1559 1980 1611 Palat.
2015 1568 2071 1610 et
2108 1558 2164 1609 in
2185 1557 2422 1625 margine

158 1624 399 1677 Medieei
436 1625 784 1695 adscriptum,
821 1643 883 1676 ex
926 1627 1110 1679 Servio
1144 1629 1390 1679 fortasse.
1431 1628 1579 1696 Wr.)
1615 1628 1700 1680 ed.
1735 1631 1870 1682 Ven.
1905 1629 2029 1681 loca
2061 1639 2214 1679 muta
2246 1627 2422 1679 silen-

161 1696 266 1745 tia.

161 1763 331 1815 abeat-
354 1783 385 1815 a
418 1763 578 1817 Witt.

396 1685 511 1749 Ι267
547 1695 698 1746 aleae
741 1695 933 1747 Medic.
982 1714 1013 1748 a
1061 1716 1129 1749 m.
1177 1716 1258 1764 pr.
1305 1698 1390 1749 ed.
1435 1699 1571 1751 Ven.
1615 1715 1731 1750 cum
1775 1698 1979 1767 aliquot
2027 1696 2298 1749 Pieriauia.
2367 1707 2424 1747 ee

717 1766 821 1819 268
858 1762 1090 1817 obseura
1122 1768 1232 1818 soli
1277 1767 1414 1818 Gud.
1452 1785 1483 1818 a
1517 1785 1584 1821 m.
1632 1785 1739 1836 pn,
1786 1778 1844 1819 ut
1890 1767 2100 1835 quidam
2150 1784 2236 1833 ap.
2282 1764 2422 1816 Pier.

160 1849 305 1901 quae
340 1833 568 1916 vulgaria
602 1843 745 1885 eaaet
776 1834 932 1885 ratio.
1001 1834 1230 1888 obseura
1263 1836 1385 1888 sola
1419 1836 1584 1888 Goth.
1620 1836 1773 1888 alter.

1835 1855 1942 1907 per
1975 1835 2216 1887 umbram
2240 1834 2423 1886 Heius.

164 1920 199 1953 e
237 1902 542 1955 melioribus
574 1903 685 1956 auis
719 1913 775 1955 et
808 1902 944 1955 Pier.
980 1904 1080 1966 (ita
1115 1905 1273 1956 etiam
1306 1906 1493 1973 fragm.
1539 1907 1664 1958 Vat-
1713 1915 1769 1957 et
1821 1909 1904 1960 11.
1955 1909 2039 1961 12.
2087 1905 2193 1957 vid.
2238 1907 2304 1968 Q.
2353 1904 2423 1955 V.

160 1972 334 2035 vnn,
366 1974 420 2036 3,
454 1974 571 2038 vn,
605 1974 659 2024 b.
704 1973 845 2038 Wr.)
915 1974 1089 2041 Vulgo
1123 1994 1225 2044 per·
1258 1974 1492 2026 umbras.
1531 1975 1628 2042 (ita
1661 1975 1822 2027 Palat-
1881 2004 1950 2015 ·-
1983 1976 2106 2030 269.
2143 1974 2338 2026 domus
2369 1973 2422 2027 3.

160 2042 221 2095 8.
257 2040 364 2092 vid.
402 2045 468 2095 V.
503 2043 563 2094 L.
598 2042 669 2094 ad
704 2044 800 2096 Ge.
832 2045 872 2104 1,
910 2044 1029 2098 182.
1070 2043 1215 2111 Wr.)

1351 2046 1460 2098 270
1503 2046 1766 2096 incertam
1813 2048 2028 2096 Lunam
2080 2053 2136 2095 et
2181 2042 2322 2094 ratio
2369 2051 2425 2093 et

162 2109 399 2179 optimus
462 2112 680 2180 quiaque
746 2112 900 2164 codd.
960 2113 1217 2180 agnoscit.
1295 2113 1399 2164 Alii
1460 2123 1636 2164 tamen
1698 2131 1784 2181 ap.
1829 2113 1968 2165 Pier.
2023 2122 2078 2164 et
2129 2112 2312 2163 Heius.
2363 2129 2426 2164 ac

161 2180 344 2230 Burm.
378 2182 713 2254 incoeptam,
760 2181 904 2250 quod
952 2192 1007 2233 et
1038 2182 1246 2234 Servius
1283 2185 1550 2251 agnoscit,
1600 2193 1683 2250 et,
1733 2183 1878 2252 qnod
1924 2182 2110 2243 mirum
2161 2193 2274 2249 est,
2318 2197 2426 2233 non

160 2249 456 2318 improbat.

161 2389 426 2454 horrore
458 2391 721 2470 quodam
769 2413 939 2453 sacro
979 2393 1260 2455 imbuen-

166 2477 286 2538 dos
319 2478 520 2538 subita
542 2477 692 2539 haee
732 2478 985 2540 deorum
1031 2480 1260 2541 infero·-

162 2583 313 2626 rum
367 2573 429 2623 et
474 2565 743 2625 Manium
784 2566 1138 2645 appellatio,
1189 2574 1262 2626 ut

136 2658 338 2711 ,recte
362 2650 437 2708 ab
461 2651 725 2732 Interpp.
752 2661 1047 2712 notatum.
1103 2655 1258 2711 Sane

163 2743 354 2816 poeta
379 2780 397 2811 ,
457 2737 623 2813 quod
664 2738 885 2815 alioqui
926 2736 1257 2816 reprehen-

162 2820 401 2881 sionem
450 2820 634 2882 babet
655 2868 672 2898 ‚
742 2843 906 2882 nunc
956 2825 1151 2902 ipsum
1198 2842 1259 2881 se

163 2905 387 2988 prodit
414 2916 475 2966 et
502 2908 876 2969 audientium
919 2910 1146 2967 animoa
1196 2909 1260 2967 in

164 3012 240 3054 ae
296 2995 640 3054 convertit:
714 2996 824 3054 etsi
899 2996 1024 3053 eiua
1092 2995 1259 3053 nulla

168 3079 425 3138 omnino
453 3081 791 3141 recordatio
821 3080 886 3140 iu
915 3081 1261 3140 narratione

166 3185 306 3225 ease
334 3165 615 3242 debebat,
659 3168 879 3247 quippe
923 3187 1040 3244 qua
1088 3186 1260 3226 error

165 3252 277 3312 ille
308 3252 708 3330 gratissimus,
752 3274 872 3331 quo
897 3252 1036 3332 ipsis
1062 3253 1261 3330 rebuS,

169 3355 335 3416 quae
389 3349 687 3416 aguntur,
747 3341 1032 3400 interesse
1081 3340 1263 3399 volu-

167 3443 335 3498 muS,
377 3445 501 3484 non
534 3426 744 3485 audire
773 3446 869 3484 res
898 3434 1092 3503 gestas
1116 3444 1264 3483 nar-

168 3518 325 3573 ratu
382 3520 595 3588 poetae
622 3557 639 3589 ‚
712 3512 968 3571 tollitur.
1058 3510 1267 3570 Enim-

167 3615 329 3654 vero
371 3595 620 3657 Homeri
657 3615 893 3676 quoque
936 3595 1159 3656 iudicio
1207 3604 1270 3655 et

169 3681 454 3761 exemplo
510 3684 575 3742 in
642 3682 1012 3743 memorabili
1069 3682 1269 3759 aliquo

168 3787 388 3831 rerum
414 3770 670 3829 articulo
701 3767 1142 3829 invocationem
1174 3769 1270 3827 sa-

172 3854 269 3914 cit
321 3864 518 3932 poeta.
612 3855 709 3914 Ad
770 3855 1129 3915 sententiam
1193 3853 1271 3912 cf.

173 3943 388 4000 Senec.
443 3940 622 4001 Herc.
675 3942 791 4001 fur.
851 3943 978 4005 658
1008 3977 1086 3985 —
1123 3944 1266 4006 66¹.

174 4027 468 4087 ceterum
512 4027 576 4085 in
624 4027 922 4086 Servianis
976 4025 1054 4083 ad
1104 4025 1168 4084 h.
1207 4045 1268 4084 v.

176 4113 321 4191 „Ex
356 4112 582 4173 maiore
626 4122 827 4172 autem
868 4121 1041 4192 parte
1064 4114 1270 4191 Syro-

178 4218 399 4276 „nem,
443 4199 507 4257 id
540 4207 657 4276 eat,
703 4199 1055 4277 magistrum
1095 4217 1272 4257 suum

176 4285 617 4365 „Epicureum,
651 4287 974 4363 aequitur“
1022 4280 1125 4363 (cs.
1150 4284 1274 4343 Do-

173 4381 310 4432 nat.
338 4372 460 4432 Vit.
504 4371 660 4448 Virg.
700 4368 764 4451 5.
802 4370 932 4453 79).
1025 4370 1276 4430 Indocte

1345 2394 1419 2452 ab
1472 2392 1567 2454 his
1612 2394 1848 2454 sabulis.
1904 2394 1978 2453 ef.
2034 2395 2272 2454 Lueret.
2326 2392 2428 2468 111,

1343 2480 1465 2545 951
1511 2499 1638 2559 sqq.
1732 2480 1931 2540 Chaos
1980 2480 2132 2540 bene
2172 2480 2428 2539 invoca-

1342 2574 1480 2642 tur,
1525 2585 1602 2625 ex
1642 2587 1763 2644 quo
1800 2566 1938 2624 Nox
1979 2575 2122 2627 nata
2172 2576 2234 2624 et
2273 2566 2428 2625 Ere-

1342 2652 1474 2711 bus.
1575 2651 1952 2730 Phlegethon
2010 2651 2253 2711 omnino
2317 2670 2428 2730 pro

1341 2736 1489 2797 locis
1530 2737 1767 2814 inferia,
1829 2739 1937 2796 aed
1999 2736 2078 2796 ad
2134 2746 2430 2796 terrorem

1342 2823 1689 2882 nominatus
1756 2842 1901 2903 prae
1966 2821 2196 2883 ceteris.
2274 2821 2429 2881 conf.

1342 2909 1447 2968 inf.
1474 2909 1600 2974 550
1630 2928 1757 2986 sqq.
1843 2909 1937 2967 Sit
1964 2909 2208 2967 numine
2245 2929 2307 2966 ν.
2345 2927 2423 2984 p.

1341 2994 1522 3054 liceat
1616 3014 1752 3074 per·
1808 3012 2060 3052 numen2
2119 3001 2432 3068 vestrum3

1343 3088 1639 3158 quantum
1684 3079 1762 3138 ad
1803 3100 1914 3139 vos
1964 3079 2214 3156 attinet,
2269 3076 2333 3138 h.
2379 3095 2432 3137 e.

1344 3186 1483 3225 cum
1507 3166 1681 3225 venia
1712 3175 1933 3226 vestra.
2251 3176 2258 3180 “

1432 3341 1559 3402 268
1593 3369 1678 3385 -
1710 3340 1855 3400 272.
1913 3333 2147 3394 obscuri
2196 3330 2434 3413 poetico

1350 3433 1572 3483 ornatu
1609 3423 1969 3482 translatum
2010 3418 2317 3501 epitheton
2359 3419 2436 3478 ab

1350 3509 1568 3570 umbra
1599 3508 1698 3569 vel
1730 3516 1940 3585 nocte;
1983 3515 2043 3565 et
2071 3514 2294 3565 ornant
2320 3503 2437 3564 ad-

1350 3596 1541 3655 iecta:
1604 3594 1711 3653 sub
1762 3605 1929 3652 nocte
1949 3637 1968 3670 ,
2038 3593 2104 3652 in
2155 3592 2437 3667 tenebris,

1355 3690 1417 3740 et
1445 3702 1557 3759 per
1598 3680 1875 3739 umbram
1893 3723 1912 3756 ,
1976 3688 2039 3738 et
2093 3680 2209 3739 soli
2248 3678 2439 3753 ibant,

1352 3765 1519 3828 unde
1550 3766 1681 3825 sola
1722 3778 1907 3828 nocte.
1995 3765 2203 3825 domo-⁹
2245 3762 2440 3841 simPl.

1354 3874 1468 3934 pro
1505 3852 1667 3912 locis.
1765 3856 1911 3915 270.
1968 3855 2257 3910 incertam
2297 3851 2440 3908 Lu-

1351 3960 1533 4013 nam,
1599 3936 1809 3997 nubilo
1864 3937 2058 4013 caelo,
2115 3935 2279 3995 unde
2332 3934 2442 3993 lux

1352 4026 1670 4105 maligna,
1717 4043 1930 4103 parca,
1966 4022 2201 4083 infirma
2236 4041 2308 4079 ac
2345 4028 2444 4078 te-

1356 4110 1525 4188 nui83
1566 4118 1637 4169 ut
1665 4119 1879 4170 eontra
1918 4108 2210 4186 benignus
2248 4106 2444 4165 inter-

1358 4196 1505 4257 dum
1558 4203 1648 4254 est
1700 4197 1900 4275 largus
1928 4238 1945 4270 ,
1999 4193 2246 4252 multus.
2347 4190 2445 4250 sic

1357 4286 1565 4343 incerti
1595 4283 1748 4342 solea
1793 4301 1924 4359 sup.
1963 4279 2063 4355 111,
2107 4281 2253 4342 203.
2298 4276 2444 4343 204.

1361 4363 1547 4447 uitam
1585 4368 1791 4444 σκοτίη
1816 4363 1982 4445 apud
2023 4362 2301 4443 Apollon.
2321 4419 2324 4422 ,
2344 4363 2446 4439 lv,

171 4457 318 4518 hoe.
407 4457 557 4516 Nam
601 4457 879 4537 Epicurei
936 4454 1278 4517 alienissimi
1363 4458 1549 4521 1697.
1580 4451 1720 4516 add.
1751 4450 1946 4528 cerda
1974 4460 2035 4510 et
2065 4450 2271 4510 Burm.
