2882 5028
641 287 782 362 m:
840 284 1308 362 GARMmE
1356 284 1674 363 Emco
1731 285 2105 364 vmclL.
2391 250 2498 365 ‘15

222 495 502 548 rerum
582 470 987 547 miraculis
1045 472 1462 570 gignendis
1527 471 1862 565 idonea,
1947 485 2071 547 tot
2134 469 2496 548 fabulose

223 588 534 651 narrata
583 573 897 651 referre
950 589 1225 677 posset
1282 574 1705 654 Homerus
1771 577 2170 679 ¹Primum
2221 587 2397 650 tum
2453 601 2495 652 a

222 678 551 757 Graecis
594 680 993 777 navigatio
1029 679 1234 755 ultra
1267 679 1614 755 Siciliam
1665 678 2156 800 frequentari
2206 679 2494 779 coepit,

220 809 415 859 cum
447 782 550 857 ad
589 782 787 858 illud
822 795 1144 883 tempus
1178 782 1625 859 Phoenices
1657 782 1781 857 illa
1822 784 2066 858 maria
2097 795 2492 877 tenerent,

220 887 372 962 nisi
404 886 635 986 quod
690 911 734 961 e
772 889 1008 963 Creta
1053 884 1379 988 aliisque
1433 884 1646 961 forte
1692 885 1962 963 insulis
2012 911 2308 986 paucae
2356 910 2494 962 na-

217 1015 364 1067 ves
387 989 745 1065 Siciliam
782 987 1127 1066 adibant.

436 1099 779 1170 Error-es
842 1093 970 1167 isti
1030 1100 1334 1169 heroum
1393 1096 1493 1168 ab
1547 1095 1694 1168 1150
1746 1099 2206 1168 redeuntium
2265 1093 2493 1167 variis

222 1202 729 1275 Graecorum
789 1203 1242 1273 carminibus
1308 1203 1573 1296 epicis,
1639 1194 1925 1276 Νόστοι
1990 1221 2080 1271 ea
2124 1196 2492 1296 inscripta

223 1314 484 1396 erant,
518 1301 939 1377 materiam
975 1313 1055 1375 et
1082 1313 1643 1397 argumentum
1673 1298 2243 1399 praebuerant,
2290 1324 2492 1401 quae

221 1406 287 1479 si
324 1404 430 1479 ad
480 1417 856 1505 tempora
901 1417 1174 1480 nostra
1215 1404 1798 1504 pervenissent,
1851 1401 2075 1504 plura
2101 1401 2313 1478 forte
2357 1427 2494 1479 ve-

225 1509 451 1606 stigia
482 1508 567 1582 in
608 1508 702 1583 iis
735 1506 1577 1607 deprehenderemus,
1638 1504 1925 1606 quibus
1959 1504 2391 1604 Virgilius
2370 1531 2493 1581 m-

226 1614 575 1703 stiterat3
644 1610 1310 1712 quandoquidem
1359 1610 1443 1684 in
1495 1608 1728 1685 simili
1784 1623 2257 1707 argumento
2309 1634 2492 1686 cum

229 1716 320 1791 iis
386 1715 871 1792 versabatur.
980 1714 1145 1789 Sed
1190 1713 1524 1790 eaedem
1574 1712 1947 1789 historiae
1994 1737 2138 1788 seu
2178 1711 2490 1789 fabulae

228 1817 336 1894 de
386 1818 879 1894 Achivorum
923 1818 1189 1894 reditu
1233 1806 1570 1915 magnae
1620 1824 2197 1918 tragoediarum
2246 1824 2492 1895 Grae-

225 1951 503 1999 carum
540 1922 746 2023 parti
792 1923 1210 1997 materiam
1250 1919 1785 2016 subiecerant,
1857 1933 1948 1997 ut
1992 1921 2351 2021 inprimis
2400 1946 2490 1998 ex

221 2025 619 2126 Euripide
647 2038 1011 2126 apparet,
1066 2037 1147 2101 et
1167 2024 1428 2101 multo
1460 2025 1708 2122 magis
1741 2048 1833 2099 ex
1868 2038 1992 2109 tot
2033 2023 2490 2125 deperdita-

222 2154 415 2206 rum
464 2128 712 2204 titulis
752 2129 1231 2250 intelligitur.
1334 2131 1451 2203 Ex
1487 2132 1978 2204 Graecorum
2025 2141 2293 2204 autem
2340 2141 2491 2203 tra-

221 2232 581 2332 goediis,
633 2233 996 2332 inprimis
1024 2231 1451 2332 Euripidis,
1505 2232 1841 2306 omnino
1876 2245 2199 2333 poetam
2244 2231 2490 2333 pluri-

221 2361 466 2412 mum
498 2333 933 2437 profecisse
963 2360 1056 2412 ex
1095 2337 1347 2437 iisque
1383 2335 1764 2410 orationis
1801 2360 1991 2412 suae
2025 2335 2489 2434 dignitatem

221 2441 528 2542 passim
575 2452 658 2517 et
699 2442 1230 2536 maiestatem,
1310 2439 1883 2514 sententiarum
1936 2463 2264 2541 quoque
2309 2464 2492 2517 acu-

220 2568 464 2640 men,
514 2544 1080 2642 granditatem,
1136 2543 1484 2645 pondus,
1536 2542 1942 2622 interdum
1977 2547 2271 2641 tragico
2300 2568 2492 2644 pro-

222 2649 549 2749 pius*),
613 2645 1223 2769 affectuumque
1279 2647 1742 2769 gravitatem
1787 2647 2197 2745 tragicam,
2270 2661 2363 2723 ut
2407 2650 2490 2724 in

222 2757 558 2847 Amata,
610 2751 693 2825 in
725 2751 1086 2846 Didone,
1137 2752 1220 2826 in
1248 2749 1631 2848 Pallante,
1683 2750 1765 2824 in
1792 2751 1984 2827 Niso
2016 2763 2098 2826 et
2124 2751 2490 2849 EuryaIO,

232 2878 745 2955 comparasse
777 2854 1160 2977 equidem
1187 2854 1568 2956 suspicor.
1671 2858 1958 2951 Magna
2005 2877 2279 2929 earum
2311 2880 2493 2956 pars

229 2982 275 3033 a
336 2957 888 3058 superioribus
943 2959 1202 3059 poetis
1263 2956 1503 3034 latine
1563 2957 1721 3032 iam
1771 2967 1939 3034 erat
1989 2957 2300 3033 reddita
2329 2970 2491 3058 **),

230 3085 442 3163 quae
489 3086 619 3137 res
646 3075 936 3162 poetae
976 3086 1143 3139 non
1192 3086 1478 3163 parum
1507 3059 1945 3137 adiumenti
1979 3061 2080 3136 ad
2114 3063 2492 3143 orationis

231 3163 540 3242 cultum
572 3178 653 3240 et
686 3167 1000 3267 copiam
1036 3163 1329 3242 afferre
1364 3164 1661 3242 debuit.
1732 3167 2112 3243 Ceterum
2144 3165 2271 3246 his
2299 3166 2491 3245 aliis-
2613 3193 2620 3204 ⁸

231 3293 396 3370 que
434 3269 777 3345 inventis
827 3269 1286 3346 emendavit
1326 3269 1547 3365 vitia,
1599 3293 1806 3369 quae
1849 3284 2321 3367 argumento
2368 3272 2489 3347 iu-

234 3385 460 3448 erant
493 3396 844 3474 eumque
889 3372 1107 3448 haud
1153 3397 1438 3474 parum
1481 3370 1979 3473 premebant.
2083 3376 2294 3449 Loca
2333 3378 2488 3451 Ita-

233 3474 407 3571 liae,
462 3474 796 3574 Siciliae,
849 3473 1181 3572 Africae,
1233 3500 1402 3551 non
1440 3488 1667 3552 erant
1698 3476 1987 3573 ignota,
2036 3488 2127 3551 ut
2155 3477 2490 3556 Homeri

236 3593 525 3670 aetate3
578 3580 848 3702 ita-que
896 3605 1048 3655 nec
1083 3537 1403 3675 fibulis,
1462 3604 1663 3701 quae
1703 3577 2098 3656 delectare
2135 3597 2487 3681 possent,

236 3641 561 3776 idonea}
611 3683 763 3759 nisi
826 3683 911 3759 in
964 3685 1356 3761 lectorum
1399 3683 1682 3759 animis
1732 3697 2228 3760 succurreret
2288 3688 2488 3763 anti-

395 3964 450 4050 *)
493 3965 785 4048 Inprimis
828 3963 1009 4024 hoc
991 3986 1054 4025 m
1090 3965 1428 4026 novissimis
1475 3963 1757 4023 Aeneidis
1794 3963 1962 4023 libris
2004 3964 2290 4025 animadx
2275 3975 2488 4027 ertere

234 4049 392 4131 licet,
434 4055 711 4114 maxime
752 4052 818 4111 in
864 4051 1263 4125 orationibus,
1322 4062 1394 4110 ut
1422 4050 1669 4115 lunonis
1704 4050 1806 4109 lib.
1835 4050 1965 4124 vn,
2009 4054 2136 4115 292
2165 4071 2252 4131 sq.
2297 4053 2486 4112 Turni

228 4137 321 4217 IX,
367 4144 493 4206 128
523 4161 618 4220 sq.
661 4136 919 4198 veneria
945 4145 1005 4196 et
1031 4137 1272 4196 lunonis
1306 4138 1386 4211 X,
1433 4141 1512 4202 16
1542 4157 1627 4215 sq.
1673 4139 1755 4200 62
1779 4156 1864 4215 aq.
1911 4136 2155 4196 Drancis
2193 4148 2255 4198 et
2294 4138 2506 4199 Turni·

220 4225 319 4306 XI,
357 4231 488 4294 336
515 4248 612 4306 aq.
642 4228 780 4290 376
815 4242 907 4300 sq.
953 4222 1197 4282 lunonis
1223 4222 1302 4306 ad
1330 4221 1792 4298 luturnnmxll,
1839 4226 1961 4286 189
1986 4241 2074 4300 sq.

370 4330 458 4416 n)
506 4329 694 4392 cons.
727 4324 815 4387 ad
843 4324 946 4386 lib.
977 4323 1048 4386 11.
1089 4326 1340 4386 Excurs.
1365 4324 1410 4386 1.
