2882 5028
499 350 652 424 244
1010 342 1913 420 EXCURSUS
2017 345 2243 419 XIII

499 558 620 595 non
647 537 769 594 nisi
805 532 913 593 sub
950 535 1304 610 discessum,
1346 533 1531 594 modo
1580 534 1661 593 ad
1695 544 1992 595 terrorem
2039 534 2412 610 faciendum,
2461 534 2654 595 modo
2685 535 2765 593 ad

498 640 720 682 numen
749 620 1123 695 testandum,
1169 620 1408 680 mortali
1434 620 1630 680 forma
1657 631 1868 696 exuta,
1914 619 2118 680 divina
2145 622 2337 701 specie
2363 640 2600 682 numen
2626 641 2767 701 spe-

498 708 793 766 etantium
831 708 1035 767 oculos
1074 706 1490 786 praestringat.
1577 706 1786 785 Itaque
1837 705 1900 765 h.
1936 707 1980 767 l.
2028 706 2293 766 divinam
2339 707 2600 788 speciem
2642 727 2762 767 nu-

495 812 752 871 menque
784 799 983 871 arguit
1020 793 1230 872 pulcra
1295 793 1536 866 cervix,
1597 814 1767 853 coma
1802 793 2070 852 suaviter
2103 793 2367 873 spirans,
2412 793 2579 873 palla
2615 793 2759 851 deae

496 878 795 955 defluens,
845 898 982 938 cum
1028 888 1205 937 antea
1248 876 1570 937 venatricis
1607 899 1776 940 more
1814 887 1970 938 esset
2010 882 2347 956 succincta,
2386 879 2764 957 tandemque

493 964 775 1024 incessus.
862 964 1184 1025 Videamus
1210 963 1285 1022 de
1314 963 1580 1043 singulis.

667 1049 906 1109 Scilicet
940 1051 988 1110 si
1023 1051 1308 1109 abeuntes
1338 1068 1566 1109 numen
1603 1048 1986 1110 manifestum
2028 1068 2100 1108 ac
2137 1050 2475 1109 consessum
2503 1048 2765 1124 faciunt,

494 1134 673 1215 signis
712 1137 834 1194 sere
882 1146 1063 1215 atque
1108 1135 1268 1195 notis
1308 1133 1374 1195 id
1414 1134 1647 1195 faciunt
1688 1136 2107 1213 sequentibus:
2162 1135 2422 1194 Peractis
2456 1134 2767 1195 mandatis

494 1221 677 1282 modo
704 1221 1022 1282 discedunt
1050 1222 1136 1281 sic
1176 1230 1248 1281 ut
1281 1221 1362 1280 ad
1388 1222 1716 1301 Olympum
1737 1221 2026 1296 redeant,
2081 1229 2155 1281 ιιι
2195 1221 2270 1280 de
2310 1221 2611 1280 Mercurio
2659 1223 2767 1282 ιιι-

492 1309 663 1367 venis
693 1307 903 1367 faciem
930 1308 1186 1367 mentito
1217 1306 1433 1388 Odyss.
1461 1330 1519 1381 κ,
1564 1310 1708 1373 307.
1746 1310 1872 1372 808
1906 1310 2126 1386 Νῆσον
2156 1299 2263 1368 εἶν’
2304 1302 2610 1388 ὑλήεσσαν
2659 1307 2766 1366 ille

493 1393 575 1452 ad
596 1394 926 1473 Olympum
961 1393 1151 1453 redit.
1194 1393 1377 1452 modo
1403 1392 1603 1452 subito
1636 1412 1713 1451 ex
1748 1402 2076 1471 conspectu
2106 1411 2347 1467 eorum,
2391 1391 2765 1470 quibuscum

491 1479 924 1557 loquebantur,
983 1480 1373 1553 auferuntur,
1430 1488 1793 1538 evanescunt
1836 1479 1935 1539 vel
1973 1478 2239 1540 avolant.
2325 1477 2487 1537 Alias
2519 1478 2762 1537 abeun-

492 1575 616 1642 tes,
667 1565 859 1625 forma
888 1566 1186 1624 adscititia
1214 1566 1474 1640 abiecta,
1522 1563 1789 1623 divinam
1831 1563 2084 1645 speciem
2130 1584 2165 1621 a
2191 1573 2357 1643 tergo
2397 1563 2760 1624 ostendunt.

492 1651 592 1711 Sic
624 1652 840 1732 Apollo
868 1651 933 1710 in
969 1651 1161 1711 Butae
1185 1652 1438 1715 sormam
1474 1670 1828 1712 conversus:
1884 1650 2173 1710 Mortales
2201 1650 2396 1708 medio
2430 1650 2761 1728 adspaems

489 1759 752 1797 sermone
792 1739 1030 1817 reliquit
1052 1781 1069 1812 ,
1117 1739 1202 1796 Et
1231 1737 1453 1815 procul
1486 1740 1551 1795 in
1595 1749 1826 1795 tenuem
1868 1758 1942 1794 ex
1988 1736 2176 1799 oculis
2217 1739 2463 1795 evanuit
2496 1757 2751 1795 aut-«vn.

490 1823 848 1901 Adgnovem
871 1823 1052 1882 deum
1079 1843 1348 1901 procer-ea
1378 1822 1708 1902 divinaque
1741 1823 1861 1880 tela
1885 1821 2313 1897 Dardanidae,
2357 1821 2759 1900 phana-am-

489 1930 604 1987 que
624 1909 802 1987 suga
833 1929 1057 1966 sensere
1086 1919 1419 1982 conanum,
1471 1906 1621 1970 Aen.
1652 1908 1759 1982 IX,
1807 1909 1931 1972 657
1963 1927 2050 1985 sq.
2135 1905 2471 1988 Apollinem
2504 1906 2611 1966 hic
2654 1909 2757 1967 vi-

491 1991 596 2052 des
623 1994 688 2053 in
719 2013 916 2053 aerem
945 1993 1281 2071 sublatum3
1324 2013 1461 2051 cum
1494 1993 1632 2053 alibi
1658 1993 1819 2052 nube
1848 1992 1945 2052 vel
1976 1993 2233 2053 obscura
2264 1993 2509 2073 caligine
2537 1993 2758 2055 invol-

488 2087 641 2138 vant
670 2099 731 2137 se
760 2079 876 2154 dii,
923 2079 1145 2160 quippe
1187 2079 1293 2158 qui
1326 2080 1603 2155 omnino,
1646 2088 1722 2138 ut
1749 2078 1928 2138 invisi
1953 2079 2075 2139 sint
2088 2123 2105 2154 ,
2150 2079 2311 2139 nubo
2351 2099 2412 2138 se
2451 2080 2757 2158 operiant,

490 2174 672 2244 atque
698 2183 799 2224 eos
828 2184 1098 2244 quoque,
1137 2185 1289 2243 quos
1318 2164 1654 2224 subducere
1677 2164 1775 2225 vel
1813 2166 2117 2224 occultare
2142 2166 2359 2227 volunt
2376 2210 2393 2241 ‚
2440 2164 2605 2223 nube
2638 2167 2757 2226 ob-

488 2251 749 2326 ducant,
792 2259 867 2310 ut
901 2250 1076 2310 toties
1100 2251 1266 2330 apud
1297 2250 1628 2312 Homerum
1659 2250 1748 2311 fit.
1809 2250 1929 2309 Sed
1961 2250 2090 2310 aliis
2114 2251 2262 2310 locis
2290 2252 2573 2310 abeuntes
2603 2251 2761 2312 deos

489 2336 752 2396 declarat
780 2337 1041 2396 incessus
1078 2336 1227 2398 levis
1256 2357 1326 2396 ac
1366 2337 1552 2414 celer,
1598 2346 1661 2396 et
1695 2336 1929 2396 volanti
1968 2336 2207 2413 similis,
2251 2347 2325 2397 ιιι
2348 2338 2457 2397 vix
2485 2335 2759 2417 pedibus

487 2432 713 2482 terram
768 2422 1093 2501 attingant;
1174 2423 1368 2501 qualis
1427 2424 1673 2483 omnino
1732 2422 1985 2482 deorum
2043 2424 2308 2482 incessus
2351 2443 2475 2483 esse
2525 2424 2755 2499 fertur,

488 2505 627 2573 οὔτε
669 2502 873 2591 χθόνα
916 2504 1150 2591 μάρπτε
1197 2504 1525 2587 πόδεσσιν,
1567 2509 1735 2569 Iliad.
1777 2511 1827 2585 ξ,
1873 2511 2020 2574 228.
2066 2509 2141 2569 cf.
2182 2509 2327 2573 284.
2364 2510 2512 2586 285,
2554 2511 2754 2571 modo

486 2595 692 2655 stellae
720 2595 922 2655 fatuae
957 2595 1216 2671 cadenti,
1244 2595 1413 2655 Iliad.
1455 2597 1510 2670 δ,
1555 2598 1660 2670 76,
1703 2595 1887 2654 modo
1918 2594 2244 2670 columbae,
2288 2596 2470 2655 modo
2515 2598 2753 2677 aecipi-

484 2681 598 2741 tris
627 2681 860 2741 volatui
899 2690 1297 2761 comparatus.
1384 2681 1579 2741 Notus
1630 2682 1797 2741 locus
1839 2680 2008 2740 Iliad.
2055 2704 2102 2755 ε,
2149 2684 2273 2745 778
2306 2682 2394 2743 Αἰ
2435 2678 2504 2745 δὲ
2538 2678 2753 2763 βάτην

486 2786 749 2850 τρηρωσι
783 2763 1092 2832 πελειάσιν
1132 2761 1368 2848 ἴθμαθ’
1413 2765 1640 2849 ὁμοῖαι.
1727 2767 1968 2846 Harpae
2018 2766 2230 2842 etiam,
2276 2787 2427 2846 quae
2460 2786 2539 2826 ex
2566 2770 2755 2848 aqui-

480 2854 680 2913 larum
720 2872 934 2933 genere
975 2862 1099 2928 est,
1143 2852 1413 2913 Minerva
1457 2853 1624 2912 coelo
1660 2851 2027 2912 descendens
2072 2812 2455 2912 assimulatur
2483 2853 2666 2915 Iliad.
2702 2880 2754 2929 τ,

483 2943 629 3004 350.
660 2939 805 3014 351,
849 2947 912 2997 et
939 2938 1255 3018 Neptunus
1294 2937 1636 3003 Calchantis
1675 2938 1891 2998 habitu
1920 2935 2182 2999 Achivos
2231 2938 2309 2996 ad
2335 2959 2606 3019 pugnam
2636 2940 2754 3000 ad-

481 3022 767 3083 hortatus
805 3023 974 3089 Iliad.
1021 3048 1079 3100 ν,
1122 3028 1206 3090 62
1244 3045 1371 3103 sqq.
1412 3019 1610 3099 Αυτὸς
1652 3018 1733 3102 δ’,
1795 3019 1938 3097 οἴμ’
1981 3024 2119 3104 ἴρηξ
2170 3016 2522 3104 ὠκύπτερος
2584 3019 2754 3134 ὦρτο

482 3106 774 3171 πέτεσθαι
824 3118 939 3170 etc.
983 3118 1042 3168 et
1088 3109 1331 3170 subiicit
1375 3108 1559 3171 Aiax:
1616 3131 1739 3170 non
1778 3109 1882 3172 hic
1917 3110 2032 3169 suit
2077 3107 2360 3170 Calchas:
2386 3108 2584 3191 Ἴχνια
2631 3136 2753 3194 γαρ

482 3185 831 3274 μετόπισθε
854 3195 1068 3257 ποδων
1106 3189 1222 3300 qd&
1249 3191 1545 3276 κνημάων
1575 3194 1694 3260 Ῥεῖ
1723 3195 1915 3280 ἔγνων
1942 3189 2227 3270 ἀπιόντος
2255 3194 2398 3273 (levi
2427 3195 2662 3256 scilicet
2688 3207 2753 3256 et

479 3298 774 3441 ffiffia‘:
807 3277 1428 3426 muguba‘ld’ezffg?
1469 3279 1538 3345 δὲ
1546 3281 2090 3428 οοθιξειΤῖιεὲιιιιιοΐιι
2119 3281 2751 3444 ιιιιιιαῖιῗιῖιεδοιαιειαζα
2613 3287 2749 3348 32⁰

481 3445 713 3533 ἀπέβη,
762 3446 977 3532 Ὄρνις
1007 3445 1070 3514 δ’
1099 3449 1184 3528 ὥς
1223 3386 1545 3517 managa
1530 3453 1827 3530 διέπτατο
1873 3464 1936 3514 et
1973 3453 2256 3557 odyss-y
2258 3457 2459 3529 ,.371
2477 3457 2611 3519 872
2640 3474 2752 3513 ea-

482 3536 618 3597 dem
645 3537 809 3618 apud
834 3537 1145 3598 Nestorem
1179 3531 1378 3620 ἆπέβη
1410 3534 1590 3626 Φήνῃ
1618 3539 1935 3621 εἰδομένη·
1980 3480 2256 3620 &dp-{309⁷
2263 3532 2326 3601 δ’
2364 3537 2457 3602 ἕλε
2498 3534 2752 3615 πάντας

480 3617 746 3699 ἰδόντας.
830 3624 989 3685 Hinc
1020 3632 1083 3684 et
1109 3623 1392 3685 Mercurii
1429 3626 1668 3686 volatus
1712 3645 1895 3706 super
1921 3644 2087 3685 mare
2120 3624 2195 3684 fit
2229 3624 2504 3685 radendo
2552 3629 2750 3687 mari:

479 3709 598 3769 od.
634 3731 680 3783 ε,
723 3709 827 3774 61.
911 3711 1215 3790 Serpentis
1239 3712 1472 3811 lapsum
1509 3732 1578 3771 ac
1605 3721 1873 3772 tractum
1916 3731 2211 3789 nusquam
2244 3732 2279 3769 a
2307 3712 2501 3791 poetis
2542 3712 2748 3772 Grae-

468 3794 565 3853 'cis
601 3793 728 3854 vidi
774 3793 1027 3857 deorum
1069 3797 1324 3858 incessui
1366 3797 1732 3858 assimulari:
1788 3798 1929 3856 vide
1974 3806 2178 3856 tamen
2222 3799 2436 3876 Spenc.
2468 3798 2550 3857 ad
2590 3798 2653 3858 h.
2701 3800 2747 3862 l.

479 3879 788 3959 Singulare
819 3891 910 3941 est
938 3883 1048 3945 inf.
1082 3883 1691 3961 lx,15.19‚quod
1731 3883 1844 3943 Iris
1886 3902 2033 3943 arcu
2071 3891 2131 3942 et
2169 3902 2380 3943 sereno
2410 3883 2586 3945 coelo
2615 3885 2746 3944 dis-

479 3985 708 4025 cessum
740 3986 917 4027 suum
943 3968 1272 4028 mirabilem
1311 3970 1475 4029 facit.

649 4052 801 4112 Cum
863 4053 960 4113 dei
1002 4054 1264 4113 discessu
1312 4056 1705 4114 coniunctum
1748 4054 2056 4115 interdum
2098 4053 2288 4129 illud,
2363 4064 2437 4113 ut
2493 4065 2741 4135 praeter

476 4147 762 4197 naturam
803 4138 957 4198 mira
1006 4139 1201 4218 aliqua
1239 4140 1299 4199 vi
1344 4141 1499 4199 affici
1537 4140 1757 4200 sentiat
1786 4140 1967 4200 modo
2006 4140 2272 4199 animum
2301 4140 2489 4200 modo
2517 4161 2744 4220 corpus

476 4223 557 4299 is,
603 4224 706 4301 qui
733 4243 873 4284 cum
907 4224 1020 4285 deo
1050 4224 1456 4285 iri-mortalem
1482 4235 1717 4287 mutato
1744 4236 1962 4305 egerat.
2048 4227 2146 4285 Sic
2183 4244 2366 4305 supra
2404 4235 2743 4287 memorato

475 4309 610 4370 loco
646 4309 813 4371 Iliad.
842 4333 898 4387 ν,
943 4315 1027 4377 62
1070 4331 1156 4390 sq.
1200 4309 1580 4391 Neptunum,
1625 4311 1725 4391 qui
1778 4312 2118 4373 Calchantis
2155 4330 2482 4392 personam
2518 4313 2743 4374 indue-

475 4404 602 4471 rat,
662 4397 929 4476 agnoscit
980 4396 1136 4457 Aiax
1173 4418 1464 4460 manuum
1492 4399 1834 4479 pedumque
1882 4398 2124 4458 insolito
2149 4396 2356 4477 vigore
2396 4400 2743 4477 viriumque
