2882 5028
445 431 598 505 268
641 485 646 490 -

927 424 1009 495 P.
1064 421 1275 496 VIR
1296 419 1605 494 G1L³11
1659 417 2210 494 MARONIS

445 615 621 686 Huc
659 606 963 683 delecta
1000 607 1259 682 virum
1293 605 1548 681 sortiti
1579 628 1916 704 corpora
1950 599 2228 679 furtim

444 710 875 791 Includunt
906 734 1141 785 caeco
1176 708 1436 805 lateri,
1491 709 1972 808 penitusque
2005 731 2375 783 cavernas

443 815 796 913 Ingentis
824 827 1312 914 uterumque
1344 826 1647 888 armato
1683 810 1934 886 milite
1969 810 2370 912 conplent.

2606 819 2723 890 20

547 923 688 996 Est
734 919 813 993 in
850 930 1285 1019 conspectu
1319 915 1736 1010 Tened03‚
1790 915 2199 990 notissima
2234 914 2450 989 fama

445 1020 747 1117 Insula,
804 1020 1026 1097 dives
1057 1043 1343 1121 opum,
1396 1021 1687 1095 Priami
1723 1017 1918 1094 dum
1952 1042 2192 1117 regna
2240 1017 2721 1112 manebant,

443 1131 675 1205 Nunc
704 1136 1014 1200 tantum
1046 1125 1261 1200 sinus
1300 1136 1378 1199 et
1409 1125 1639 1198 statio
1671 1121 1883 1197 male
1920 1120 2082 1197 fida
2119 1122 2415 1202 cariniS.

445 1234 620 1306 Huc
650 1253 735 1303 se
768 1228 1127 1328 provecti
1161 1226 1479 1309 deserto
1520 1228 1603 1301 in
1636 1225 1872 1302 litore
1900 1225 2281 1302 condunt.
2333 1257 2340 1263 ·

510 1391 515 1396 ‘
545 1377 668 1448 22.
721 1367 1184 1459 ΜΑΝΕΒΑΝΤς

1394 1377 1517 1446 23.
1537 1349 1548 1366 ’
1572 1387 1816 1462 smus,

586 1610 652 1662 18
687 1608 889 1660 dilecta
922 1607 1061 1659 Gud.
1097 1625 1127 1658 a
1162 1625 1230 1660 m.
1265 1626 1349 1678 pr.
1386 1608 1552 1678 (quod
1586 1606 1828 1672 Curtius,
1864 1624 1961 1658 sno
1998 1624 2173 1671 more,
2208 1604 2450 1658 defendit
2483 1603 2551 1655 ad
2587 1603 2713 1653 Lu—

333 1730 338 1738 ,
446 1695 559 1730 cau.
595 1680 684 1742 111,
728 1680 875 1740 181.;
910 1676 1014 1727 vid.
1052 1694 1209 1746 supra
1245 1680 1312 1729 V.
1348 1679 1409 1729 L.
1447 1678 1515 1729 ad
1550 1680 1590 1742 1,
1638 1679 1761 1732 211.
1821 1677 1961 1744 Wr.)

445 1747 660 1815 scripsit
693 1765 808 1798 cum
842 1746 1134 1798 veterrimis
1177 1756 1231 1797 et
1262 1746 1548 1799 PriscianO.

1044 1818 1114 1870 22
1148 1830 1432 1868 manerent
1467 1816 1638 1884 Bigot.
1705 1819 1840 1886 (Hoc
1892 1826 1947 1866 et
1999 1815 2235 1898 proximo
2283 1831 2359 1865 vs.
2405 1826 2511 1864 non
2564 1813 2710 1863 satis

447 1817 561 1886 quis
597 1817 736 1887 apud
769 1815 906 1868 Pier.

2117 1678 2189 1730 20
2236 1676 2482 1746 ingentis
2514 1673 2711 1724 Heius.

1689 1749 1755 1802 21
1801 1748 2054 1798 Tenedus
2087 1748 2237 1809 Rom.
2283 1761 2398 1796 cum
2447 1743 2518 1794 al.
2552 1743 2711 1794 anti-—

445 1887 719 1937 commode
759 1885 867 1936 inte
936 1885 1241 1951 ungebatur.
1312 1886 1637 1951 semicolon,
1671 1886 1813 1956 quod
1847 1895 1964 1936 erat
1998 1902 2054 1935 in
2088 1894 2221 1936 extr.
2257 1902 2334 1934 vs.
2366 1884 2477 1945 22„
2511 1883 2708 1951 aptio-

442 1974 552 2007 rem
585 1964 712 2025 post
741 1958 879 2006 Insa
905 1974 942 2006 a
972 1954 1144 2005 locum
1175 1954 1462 2018 inveniret3
1495 1974 1613 2007 uam
1638 1973 1772 2026 quae
1808 1965 1933 2022 post
1966 1955 2069 2006 hoc
2096 1972 2212 2006 voc.
2242 1954 2504 2021 leguntur,
2538 1969 2706 2021 quum

443 2025 884 2094 comparationem
916 2023 1109 2094 prioris
1144 2042 1258 2075 cum
1292 2026 1594 2093 posteriore
1630 2026 1781 2076 huius
1815 2024 2015 2075 insulae
2051 2033 2192 2076 statu
2228 2023 2563 2084 contineant,
2602 2039 2707 2072 ar-

442 2094 549 2145 tius
586 2102 706 2145 sunt
741 2111 855 2144 cum
888 2092 1167 2156 subiectis,
1218 2112 1370 2162 quam
1407 2113 1521 2148 cum
1557 2093 1877 2164 praegressis
1911 2094 2187 2161 iungenda.
2271 2095 2364 2144 Vs.
2400 2103 2571 2143 autem
2608 2092 2703 2145 23.

444 2181 642 2215 comma
661 2201 675 2226 ,
724 2163 865 2244 quod
912 2172 1027 2212 erat
1058 2182 1095 2282 p

441 2232 522 2283 rei
558 2231 794 2283 reddid1t
834 2231 890 2282 in
922 2233 1054 2283 Prae
1080 2242 1149 2283 at.

1099 2172 1185 2213 ost
1218 2165 1406 2228 sinus,
1457 2164 1668 2216 sustulit
1716 2161 2176 2227 Wunderlichius,
2225 2179 2534 2230 causamque
2583 2159 2703 2211 eius

1225 2269 1240 2284 .
1272 2236 1441 2295 vl11.;
1476 2243 1734 2286 commate
1768 2233 1905 2284 enim
1940 2232 2289 2315 interposito,
2339 2231 2536 2282 nullum
2563 2249 2705 2282 scn-

444 2320 557 2353 sum
592 2301 766 2352 inesse
799 2301 974 2352 verbis
1017 2305 1164 2353 Tene
1205 2321 1268 2353 os
1300 2304 1489 2354 insula
1523 2316 1607 2355 est
1641 2306 1828 2365 sinu-53
1885 2301 1979 2353 illo
2018 2313 2182 2370 igitur
2215 2300 2454 2362 sublato,
2504 2311 2558 2351 et
2593 2320 2704 2370 ap-

445 2370 709 2440 positione
743 2370 886 2421 male

908 2370 1039 2438 fida
1073 2371 1143 2422 ad
1178 2373 1335 2423 sinus
1367 2383 1609 2434 retracta,
1644 2372 1788 2439 iungi
1824 2372 1994 2423 iubet:
2028 2373 2220 2424 insula
2245 2384 2329 2423 est
2361 2373 2520 2422 sinus
2551 2371 2707 2421 male

427 2441 608 2508 fidus,
644 2439 699 2490 h.
734 2456 781 2491 e.
819 2440 999 2502 habet,
1034 2440 1254 2508 praebet
1286 2440 1455 2493 sinum
1487 2442 1623 2494 male
1645 2441 1819 2494 fidum.
1859 2443 1981 2492 Non
2017 2458 2136 2492 raro
2167 2441 2301 2492 enim
2327 2447 2451 2492 'esse
2480 2439 2536 2490 id
2567 2439 2700 2503 dici,

405 2563 408 2567 ,
441 2509 585 2580 quod
620 2508 878 2561 habeat
912 2520 1131 2562 tantum.
1173 2510 1316 2578 Wr.)

439 2648 558 2701 Alb.
601 2650 684 2704 W
676 2648 745 2716 r.)

439 2840 593 2901 visse
632 2862 743 2921 pro
785 2839 1003 2899 reditu.
1088 2840 1346 2901 Ibidem:
1389 2842 1525 2900 Ac-

438 2930 568 2986 cius
598 2929 662 2985 in
687 2925 1005 3004 Deiphobo
1038 2929 1391 3005 &ascriptum
1419 2928 1522 2985 di-

438 3016 520 3070 cit
535 3036 554 3069 .·
616 3015 936 3071 Minervae
985 3011 1211 3070 donum
1251 3016 1523 3090 armipo-

438 3099 585 3155 tenu'
611 3099 835 3155 Danai
867 3094 1146 3155 abeuntes
1176 3098 1399 3158 dicant.
1445 3099 1518 3157 cs.

437 3182 657 3261 Hygia.
685 3182 725 3240 s.
776 3184 895 3244 108
941 3189 1000 3239 et
1034 3181 1119 3240 ibi
1147 3192 1275 3243 not.
1332 3183 1520 3258 Quod

437 3267 539 3326 hic
567 3287 644 3325 ex
684 3276 831 3326 voto
868 3285 1054 3343 equus
1095 3267 1330 3327 dicatus
1368 3269 1523 3328 dici-

437 3361 573 3426 tur,
637 3372 762 3411 non
803 3361 1098 3431 repugnat
1140 3353 1241 3429 iis,
1296 3355 1401 3432 qui
1443 3354 1520 3413 ad

440 3437 741 3498 Palladem
768 3438 1122 3515 placandam
1142 3448 1522 3499 exstructum

439 3523 650 3583 dicunt
683 3523 896 3597 Quint.
930 3524 1063 3598 ΧΠ,
1107 3528 1208 3589 88.
1239 3529 1384 3591 370.
1451 3526 1519 3585 In

436 3610 595 3669 idem
639 3609 819 3668 etiam
862 3610 1161 3670 consentit
1187 3610 1390 3690 virgil.
1417 3611 1519 3670 in-

436 3696 526 3755 sra
560 3715 616 3754 v.
655 3699 774 3760 162
803 3716 889 3773 sq.

540 3784 830 3844 18—20.
896 3781 1189 3840 Ductores
1247 3781 1522 3841 Danaum

435 3869 653 3942 sortiti,
706 3868 1020 3928 sortitione
1073 3868 1266 3943 facta,
1323 3868 1521 3926 inclu-

435 3952 585 4010 dunt
624 3953 742 4010 leuc
780 3974 959 4011 caeco
1005 3954 1207 4027 lateri,
1267 3951 1330 4012 h.
1366 3972 1416 4012 e.
1455 3953 1519 4012 in

435 4037 624 4113 latus,
683 4035 745 4096 h.
795 4058 844 4097 e.
885 4058 1102 4118 corpus
1147 4039 1281 4116 equi
1311 4040 1518 4097 occul-

436 4133 595 4199 tum,
650 4123 713 4181 in
747 4142 866 4200 quo
894 4123 1117 4183 occulti
1148 4123 1339 4182 latere
1373 4134 1518 4203 pot-

436 4217 611 4269 erant
626 4252 643 4283 ,
693 4208 922 4268 delecta
966 4212 1226 4267 virorum
1266 4229 1517 4286 corpora

435 4294 727 4374 exquisite
783 4316 894 4376 pro
910 4339 927 4370 ,
1003 4297 1160 4352 νὺῡε
1214 4294 1468 4353 delectos
1484 4318 1509 4368 ;

434 4381 554 4441 hoc
595 4380 752 4439 idem
796 4374 1159 4439 declarative
1193 4381 1514 4440 exornavit

435 4469 498 4526 in
540 4465 613 4526 iis
646 4485 798 4544 quae
830 4466 1104 4527 subiicit:
1153 4469 1511 4548 penitusque

1455 2509 1527 2567 24
1552 2513 1793 2584 proiecti
1822 2510 2063 2579 Longob.
2115 2511 2209 2562 sed
2244 2523 2351 2562 est:
2410 2509 2519 2562 huc

440 2581 584 2632 vecti
613 2579 860 2631 condunt
893 2598 966 2631 se.
1038 2582 1101 2635 In
1127 2580 1291 2648 Goth.
1328 2590 1453 2634 tert.
1508 2582 1755 2634 condunt
1776 2580 1830 2633 in
1858 2599 2020 2650 marg.
2050 2581 2134 2633 vel
2153 2592 2392 2654 ponunt.
2426 2580 2504 2649 (in

2596 2530 2700 2563 ro-

2580 2590 2701 2634 eest

1607 2862 1899 2900 cavernas
1939 2842 2128 2900 milite
2154 2843 2472 2920 complent.
2566 2842 2698 2901 Or-

1607 2936 1749 2985 nate
1790 2927 1991 2985 omnia
2028 2948 2173 3006 pro,
2221 2947 2374 3006 equo
2413 2926 2556 2987 huic
2593 2928 2699 2986 iu-

1607 3012 1865 3071 cludunt
1891 3013 2153 3072 delectos
2190 3015 2367 3073 viros.
2389 3013 2513 3093 (Ad
2540 3033 2698 3072 con-

1605 3099 1999 3158 structionem
2060 3099 2214 3159 conf.
2260 3101 2365 3158 Ge.
2412 3100 2499 3174 11,
2560 3103 2696 3163 76.:

1602 3186 1753 3242 Huc
1795 3205 2040 3263 germen
2084 3187 2418 3246 includunt.
2487 3185 2689 3245 Wclz.

1606 3302 1691 3315 -
1722 3269 1797 3327 de
1820 3269 1944 3328 his:
1988 3271 2354 3330 huo-caeco
2396 3272 2571 3329 lateri
2610 3271 2693 3330 cs.

1605 3354 1676 3414 V.
1710 3356 1774 3415 L.
1808 3355 1887 3414 ad
1912 3355 2105 3430 Ecl.1,
2151 3354 2251 3421 54.
2292 3355 2460 3437 Wr,)
2524 3355 2696 3413 Fue—

1603 3450 1755 3501 runt
1806 3450 2007 3501 autem
2057 3442 2284 3522 Ulyssis
2333 3441 2694 3521 praecipuae

1606 3546 1673 3584 ea
1703 3527 1767 3586 in
1809 3547 1875 3587 re
1917 3536 2139 3607 partes.
2196 3527 2407 3607 Odyss.
2448 3535 2515 3602 θ’,
2559 3527 2693 3592 494

1585 3606 1707 3674 ’Ὅν
1769 3608 1912 3675 ποτ’
1978 3613 2041 3687 ἐς
2096 3607 2429 3694 ἀκρόπολιν
2502 3607 2692 3676 δόλον

1605 3693 1795 3780 ἤγαγε
1824 3699 1957 3772 δῖος
1983 3692 2326 3772 Ὀδυσσεΰς,
2366 3700 2561 3772 duxit,
2572 3698 2689 3777 fi·-

1604 3785 1714 3858 cit,
1776 3797 1843 3843 ut
1882 3785 2191 3843 duceretur
2227 3788 2292 3842 in
2328 3806 2565 3857 amem,
2625 3794 2691 3845 et

1605 3868 1690 3927 sic
1723 3870 1924 3944 ceteri,
1959 3878 2026 3929 ut
2054 3870 2318 3944 Quintus
2333 3870 2688 3948 x11,22sq.,

1606 3955 1770 4034 apud
1798 3975 1974 4034 quem
1989 3954 2238 4014 Calchas
2261 3965 2430 4016 vates
2460 3956 2689 4036 primus

1602 4040 1834 4100 fraudis
1893 4050 2105 4101 auctor
2155 4051 2278 4117 est,
2338 4041 2585 4101 modum
2626 4053 2688 4101 et

1601 4127 1900 4186 rationem
1953 4126 2185 4186 fraudis
2236 4126 2443 4207 Ulysse
2498 4128 2686 4187 subii-

1601 4211 1823 4288 ciente,
1894 4222 1960 4272 at
2019 4213 2181 4293 apud
2222 4213 2558 4293 Tryphiod.
2602 4213 2684 4277 44

1599 4318 1726 4375 sqq.
1794 4298 2055 4358 Helenus
2120 4299 2298 4359 Troia
2378 4301 2684 4379 profugus.

1599 4383 1869 4443 Tandem
1912 4384 2257 4446 observasse
2311 4405 2434 4444 non
2474 4385 2685 4466 poeni-

1600 4477 1756 4544 teat,
1802 4490 1980 4548 quam
2014 4480 2220 4531 ornate
2261 4481 2437 4550 poeta
2464 4490 2686 4550 equum
