2882 5028
451 353 605 426 720
903 339 2251 417 EXCURSUSIILIV

451 551 654 611 unas,
702 554 889 616 quam
928 533 1142 590 nuntia
1181 528 1306 588 veri
1323 574 1339 604 ,
1388 533 1661 592 excusari
1704 539 1987 612 possunt;
2031 540 2119 590 est
2160 532 2316 591 enim
2358 541 2692 591 monstrum

452 622 659 682 vocale
716 630 777 679 et
824 620 1080 695 loquax,
1152 625 1221 676 ut
1276 616 1613 696 Harpyiae,
1686 618 1920 676 Sirenes
1976 627 2039 676 et
2096 618 2227 689 alia.
2313 619 2593 676 Ceterum
2633 620 2696 678 in

454 709 671 768 Famae
727 704 917 785 specie
974 711 1312 762 monstrosa
1370 704 1711 782 exemplum
1769 703 2056 762 habemus
2111 704 2254 761 satis
2318 704 2693 763 manifestum

452 793 724 853 diversae
766 808 1007 870 poeseos
1050 796 1111 846 et
1154 786 1422 867 picturae
1465 789 1719 863 indolis;
1778 788 1933 867 picta
1980 786 2142 846 *enim
2198 788 2298 846 illa
2353 787 2523 848 haud
2568 790 2696 868 pls-

452 897 585 938 cere
626 877 830 956 possit.
917 874 986 933 In
1046 874 1490 952 comparatione
1530 874 1883 933 Homericae
1924 873 2137 933 Eridos
2193 894 2334 934 cum
2374 875 2697 953 Virgilium

453 963 636 1023 Fama
678 958 1005 1021 admodum
1048 959 1315 1037 argutari
1354 960 1601 1021 videtur
1630 958 1967 1019 Macrobius
2010 959 2082 1034 V,
2131 964 2232 1023 13.
2319 959 2696 1020 Incrementa

452 1048 713 1109 rumoris
757 1066 836 1106 ex
893 1045 1023 1124 ipso
1070 1063 1386 1123 progressu
1428 1046 1640 1105 melius
1697 1044 1952 1125 exprimi
1994 1044 2100 1102 vix
2142 1054 2464 1123 poterant3
2509 1057 2572 1106 et
2614 1067 2698 1105 π.

458 1139 580 1198 177
615 1131 1153 1213 praestantissimus
1194 1131 1525 1190 secundum
1566 1130 1718 1190 illud
1760 1130 1879 1189 iam
1923 1151 1960 1187 a
2001 1129 2264 1208 Longino
2307 1152 2354 1189 s.
2401 1136 2445 1195 9
2487 1132 2698 1192 lauda-

455 1228 614 1280 tum:
663 1211 918 1300 Οὐρανῷ
955 1211 1221 1296 lenies&
1261 1214 1460 1296 κάρη,
1501 1215 1606 1278 καὶ
1649 1215 1748 1278 ἐπὶ
1790 1214 1974 1319 χθονὶ
2016 1217 2233 1296 βαίνει.
2315 1217 2505 1277 Deam
2543 1220 2699 1278 fece-

456 1316 554 1365 rat
581 1305 823 1362 Famam
851 1302 970 1360 iam
997 1301 1236 1361 Hesiod.
1265 1298 1435 1384 Ἕργ.
1476 1303 1589 1361 sub
1631 1303 1672 1361 f.
1721 1305 1907 1381 Φημη
1932 1333 2019 1348 -
2045 1295 2196 1376 θεός
2221 1296 2301 1364 νύ
2324 1326 2423 1378 τις
2449 1303 2576 1366 ἐστὶ
2603 1302 2701 1365 καὶ

457 1383 632 1470 anitii.
719 1386 1000 1469 Sophocli
1041 1386 1251 1466 Oedip.
1283 1386 1426 1466 Tyr.
1469 1391 1589 1452 162
1624 1382 1812 1466 Φήμη
1837 1396 1929 1444 cst
1967 1385 2178 1449 τέκνον
2204 1380 2507 1462 Ἐλπίδος.
2579 1390 2701 1448 Alis

456 1476 587 1537 loca
629 1475 798 1535 dabit
851 1471 1044 1532 Cerdo
1086 1473 1191 1532 ins.
1253 1472 1332 1531 ad
1390 1473 1530 1537 195.
1615 1471 1866 1532 Athenis
1919 1494 2031 1531 ara
2085 1472 2201 1532 suit
2246 1476 2518 1549 Famae,
2585 1496 2703 1535 non

456 1561 714 1640 signum:
759 1560 1004 1618 Pausan.
1048 1558 1095 1631 1,
1144 1562 1240 1622 17.
1287 1554 1496 1637 βωμός
1538 1560 1648 1637 τῆς
1695 1552 1936 1636 Φήμης,
1978 1566 2039 1616 et
2079 1557 2399 1617 Aeschines
2445 1561 2513 1619 in
2556 1560 2702 1634 loco,

456 1649 518 1706 in
562 1667 683 1724 quo
726 1645 901 1724 plura
945 1642 1021 1702 de
1062 1645 1219 1701 sama
1262 1662 1293 1700 e
1337 1644 1529 1722 poetis
1573 1643 1937 1717 afferuntur,
1980 1642 2045 1701 in
2089 1643 2480 1704 Timarchum
2522 1667 2583 1726 p.
2631 1649 2700 1710 18

458 1731 545 1813 (p.
595 1730 714 1794 140
743 1723 1008 1811 Β.)ώ’ςθ’
1054 1723 1335 1809 εὑρήσετε
1378 1727 1483 1789 καὶ
1527 1725 1640 1807 τήν
1682 1723 1862 1790 πόλιν
1905 1727 2082 1807 ὑμῶν
2142 1730 2246 1791 καὶ
2286 1726 2436 1804 τούς
2480 1726 2701 1812 zooro-

460 1840 609 1891 τους
655 1810 895 1896 Φήμης,
940 1812 1022 1887 ὥς
1063 1818 1225 1876 θεοῦ
1258 1814 1554 1894 μεγίστης,
1588 1808 1798 1895 βωμὸν
1832 1813 2208 1894 ἱδρυμένους.
2253 1815 2329 1874 de
2357 1816 2531 1895 signo
2567 1817 2703 1877 deae

457 1922 569 2047 ¹1}oe
610 1902 734 1982 ipse
777 1908 1091 2045 ηὲἓωοὶαῐί
1170 1900 1277 1958 Est
1284 1908 1756 2050 ἂωῖηδηυιῦιέιο
1780 1899 2067 2048 gagen-ii
2100 1901 2254 2045 regi:
2286 1902 2458 1981 apud
2485 1902 2705 2047 Ectkhel

512 2005 1224 2058 ιιω.ιιιε..,.
1371 2005 1565 2044 .a.
1707 2003 2704 2066 ,.equoierumeg1m

457 2073 740 2132 Doctrina
781 2071 1029 2130 Numer.
1079 2006 1263 2146 T.p11,
1321 2089 1382 2147 p.
1427 2074 1569 2133 120.
1654 2070 1724 2128 In
1778 2087 1849 2128 eo
1905 2068 2074 2131 deam
2116 2071 2360 2149 alatam,
2414 2075 2569 2134 tuba
2612 2096 2707 2134 cs·

458 2168 700 2219 nentem
714 2200 731 2231 ,
773 2156 1071 2236 ingeniose
1113 2156 1356 2217 Famam
1395 2155 1823 2239 interpretatus
1864 2164 1974 2216 est.

1371 2404 1786 2415 ——offl

1027 2588 1879 2684 EXCURSUS
1996 2596 2137 2682 IV

766 2758 1407 2848 Templum
1548 2762 2410 2853 Hesperidum.

631 2931 730 3006 lv,
774 2928 1165 2995 483—485.
1209 2935 1382 2992 Hine
1414 2934 1569 2993 mila·
1609 2938 1932 3011 Massylae
1969 2939 2167 3015 gentis
2207 2948 2546 2995 monstrata
2591 2937 2706 2993 So·-

458 3020 661 3075 cerdos
680 3062 698 3093 ,
748 3017 1152 3094 Hesperidum
1194 3020 1408 3097 templi
1447 3032 1639 3078 custos
1662 3065 1678 3094 ‚
1727 3024 2052 3101 epulasque
2095 3021 2345 3080 draconi
2378 3021 2558 3098 Quae
2593 3022 2703 3079 da-

459 3101 563 3160 bat
605 3115 662 3160 et
702 3123 903 3160 saeros
944 3101 1221 3161 oervahat
1261 3108 1326 3162 in
1369 3104 1573 3162 arbore
1615 3128 1835 3164 ramo-s.
1928 3109 2062 3166 Iure
2106 3126 2216 3166 suo
2260 3108 2336 3164 ab
2380 3107 2706 3186 interprete

407 3255 416 3268 ἱ
459 3187 682 3266 Virgilii
732 3194 1009 3264 expectet
1053 3186 1258 3263 lector,
1302 3198 1375 3248 ut
1416 3190 1726 3250 clariorem
1754 3191 1948 3251 ·huius
1992 3192 2106 3251 loci
2152 3194 2462 3252 notionem
2510 3192 2704 3252 animo

458 3291 568 3330 suo
610 3271 909 3330 informet.
995 3271 1197 3331 Potest
1230 3274 1435 3353 itaque
1478 3286 1651 3354 poeta
1696 3276 1890 3336 videri
1932 3277 2170 3357 fingere,
2216 3278 2433 3339 hortos
2478 3278 2703 3358 Hespe-

457 3356 692 3428 ridum,
758 3375 907 3432 quos
962 3374 1071 3434 per
1130 3361 1417 3438 templum
1477 3362 1881 3438 Hesperidum
1937 3361 2235 3441 designet,
2304 3384 2580 3442 quosque
2631 3364 2705 3422 ab

460 3441 719 3501 Hercule
762 3440 1046 3520 spoliatos
1089 3446 1420 3504 communis
1462 3447 1622 3505 ratio
1667 3448 1923 3524 serebat,
1982 3448 2183 3507 adhuc
2243 3449 2492 3508 Didonis
2550 3459 2705 3508 tem-

457 3545 604 3606 pore
659 3545 979 3604 superesse.
1080 3528 1213 3588 Non
1271 3530 1443 3590 facile
1501 3540 1699 3591 tamen
1754 3544 1999 3613 poetae,
2068 3534 2180 3592 nisi
2236 3534 2394 3593 forte
2450 3537 2704 3614 tragicos

458 3611 748 3690 excipias,
791 3611 1117 3691 mythicam
1161 3614 1339 3674 fidem
1381 3617 1469 3674 ita
1512 3617 1830 3697 deserunt,
1866 3639 1976 3678 nec
2018 3629 2249 3679 veteres
2291 3628 2585 3699 notasque
2612 3623 2704 3681 sa·-

461 3696 634 3755 bulas
684 3697 840 3758 ultra
883 3696 1217 3777 mythicum
1263 3721 1480 3761 aevum
1523 3702 1588 3761 in
1629 3724 1805 3764 verae
1850 3703 2139 3764 historiae
2181 3714 2453 3784 tempora
2487 3706 2703 3767 demit·-

459 3790 617 3842 tunt.
702 3781 902 3842 Malim
946 3785 1148 3863 itaque
1197 3795 1462 3846 statuere
1501 3788 1598 3863 id,
1668 3790 1832 3867 quod
1879 3811 2019 3849 cum
2071 3791 2405 3851 multorum
2448 3794 2703 3873 populo-

457 3888 597 3930 rum
658 3869 1104 3946 multarumque
1160 3871 1447 3932 Graeciae
1502 3875 1750 3935 urbium
1805 3877 2187 3955 religionibus
2240 3886 2701 3939 consentaneum

459 3963 584 4028 est,
639 3963 710 4013 ut
756 3953 1033 4031 Virgilius
1088 3969 1308 4034 ponat,
1367 3960 1662 4039 templum
1722 3962 2156 4043 Hesperidibus
2208 3982 2451 4021 sacrum
2508 3965 2575 4025 in
2617 3963 2703 4023 bis

459 4039 636 4101 terris
683 4039 889 4111 fuisse,
946 4039 1012 4097 in
1053 4061 1208 4119 quo,
1281 4043 1346 4102 id
1389 4045 1555 4121 quod
1612 4048 1677 4106 in
1714 4048 1918 4107 multis
1971 4047 2156 4107 sacris
2210 4068 2281 4106 ac
2321 4048 2703 4126 religionibus

457 4145 573 4185 usu
612 4133 920 4203 receptum
964 4125 1110 4201 fuit,
1155 4127 1400 4206 antiqua
1441 4131 1644 4190 sabula
1685 4133 2279 4216 repraesentabatur,
2334 4135 2553 4195 arbore
2595 4154 2705 4193 au-

457 4231 558 4271 rea
601 4219 665 4269 et
708 4211 966 4270 dracone
1007 4210 1072 4270 in
1116 4230 1183 4269 ea
1227 4215 1557 4276 constituto
1578 4262 1596 4294 ,
1640 4220 1807 4278 cuius
1852 4218 2092 4278 aeditua
2120 4219 2219 4279 vel
2244 4219 2522 4281 sacerdos
2558 4238 2703 4280 anus

457 4304 589 4357 erat
635 4316 712 4355 ex
752 4294 1042 4374 indigenis
1088 4297 1222 4358 loci.
1311 4302 1568 4381 Serpens
1608 4302 1741 4378 ille,
1786 4324 1963 4381 quem
2007 4314 2184 4384 poeta
2226 4316 2550 4381 memorat,
2596 4324 2702 4385 pa-

455 4381 734 4442 scebatur
775 4381 891 4442 offa
918 4381 1173 4461 mellita3
1216 4404 1467 4464 mazam,
1510 4393 1899 4468 μελιτοῦτταν
1946 4409 2078 4450 eam
2120 4388 2458 4472 appellant5
2494 4409 2700 4471 quem-
