2882 5028
495 354 1108 432 AENEmos
1162 356 1372 432 LIB.
1428 357 1564 453 111,
1618 363 2044 436 168—181

2258 364 2410 438 469

184 540 630 643 Velatasque
663 567 967 639 comae,
1020 544 1629 645 praesentiaque
1667 567 1804 619 ora
1834 541 2200 638 videbar3

187 649 373 720 Tum
402 645 706 742 gelidus
738 659 909 722 toto
944 648 1313 724 manabat
1345 671 1686 746 corpore
1718 644 2021 746 sudor.)

187 750 542 850 Conripio
577 775 622 825 e
663 750 921 824 stratis
951 774 1280 851 corpm,

1331 750 1749 851 tendoque
1780 751 2101 851 supinas
2261 654 2407 729 1⁷5

184 850 292 927 Ad
318 852 633 928 coelum
676 878 861 928 cum
886 877 1084 930 voce
1113 880 1438 951 manm,
1495 867 1575 930 et
1604 878 1941 930 munera
1968 852 2135 929 libo

183 957 633 1031 Intemerata
660 954 880 1035 focis.

989 956 1358 1034 Perfecto
1391 958 1643 1035 laetus
1670 957 1990 1033 honore

181 1058 552 1135 Anchisen
585 1057 792 1135 facio
824 1074 1170 1159 certum,
1216 1086 1557 1163 remque
1585 1060 1870 1136 ordine
1903 1059 2197 1161 pando.

181 1161 555 1261 Adgnovit
603 1163 921 1264 prolem
986 1165 1477 1264 ambiguam,
1540 1165 2067 1265 geminosque
2114 1188 2404 1266 paren-

1316 1269 1453 1362 tis3
1984 1303 1988 1307 >
2258 1276 2404 1348 180

181 1368 418 1470 Seque
454 1393 675 1445 novo
706 1384 1072 1447 veterum
1104 1369 1536 1474 deceptum
1574 1394 1846 1448 errore
1883 1369 2276 1449 locorum.

269 1513 424 1586 174.
477 1531 853 1588 manaa.

292 1713 390 1771 174
428 1719 790 1836 Viteatasgue
817 1715 985 1771 wall.
1024 1734 1090 1768 ex
1124 1716 1342 1786 interpr.
1360 1714 1646 1801 ⁹(v1'debam
1672 1716 1823 1786 prior
1841 1714 2032 1770 Medic.
2057 1712 2236 1767 lectio.
2258 1712 2404 1780 Wr.)

178 1783 260 1837 175
280 1798 502 1867 pectore
542 1786 653 1837 (luo

735 1804 864 1840 urm.
933 1787 1278 1838 Parenthesin
1324 1805 1410 1839 nx
1456 1804 1671 1839 necesse
1718 1788 1789 1839 ad
1822 1787 1978 1838 huius
2023 1803 2200 1838 versus
2248 1784 2405 1835 finem

176 1865 464 1910 continuare.
531 1856 708 1907 Poeta
743 1856 864 1909 data
898 1873 1064 1925 opera
1098 1852 1359 1918 ἀτάκτως
1393 1856 1541 1925 loqui
1574 1856 1749 1927 potuit
1777 1856 1890 1926 ‘tali
1937 1856 1990 1907 in
2038 1873 2129 1918 τος
2188 1863 2297 1904 tum
2339 1871 2404 1904 ue

176 1938 328 1974 versus
362 1925 435 1977 sic
469 1926 785 1977 decurrunt:
852 1924 1079 1978 Talibus
1126 1928 1402 1979 attonitus
1447 1928 1585 1978 visis
1617 1944 1684 1977 ac
1717 1944 1849 1978 voce
1875 1926 2101 1978 deorum
2147 1923 2284 1994 (scil.
2339 1941 2405 1973 a·-

179 2001 268 2042 ctns
314 1994 459 2062 snm.)
545 1995 673 2047 Nec
705 2012 748 2046 s.
796 2025 863 2034 —
904 1992 1166 2046 manabat
1216 2014 1446 2066 corpote
1496 1995 1688 2048 sudor.
1753 1996 1911 2078 §Sane
1961 1992 2120 2047 etiam
2166 2011 2246 2047 vs.
2283 1994 2403 2048 175.

176 2058 531 2129 παρένθετος,
569 2063 736 2115 modo
771 2064 827 2115 in
862 2065 965 2116 fine
1000 2083 1077 2117 vs.
1115 2062 1234 2119 174.
1270 2075 1516 2133 punctum
1551 2064 1607 2115 in
1645 2065 1933 2117 semicolon
1965 2074 2224 2125 mutetur3
2275 2062 2404 2113 duas

178 2131 293 2182 enim
324 2132 474 2185 affert
509 2151 700 2185 causas
735 2138 971 2197 Aeneas,
1016 2152 1175 2202 quare
1211 2134 1341 2184 deos
1383 2152 1482 2202 per
1516 2151 1752 2186 somnum
1784 2135 1930 2203 ipsos
1963 2133 2068 2186 sibi
2101 2131 2405 2202 apparuisse

173 2201 356 2264 credat3
391 2220 613 2272 quarum
650 2201 816 2255 altera
850 2203 983 2255 haec
1018 2213 1135 2266 est,
1169 2202 1313 2271 quod
1347 2205 1420 2255 ita
1457 2222 1514 2254 sc
1548 2204 1786 2256 affectum
1821 2203 2114 2267 sentiebat,
2146 2201 2406 2271 quemad-

173 2271 351 2323 modum
385 2273 560 2325 solent
594 2271 735 2324 affici
752 2310 768 2338 ‚

822 2273 912 2341 qui
946 2290 1058 2323 rem
1107 2272 1345 2324 horroris
1392 2273 1602 2342 plenam
1648 2272 1921 2342 vigilantes
1955 2273 2154 2324 vident.
2222 2273 2290 2322 Et
2327 2269 2405 2323 sic

173 2338 307 2391 etiam
338 2342 622 2396 Wunderl.
662 2351 716 2392 et
753 2342 896 2394 lahn.
933 2341 1380 2411 interpunxerunt.
1451 2344 1695 2396 Ceterum
1728 2342 1833 2395 vid.
1873 2345 1938 2397 V.
1971 2343 2033 2395 L.
2072 2342 2141 2394 ad
2173 2358 2248 2393 vs.
2280 2341 2400 2395 172.

176 2410 372 2534 ilci-vain.
406 2481 475 2536 cf.
514 2482 698 2534 Burm-

173 2559 269 2599 utm
286 2548 440 2621 [σεῖο
475 2550 603 2607 Alb.
650 2553 736 2603 W
726 2550 792 2618 r.)

170 2703 334 2740 errore
361 2692 584 2743 viarum
621 2707 704 2759 pr.

169 2842 398 2917 „Debuit
462 2845 625 2907 hoc
684 2846 882 2907 meriti
947 2846 1238 2911 summa

166 2930 321 2990 fuisse
348 2932 524 2995 mei.“
583 2931 713 2993 vid.
757 2932 838 2992 ad
871 2933 1064 3013 Viget.
1097 2954 1233 3014 pag.

171 3019 291 3081 178.
370 3019 661 3079 Ceterum
699 3019 773 3077 cf.
816 3019 889 3078 V.
933 3020 999 3079 L.
1041 3019 1121 3079 ad
1145 3041 1235 3079 vs.

171 3101 292 3165 151.
339 3104 517 3188 Wr.)
648 3104 788 3168 174.
838 3102 1096 3163 Velatae
1126 3127 1235 3164 co-

169 3204 302 3248 mae.
355 3191 501 3250 Erat
529 3189 689 3249 adeo
709 3189 1021 3249 Penatium
1051 3199 1236 3271 caput

170 3270 301 3330 vina
325 3276 698 3335 redimitum.
751 3276 826 3334 cf.
862 3276 1114 3337 Excurs.
1144 3277 1234 3335 lx

170 3355 237 3415 ad
265 3358 328 3436 ΙΙ,
368 3366 513 3427 293.
555 3370 620 3420 et
662 3361 950 3441 Pompon.
989 3361 1126 3422 Sab.
1155 3361 1236 3421 ad

168 3435 221 3499 h.
257 3443 295 3503 l.
395 3449 536 3514 175.
602 3445 703 3506 Ad
753 3448 930 3506 Ennii
981 3448 1235 3508 ductum

170 3528 314 3606 apud
342 3530 614 3595 Macrob.
648 3532 746 3607 Vl,
780 3538 834 3596 1.
926 3536 1065 3599 17⁷.
1092 3556 1233 3592 mu-

168 3632 293 3672 nera
319 3619 694 3693 intemerata,
741 3617 954 3677 viuum
984 3638 1231 3699 purum,

172 3692 584 3776 (recordaberis
653 3704 981 3764 verborum
1060 3726 1233 3783 egn-

167 3787 317 3862 θέω,
358 3792 653 3865 eximius,
701 3790 909 3864 lectus,
958 3790 1025 3849 in
1051 3790 1234 3850 sacris

170 3884 597 3951 usurpatorum.
635 3877 741 3936 W
732 3873 861 3958 ch.)
905 3895 1077 3955 pure,
1118 3875 1234 3936 rite

170 3949 416 4019 libatum.
464 3959 634 4039 quod
661 3982 899 4037 manue,
942 3982 1088 4021 mox
1116 3962 1233 4020 Ιιο-

170 4058 283 4097 noc-
342 4042 508 4125 (Post
539 4047 770 4105 somnia
797 4047 926 4107 visa
953 4047 1234 4127 precibus

171 4132 223 4183 et
246 4130 585 4191 muneribus
636 4132 779 4192 deos
809 4132 1047 4213 placare
1076 4134 1234 4193 sole-

169 4206 300 4271 bant
346 4216 587 4294 Graeci,
652 4218 729 4279 cf.
772 4217 955 4299 Soph.
1015 4218 1232 4279 Electr.

172 4296 298 4360 634.
340 4321 464 4380 sqq.
509 4302 715 4364 A'esch.
754 4304 915 4371 Pers.
960 4305 1129 4381 215„
1172 4314 1234 4364 et

170 4378 441 4462 Romani,
510 4388 634 4450 vid.
668 4390 885 4452 Tibull.
932 4391 979 4468 1,
1026 4389 1086 4468 Β,
1135 4394 1232 4457 13.

438 2414 543 2467 176
580 2429 616 2462 e
663 2411 816 2464 deest
861 2407 1065 2482 aliquot
1109 2410 1364 2463 Pierianis
1412 2422 1468 2463 et
1501 2414 1685 2465 Franc.
1756 2431 1823 2465 ex
1855 2415 2011 2464 Voss.
2082 2430 2148 2462 ex
2180 2411 2406 2462 structis

819 2483 922 2536 178
956 2479 1249 2552 Praefecto
1282 2482 1468 2535 Franc.

934 2553 1037 2607 180
1071 2551 1279 2603 Nonius
1311 2552 1454 2603 forte
1488 2553 1795 2622 ancipitem.
1836 2553 1932 2603 sed
1964 2571 2013 2604 v.
2047 2550 2226 2602 Heius.
2277 2551 2404 2620 (pa—

171 2631 329 2671 rentes
357 2620 572 2685 Medic„
612 2620 713 2671 sed
781 2622 996 2671 arentis
1027 2620 1096 2674 fr.
1129 2623 1253 2673 vat.
1297 2622 1444 2689 Wt.)

790 2690 1044 2758 ambus-g„
1080 2691 1175 2742 sed
1209 2709 1257 2748 v.
1290 2693 1566 2743 Burmann.
1635 2710 1681 2744 e.
1708 2703 2005 2763 parentum
2037 2689 2238 2758 aliquot
2265 2687 2401 2741 Pier-

1589 2483 1690 2537 179
1723 2483 2013 2535 Anchisem
2046 2479 2211 2533 multi.
2247 2479 2396 2548 (cer-

1585 2622 1686 2676 181
1723 2621 1949 2692 decepto
1986 2620 2241 2673 nottend.
2276 2628 2402 2669 tert.

1323 2850 1515 2912 Wch.
1600 2847 1721 2908 Sed
1775 2847 1965 2906 aliena
2001 2844 2155 2909 haec
2210 2866 2247 2905 a
2284 2865 2404 2905 no-

1317 2945 1448 2996 stro
1490 2935 1624 2994 loco
1659 2933 1961 3013 exempla,
1999 2940 2215 3013 utpote
2252 2952 2402 3013 pro-

1319 3021 1695 3081 curationem
1731 3019 2092 3078 tristium
2137 3016 2402 3078 somnio·-

1317 3128 1458 3167 rum
1480 3105 1880 3180 illustrantia3
1904 3125 2120 3165 verum
2148 3103 2267 3164 hoc
2291 3121 2403 3163 nec

1320 3193 1494 3252 triste
1510 3236 1527 3267 ,
1587 3202 1648 3252 et
1678 3211 1755 3251 ne
1796 3191 2097 3251 somnium
2140 3189 2401 3269 quidem.

1325 3281 1421 3340 W
1420 3302 1472 3337 r.

1412 3276 1549 3427 18)o.
1595 3365 1735 3426 181.
1790 3360 2052 3440 Agnovit
2103 3360 2402 3440 duplicem

1320 3447 1724 3507 Troianorum
1765 3456 1970 3506 ortum
2019 3467 2089 3506 ac
2121 3448 2401 3526 stirpem:

1319 3534 1571 3593 alteram
1601 3554 1636 3590 a
1663 3532 1963 3608 Dardano,
2007 3532 2259 3594 alteram
2280 3531 2402 3591 du·

1318 3629 1482 3679 ctam
1509 3638 1544 3676 a
1587 3618 1850 3694 Teucr0;
1894 3617 2160 3695 adeoque
2200 3616 2401 3676 anabi-

1312 3725 1449 3784 gua
1467 3704 1671 3782 proles
1696 3702 1812 3781 ipsi
1838 3712 1984 3762 sunt
2005 3703 2266 3779 Troiani,
2297 3701 2404 3780 qui

1318 3801 1381 3851 et
1407 3788 1671 3849 Dardani
1710 3796 1773 3847 et
1802 3789 2016 3848 Teucri
2044 3786 2132 3870 (et
2158 3788 2223 3848 hi
2258 3796 2403 3848 sunt

1312 3879 1549 3957 gemini
1593 3873 1898 3958 parentes)
1965 3866 2152 3953 genus
2207 3882 2401 3934 erant.

1317 3960 1581 4042 Agnovit
1601 3980 1784 4040 porro
1807 3959 2092 4022 Anchises
2113 3962 2179 4020 in
2202 3959 2402 4020 inter—

1317 4046 1616 4129 pretando
1649 4045 1941 4126 Apollinis
1964 4047 2112 4106 Delii
2133 4046 2400 4121 oractsso,

1318 4155 1457 4195 cum
1482 4135 1737 4213 antiqua
1762 4148 1955 4193 mater
1980 4142 2042 4192 et
2059 4136 2266 4212 prima
2283 4132 2397 4189 tel-

1315 4222 1413 4283 lus
1454 4227 1608 4278 esset
1650 4218 2020 4298 exquirenda
2038 4264 2056 4295 ,
2111 4241 2174 4277 se
2222 4218 2398 4275 dece-

1306 4319 1490 4384 ptum
1529 4323 1652 4364 esse
1706 4328 1860 4365 novo
1902 4326 2087 4364 errore
2140 4315 2399 4360 veterum

1316 4393 1580 4452 Iocorum
1599 4435 1616 4466 ,
1664 4389 1726 4451 h.
1761 4411 1809 4451 e.
1840 4409 2047 4453 errore
2074 4389 2232 4450 circa
2263 4386 2396 4445 loca
