2882 5028
418 349 564 423 134

891 345 974 418 P.
1020 342 1543 418 VIRGILII
1595 340 2145 417 MARONIS

413 529 708 606 Punica
751 552 996 626 regua
1036 528 1296 624 videS,
1353 528 1633 625 Tyrios
1667 540 1748 602 et
1774 529 2162 623 Agenoris
2191 527 2531 620 urbemg

416 632 581 709 Sed
617 629 822 707 fines
856 621 1162 730 Libyci;
1215 655 1468 730 genus
1495 630 1988 706 intractabile
2032 629 2269 708 bello.

413 737 860 837 Imperium
893 735 1103 813 Dido
1139 737 1370 835 Tyria
1401 734 1608 832 regit
1647 733 1847 809 urbe
1880 731 2292 834 profecta,'

2517 738 2689 814 340

416 843 908 916 Germanum
943 837 1274 940 fugiens,
1377 843 1652 935 Longa
1686 851 1804 913 est
1834 838 2152 933 iniuria,
2208 837 2494 934 longae

414 942 842 1041 Ambage53
895 943 1043 1021 sed
1073 970 1387 1022 summa
1415 967 1707 1044 sequar
1735 939 2037 1040 fastigia
2065 966 2362 1019 rerum.

516 1090 690 1162 339.
742 1084 1058 1178 Lmrm,

553 1304 661 1358 338
696 1301 861 1356 arbee
897 1305 1093 1359 Medic.
1140 1324 1174 1357 ι
1213 1323 1282 1358 m.
1320 1323 1401 1372 pr.
1464 1306 1569 1388 (est
1609 1322 1671 1357 ea
1706 1303 1854 1375 prior
1894 1304 2074 1357 lectio.
2116 1302 2261 1372 Wr.)

404 1374 561 1442 fines
579 1376 647 1424 L.
669 1373 846 1441 Bigot.
913 1374 1108 1443 Lilyci
1130 1376 1287 1444 fines
1325 1374 1543 1427 Dorvill.
1596 1375 1676 1441 (et
1717 1374 1837 1428 Alb.
1891 1375 2036 1440 Wr.)

2402 1302 2507 1357 339
2539 1301 2692 1352 ‘sune

2110 1375 2269 1458 fines
2295 1371 2466 1442 Libye
2511 1370 2691 1422 Goth.

417 1453 545 1494 tert.
584 1452 642 1492 et
680 1442 1006 1512 Guelpherb.
1036 1461 1165 1496 unus
1204 1463 1236 1496 a
1278 1445 1459 1496 Cortio
1498 1443 1739 1496 collatus.
1816 1445 1877 1512 (1.
1909 1445 1970 1496 H.
1997 1446 2062 1495 H.
2107 1462 2161 1495 m
2206 1442 2409 1495 classic.
2448 1439 2691 1492 lom-nal.

421 1511 576 1568 1814.
613 1529 693 1565 nr.
728 1513 922 1565 xvm.
965 1533 1018 1583 p.
1048 1515 1170 1568 590.
1200 1513 1414 1566 coniicit
1437 1514 1672 1582 Adfinee
1706 1512 1914 1581 Lilyci.
1959 1512 2103 1581 Wr.)
2171 1531 2352 1583 genus
2377 1514 2690 1581 insupera-

419 1580 527 1634 bile
548 1579 771 1633 Pia-iani
798 1582 1029 1651 aliquot,
1073 1586 1266 1636 Mox-et.
1296 1592 1466 1653 quart.
1504 1593 1558 1635 et
1589 1583 1753 1636 Goth.
1776 1601 1880 1636 sec.
1921 1584 2073 1636 Leid.
2111 1593 2169 1633 et
2210 1585 2338 1650 Reg.
2372 1597 2470 1651 pro
2508 1579 2689 1648 gloss.

417 1650 560 1703 forte
592 1669 658 1702 ex
684 1653 774 1715 IV,
801 1650 888 1705 40.
957 1651 1309 1706 intractabile
1323 1651 1489 1723 fetro
1518 1652 1732 1706 ondart.
1802 1655 1903 1721 (—
1936 1654 2058 1708 340.
2094 1651 2311 1703 Bothius
2348 1651 2401 1701 iu
2446 1648 2690 1716 Virgilio

419 1719 717 1788 virgiliano
747 1721 962 1784 scribit,
1000 1741 1197 1794 regere
1219 1724 1503 1794 imperium
1542 1721 1633 1790 qui
1668 1722 1893 1788 dixerit,
1943 1722 2079 1775 scire
2120 1740 2178 1773 sc
2203 1721 2490 1780 neminem3
2540 1718 2691 1770 scri-

420 1789 647 1842 bendum
677 1808 794 1842 esse
818 1793 995 1862 ger-133
1032 1792 1129 1843 sed
1154 1791 1260 1843 vid.
1289 1792 1439 1843 Ovid.
1469 1794 1565 1860 Ep.
1592 1809 1654 1842 ex
1681 1793 1736 1860 Ρ.
1768 1793 1856 1854 ΙΙΙ,
1891 1793 1943 1854 3,
1979 1795 2096 1849 61.:
2154 1790 2279 1862 „Sic
2323 1799 2525 1857 regat
2562 1789 2692 1839 im-

472 1857 716 1923 erium,
753 1870 917 1912 terras
957 1878 1023 1914 ue
1048 1872 1293 1914 coerceat
1323 1879 1500 1913 omnes
1531 1861 1770 1913 Ceeser.“
1805 1863 1874 1912 Et
1901 1863 2029 1913 iura
2057 1875 2247 1931 regere
2274 1860 2520 1910 dixerunt
2545 1863 2691 1911 Stat.

473 1927 595 1980 heb.
630 1930 729 1992 XI,
766 1929 884 1983 165.

421 1996 582 2049 etiam
597 1996 803 2067 frena,
835 1997 1083 2051 habenas
1111 2019 1317 2072 regere.
1358 2002 1443 2053 W
1438 2001 1508 2067 r.)

990 1931 1114 1982 enil.
1153 1933 1246 1996 lv,
1281 1931 1396 1992 59.;
1447 1931 1552 1983 vid.
1582 1931 1873 1982 Markland.
1904 1931 1971 1982 ad
2000 1936 2131 1982 Stat.
2156 1934 2207 1981 S.
2234 1931 2276 1994 1,
2309 1932 2362 1992 2,
2397 1929 2520 1983 267.
2596 1928 2692 1980 Sic

1648 1999 1755 2055 342
1793 2002 2043 2072 Vestigia
2069 2000 2313 2052 Pari-hes.
2358 2000 2566 2066 Meneg.
2598 2015 2691 2065 pr.

421 2067 611 2118 Bamb.
641 2084 723 2135 pr.
749 2076 805 2119 et
828 2067 1085 2149 Rottend.
1115 2087 1198 2139 pr.
1226 2087 1327 2138 pro
1359 2088 1470 2123 ver.
1495 2070 1620 2124 lect.
1691 2071 1806 2123 Nec
1835 2069 1942 2122 hoc
1971 2069 2124 2122 male.
2176 2069 2273 2121 sed
2285 2066 2535 2140 fasn'gia
2561 2079 2692 2119 sunt

421 2136 598 2207 cupite
622 2135 952 2189 narrationis.

423 2299 694 2371 mortalis
729 2313 897 2391 virgo
940 2312 1167 2389 videri,
1212 2334 1336 2372 non
1377 2313 1508 2374 dee.

424 2399 571 2462 337.
598 2395 694 2455 Ad
708 2406 1039 2459 venantum
1066 2398 1344 2459 habitum
1369 2420 1518 2480 spe-⁴

425 2491 550 2544 ctat
576 2482 932 2545 cothurnus.
1002 2485 1119 2545 Res
1148 2495 1328 2562 ncts3
1370 2506 1446 2545 ne
1473 2507 1507 2545 a

424 2569 696 2629 sentibus
732 2579 793 2629 et
832 2570 1092 2631 silicibus
1122 2571 1509 2632 laederentur

424 2676 624 2716 crura.
708 2657 929 2717 Versus
953 2676 1031 2716 ex
1058 2657 1226 2717 Livio
1261 2657 1510 2718 Andro-

425 2742 562 2802 nico
592 2742 1014 2802 adumbratus:
1059 2745 1182 2802 Sed
1199 2747 1329 2803 iam
1347 2766 1508 2824 pur-

417 2849 606 2907 pw‘eo
625 2850 801 2887 sut-ae
815 2830 1055 2890 inchcde
1084 2830 1390 2890 cothunw.
1433 2832 1509 2890 cs.

424 2933 558 2993 sup.
585 2912 705 2974 Ecl.
722 2914 851 2992 vn,
881 2918 983 2979 82.
1030 2911 1117 2995 (et
1141 2916 1512 2995 Peerlkamp.

422 2999 488 3058 in
516 2998 798 3058 Biblioth.
824 2999 959 3060 crit.
981 2999 1110 3060 Vol.
1131 3000 1200 3061 11.
1226 3021 1361 3081 pag.
1378 3004 1514 3078 36.;

427 3091 561 3143 tum
600 3083 923 3145 Weichert.
985 3087 1228 3146 Poetar.
1287 3089 1505 3146 Latin.

435 3170 504 3231 V
495 3171 564 3228 it.
595 3183 651 3228 et
682 3170 882 3229 Carm.
911 3171 1118 3251 Retiq.
1154 3192 1210 3251 p.
1239 3176 1341 3239 63.
1362 3192 1512 3251 sqq„

426 3254 531 3334 qui
574 3276 784 3316 versus
823 3257 978 3327 istos,
1010 3277 1136 3315 non
1177 3258 1362 3335 Livii,
1404 3257 1514 3318 sed

424 3341 627 3401 Laevii
654 3360 778 3400 esse
809 3342 1008 3401 docet.
1044 3340 1214 3424 Wr.)

514 3430 660 3493 838.
701 3429 1001 3506 Agenoris
1030 3426 1232 3487 urbem
1240 3451 1266 3501 ;
1300 3449 1335 3486 a
1360 3446 1512 3506 pro-

425 3512 594 3592 genie
635 3512 924 3591 Agenoris
964 3513 1291 3585 conrlstnm,
1333 3531 1514 3592 quem

428 3599 800 3658 Graecorum
847 3599 1044 3679 mythi
1102 3595 1188 3680 (v.
1233 3597 1513 3681 Apollod.

432 3683 501 3757 11,
522 3689 579 3759 1,
610 3682 670 3747 4.
698 3684 794 3760 111,
817 3689 872 3760 1,
898 3682 961 3766 1)
985 3683 1348 3746 Phoenicum
1362 3705 1515 3745 con-

429 3768 719 3844 ditorem,
758 3790 836 3828 ex
863 3769 1134 3851 Aegypto
1167 3772 1514 3847 oriundum,

393 3854 396 3867 '
429 3865 493 3915 et
518 3855 647 3915 eius
674 3866 947 3935 posteros
967 3857 1205 3918 Sidonis
1231 3879 1397 3938 reges
1414 3860 1515 3917 fa·-

429 3941 618 4017 ciunt,
661 3962 785 4001 non
811 3944 977 4023 Tyri,
1009 3964 1161 4022 quse
1191 3945 1387 4004 multo
1414 3962 1513 4002 se-

427 4026 556 4087 rius
594 4035 658 4087 et
693 4028 905 4088 floruit
948 4040 1012 4090 et
1044 4031 1285 4090 Graecis
1323 4032 1511 4090 inno-

428 4112 568 4173 tuit.
664 4113 897 4173 Sidonii
940 4149 1027 4162 —
1078 4119 1273 4195 Dyma
1309 4117 1514 4176 tabem

427 4212 570 4258 ante
639 4220 873 4259 annum
943 4204 1244 4261 Troimme
1314 4201 1512 4263 cladis

427 4285 815 4345 condideram
833 4330 853 4362 ‚
899 4286 1108 4347 lustin.
1162 4288 1392 4365 XVIII,
1450 4295 1510 4355 8.

426 4369 563 4432 Noli
588 4370 796 4451 itaque
821 4371 1048 4453 mirari,
1065 4373 1368 4452 Sidonem,
1386 4393 1510 4447 non

1590 2314 1841 2392 Tyrum,
1877 2312 2142 2372 Homero
2160 2312 2499 2373 memorari.
2533 2309 2692 2392 (Mi-

1590 2420 1660 2460 ra
1705 2398 1969 2458 brevitas
2007 2419 2122 2479 pro
2174 2398 2407 2458 vides
2450 2398 2687 2457 Puni-

1592 2505 1677 2545 ca
1719 2505 1981 2563 regna,
2042 2485 2177 2545 ubi
2222 2483 2447 2566 Tyrii
2496 2494 2695 2545 sunt

1593 2580 1666 2630 et
1702 2572 1892 2630 urbs
1926 2572 2331 2650 Agenoris.
2389 2571 2544 2631 Nam
2570 2592 2695 2631 ur-

1592 2660 1729 2716 bem
1773 2657 1966 2737 ipsam
2005 2658 2247 2733 Aeneae,
2293 2658 2392 2717 cui
2432 2657 2696 2716 media

1593 2743 1789 2802 silva
1820 2751 2171 2804 occurrerat
2193 2753 2388 2803 mater
2408 2763 2498 2802 vs.
2513 2742 2696 2819 314„

1593 2826 1804 2889 videre
1826 2850 1949 2888 non
1974 2829 2196 2909 potuit.
2229 2832 2334 2890 W
2324 2827 2456 2909 ch.)
2536 2831 2697 2895 339.

1597 2914 1721 2972 Sed
1734 2914 1903 2989 fines
1933 2915 2154 2994 Libyci
2178 2924 2342 2990 sunt,
2386 2914 2449 2974 h.
2482 2933 2536 2974 e.
2577 2935 2695 2974 so-

1594 2999 1723 3059 lum
1757 3010 1848 3059 est
1875 3001 2093 3081 Libyae
2123 3020 2296 3080 pers;
2340 2998 2518 3082 (fines
2548 3020 2698 3058 sae-

1595 3105 1672 3165 pe
1726 3106 1840 3165 pro
1891 3086 2021 3167 ipsa
2076 3086 2317 3166 regione
2334 3136 2349 3162 ,
2400 3085 2547 3146 vide
2585 3087 2697 3147 vel

1593 3171 1825 3250 Burm.)
1866 3172 2158 3251 simulque
2170 3173 2338 3247 fines
2363 3193 2476 3252 pro
2503 3172 2696 3232 inco-

1592 3258 1685 3331 lis,
1719 3257 2000 3336 Libybus,
2035 3258 2208 3332 dixit,
2236 3259 2341 3336 qui
2368 3267 2545 3317 erant
2570 3280 2695 3337 po-

1595 3343 1776 3422 pulus
1802 3343 2151 3419 indomitus,
2197 3364 2370 3424 asper
2398 3353 2459 3403 et
2487 3346 2694 3405 ferox.

1595 3428 1746 3487 Nam
1776 3427 1854 3486 ad
1883 3429 2113 3509 Libyes,
2156 3450 2280 3488 non
2309 3430 2384 3488 sd
2418 3429 2696 3490 Phoeni-

1596 3533 1722 3588 ces,
1766 3513 1886 3573 hoc
1935 3524 2192 3594 spectat:
2247 3536 2442 3593 genus
2485 3518 2696 3575 imm-

1595 3599 1813 3659 otabile
1844 3600 2032 3677 bello,
2077 3602 2460 3672 indomitum,
2506 3595 2696 3681 α’μαι-

1597 3680 1877 3765 μᾶκετον,
1896 3683 2146 3750 ἄσεπτον.
2190 3685 2419 3768 (Friget
2432 3686 2554 3746 hoc
2573 3709 2698 3766 ge-

1596 3793 1710 3829 nus
1748 3773 2122 3832 intractabile
2153 3773 2328 3848 bello,
2377 3775 2424 3832 si
2461 3774 2543 3833 ad
2583 3776 2697 3834 Li-

1596 3855 1740 3937 byes
1757 3857 2062 3934 retulerim
2105 3877 2298 3937 neque
2323 3860 2502 3935 enim,
2527 3881 2698 3938 qus-

1595 3963 1664 4002 re
1695 3943 1908 4023 Libyes
1932 3942 1999 4003 h.
2032 3946 2072 4004 L
2100 3946 2390 4005 eiusmodi
2420 3946 2698 4025 epitheto

1597 4038 1774 4089 ornet
1816 4039 2028 4108 poeta,
2089 4040 2354 4111 apparet.
2472 4032 2698 4112 ltaque

1594 4116 1840 4195 gravius
1882 4117 2235 4197 intel-punxi
2275 4126 2417 4196 post
2447 4119 2698 4197 Libyci,

1595 4211 1669 4261 ut
1694 4202 1954 4262 alterum
1973 4202 2417 4264 hemistichium
2450 4205 2533 4264 ed
2559 4207 2700 4286 Ty-

1594 4288 1717 4347 rios
1744 4289 2061 4350 reseratur.
2136 4289 2234 4349 ¹Ac
2261 4290 2695 4351 fortitudinem

1595 4373 2175 4454 Carthaginiensium
2243 4378 2486 4457 experti
2547 4388 2697 4439 sunt
