2882 5028
497 420 648 495 844
977 412 1878 488 EXCURSUS
1982 412 2314 486 11.111

494 627 642 685 sqq.,
687 604 901 685 quibus
942 601 1202 662 Aeneam
1249 622 1425 663 suum
1467 609 1645 682 poeta
1689 610 1996 661 auctorem
2038 602 2244 682 templi
2287 601 2462 677 facit,
2505 598 2617 658 etsi
2656 599 2722 659 de

493 690 613 752 hoc
654 691 1015 769 scriptorum
1060 686 1206 747 fides
1265 689 1532 747 omnium
1575 707 1696 747 non
1749 689 2054 748 convenit.
2139 689 2344 748 Potest
2397 695 2596 745 tamen
2638 695 2723 744 te—

491 777 655 852 neri,
719 774 883 855 quod
940 783 1003 834 et
1045 774 1344 833 Diodorus
1384 773 1487 834 lib.
1532 774 1612 832 1v
1668 772 1778 832 sub
1822 774 1882 849 s.,
1950 774 2052 852 qui
2097 773 2373 832 classicus
2431 771 2507 830 de
2549 771 2724 849 Eryce

491 863 660 922 locus
712 870 833 936 est,
887 859 1124 940 prodit,
1196 861 1368 919 novis
1426 858 1636 917 saltem
1692 857 2007 918 decoribus
2063 859 2351 938 templum
2409 858 2485 915 ab
2542 856 2724 915 Aenea

489 947 668 1007 fuisse
710 954 1021 1022 ornatum3
1076 955 1137 1003 et
1176 945 1336 1004 inter
1392 944 1860 1003 manifestissima
1915 942 2147 1003 Aeneae
2195 945 2260 1003 in
2318 943 2586 1002 Siciliam
2628 942 2727 1001 ad-

490 1041 709 1092 ventus
752 1030 972 1091 indicia
1015 1051 1048 1090 a
1092 1031 1331 1110 Dionys.
1374 1030 1421 1105 Ι,
1471 1029 1554 1094 58
1601 1038 1969 1089 memoratur
2011 1034 2122 1110 τῆς
2154 1023 2482 1102 Αἰνειάδος
2521 1022 2726 1110 ’Λφρο-

490 1119 658 1198 δίτης
701 1115 740 1181 ὁ
791 1113 1026 1198 βωμός,
1081 1116 1326 1176 Veneris
1385 1077 1677 1176 Aeneadis
1723 1135 1826 1175 ara
1878 1115 1942 1174 in
1998 1116 2190 1195 Eryce
2245 1123 2467 1174 monte.
2557 1112 2725 1189 Quod

489 1222 638 1263 vero
685 1202 947 1279 mireris,
1021 1222 1147 1262 non
1202 1201 1476 1278 defuere,
1548 1200 1654 1280 qui
1708 1199 1970 1260 Aeneam
2012 1200 2259 1260 Veneris
2299 1199 2603 1279 Erycinae
2651 1198 2725 1257 si-

487 1309 671 1366 gnum
724 1308 926 1347 secum
987 1296 1319 1369 asportasse
1378 1286 2000 1364 comminiscerentur3
2068 1288 2118 1345 si
2159 1305 2304 1346 vera
2346 1295 2531 1362 sunt,
2591 1303 2727 1365 qnae

489 1374 728 1433 Solinus
772 1373 952 1433 habet
1004 1395 1053 1433 c.
1098 1378 1159 1449 2,
1211 1393 1340 1453 pag.
1389 1376 1466 1436 13
1505 1373 1568 1432 Ε.
1611 1392 1764 1450 agro
1810 1371 2383 1446 Laurenti—ubi,
2445 1372 2601 1429 dum
2650 1373 2724 1429 si·

490 1461 821 1519 mulacrum
834 1508 852 1540 ,
929 1460 1093 1540 quod
1141 1480 1339 1517 seeum
1399 1479 1474 1516 ex
1535 1459 1748 1516 Sicilia
1781 1459 2160 1533 advexerat,
2224 1457 2467 1515 dedicat
2521 1458 2728 1517 Veneri

488 1548 707 1619 matri,
768 1565 923 1625 quae
965 1547 1168 1603 Phaia
1209 1544 1441 1603 dieitur.
1529 1543 1884 1619 Salmasius,
1927 1564 2084 1622 quae
2128 1545 2337 1621 Erycis
2380 1543 2610 1602 dicitur
2645 1542 2725 1601 le-

485 1630 589 1711 git.
674 1628 844 1690 Male.
895 1650 955 1691 v.
997 1631 1107 1690 Ios.
1133 1629 1388 1708 Scaliger
1430 1628 1509 1688 ad
1548 1628 1792 1688 Festum
1835 1630 1898 1688 in
1917 1630 2228 1687 Ιῆτιιίηαί.
2266 1630 2567 1707 templum
2611 1631 2723 1689 Ve-

486 1717 641 1775 neris
682 1717 908 1791 Butes,
966 1715 1089 1775 scil.
1134 1735 1166 1774 a
1216 1717 1408 1791 Rus,
1473 1714 1631 1773 unde
1663 1714 1859 1793 fmor.

658 1800 816 1860 Bene
877 1802 1054 1861 etiam
1105 1799 1383 1877 Acestae,
1438 1799 1560 1860 hoc
1603 1809 1729 1875 est,
1788 1803 2090 1880 Segestae,
2144 1796 2493 1880 primordiis
2555 1796 2722 1858 huius

486 1886 696 1965 templi
751 1886 916 1966 origo
971 1886 1385 1965 subiungitur:
1459 1905 1599 1945 nam
1643 1886 1862 1945 mansit
1901 1886 1965 1944 in
2008 1888 2459 1964 Segestanorum
2513 1882 2721 1943 ditione

485 1972 663 2030 etiam
709 1972 786 2032 ad
831 1974 1053 2032 seriora
1104 1981 1377 2051 tempora
1419 1971 1538 2031 hoc
1582 1971 1890 2051 templum,
1934 1979 2005 2029 ut
2047 1971 2191 2030 satis
2231 1990 2310 2029 ex
2344 1970 2540 2029 Cicer.
2583 1970 2720 2031 Ver-

482 2056 634 2117 rinis
678 2067 739 2118 et
787 2059 923 2117 Tac.
966 2058 1121 2119 Ann.
1167 2058 1263 2133 IV,
1308 2056 1390 2121 43
1430 2066 1684 2116 constat.

654 2142 840 2217 Quod
885 2142 959 2202 de
1003 2143 1301 2203 Anchiseo
1342 2143 1410 2201 in
1455 2144 1643 2223 Eryce
1685 2141 2092 2221 subiungitur,
2132 2161 2192 2199 v.
2234 2143 2382 2205 760.
2424 2144 2577 2217 761,
2618 2139 2719 2199 ha-

483 2229 590 2290 bet
631 2238 692 2286 et
727 2228 924 2308 ipsum
966 2227 1310 2288 historicam
1353 2229 1667 2288 rationem.
1753 2227 1969 2307 Hygia.
2010 2227 2051 2285 s.
2096 2230 2222 2291 260
2263 2228 2327 2283 in
2369 2224 2489 2283 hoc
2530 2239 2720 2285 autem

482 2325 678 2371 monte
727 2314 948 2371 dicitur
1001 2319 1185 2374 etiam
1238 2313 1534 2373 Anchises
1574 2313 1842 2391 sepultus·
1858 2337 1882 2385 ,·
1945 2312 2048 2371 etsi
2093 2311 2198 2371 Ge.
2234 2310 2551 2370 Fabricius
2607 2332 2719 2370 non

479 2398 634 2456 male
689 2399 1026 2478 suspicatur
1079 2398 1158 2458 ad
1218 2399 1509 2480 templum
1563 2407 1625 2457 et
1679 2399 2004 2459 Flaminem
2062 2397 2131 2454 D.
2178 2396 2444 2455 Caesaris
2488 2408 2717 2478 poetam

476 2500 782 2565 respicere.

647 2569 945 2646 Tandem,
1004 2570 1112 2630 etsi
1170 2570 1299 2631 ludi
1358 2571 1639 2631 funebres
1692 2577 1902 2650 poetae
1944 2567 2175 2648 ingenio
2218 2575 2278 2625 et
2319 2567 2572 2628 Homeri
2615 2588 2715 2628 ex·

479 2654 673 2734 emplo
721 2655 1017 2716 debentur
1063 2654 1163 2739 (εἶ.
1212 2656 1285 2715 ad
1329 2677 1423 2736 pr.
1467 2657 1569 2717 lib.
1612 2653 1726 2737 V),
1755 2655 1999 2713 inferiae
2043 2664 2240 2712 tamen
2288 2652 2621 2726 Anchisae,
2662 2658 2716 2712 in

477 2740 671 2800 Sicilia
714 2743 938 2820 factae,
999 2751 1061 2801 et
1117 2741 1494 2801 novemdiale
1550 2762 1787 2800 sacrum
1832 2739 2140 2818 antiquam
2183 2737 2451 2798 habuere
2497 2760 2716 2799 memo-

474 2827 647 2887 riam.
735 2828 913 2889 Ovid.
963 2827 1125 2887 Fast.
1177 2828 1252 2903 11,
1296 2827 1455 2905 543,
1522 2828 1627 2887 ubi
1672 2826 1746 2886 de
1789 2826 2001 2884 annuis
2045 2823 2303 2884 inferiis:
2360 2827 2716 2885 Hunc-*mo-

473 2933 602 2971 rem
642 2915 882 2973 Aeneas
909 2915 1162 2994 pietatis
1204 2913 1451 2973 idoneus·
1492 2926 1703 2972 auctor
1739 2913 1962 2970 Attulit
2005 2914 2069 2968 in
2111 2922 2293 2969 terras
2309 2953 2328 2983 ,
2392 2914 2553 2970 ἰιιειε
2588 2915 2715 2971 Ζα-

472 3001 634 3074 iine,
683 3012 843 3058 tuas.
933 3000 1050 3058 llle
1083 3002 1287 3076 patris
1321 2999 1514 3059 Genio
1556 3000 1847 3057 sollennia
1889 2997 2050 3055 dona
2083 2994 2361 3074 suebat,-
2405 2998 2584 3056 Hinc
2610 3020 2718 3076 po-

462 3085 608 3161 puli
646 3087 799 3143 ritus
842 3085 1128 3143 edidicere
1163 3087 1325 3162 pios.
1417 3087 1505 3145 Eo
1550 3091 1823 3164 spectant
1861 3079 1981 3140 hoc
2018 3082 2173 3141 libro
2216 3100 2460 3140 versus:
2508 3087 2612 3148 59.
2641 3088 2720 3149 60

469 3180 650 3247 atque
707 3169 859 3227 haec
912 3191 1009 3228 me
1064 3189 1242 3228 saera
1294 3174 1614 3249 quotannis
1679 3168 1836 3229 Unbe
1888 3169 2032 3225 velit
2075 3168 2289 3246 posita
2324 3170 2573 3245 tenqtlis
2609 3169 2721 3227 sihi

460 3250 621 3330 serre
664 3254 901 3313 dicatis.
995 3255 1226 3314 Fanum
1255 3253 1486 3315 Aeneae
1514 3259 1783 3336 Segestae
1826 3263 2118 3314 memorat
2155 3252 2401 3332 Dionys.
2439 3253 2488 3329 Ι,
2535 3258 2636 3321 58.

1394 3516 1797 3526 -ῃ-

1023 3706 1094 3792 Ε
1135 3706 1236 3792 X
1274 3704 1343 3795 C
1385 3706 1467 3794 U
1501 3708 1584 3794 R
1619 3709 1679 3794 S
1719 3707 1798 3794 U
1834 3707 1894 3792 S
1984 3706 2134 3790 III

584 3892 696 3960 De
737 3893 1022 3981 Eh‘mO,
1067 3894 1345 3960 Entello
1390 3893 1678 3984 aliisque
1721 3919 1800 3960 ex
1844 3891 2244 3982 antiquitate
2288 3892 2585 3962 Siciliae·

636 4066 706 4142 V,
773 4071 853 4130 78
908 4069 1048 4124 Hoc
1102 4068 1402 4142 Helymus·
1439 4066 1616 4144 facit
1628 4090 1653 4140 ;
1724 4066 1837 4125 hoc
1907 4069 2046 4125 aevi
2107 4078 2377 4124 matta-us·
2437 4068 2692 4124 Acesta.

459 4153 672 4231 Magna
714 4160 925 4234 poetae
969 4151 1147 4210 etiam
1189 4152 1254 4210 in
1297 4150 1412 4211 hoc
1456 4152 1608 4211 libro
1651 4152 1781 4211 laus
1824 4159 1939 4227 est,
1997 4151 2159 4229 quod
2201 4150 2520 4210 historicae
2563 4152 2694 4210 fidei

459 4239 689 4299 fabulas
731 4258 868 4297 suas
910 4237 1375 4317 superstruendo
1421 4238 1718 4298 eruditam
1774 4238 2029 4317 aliquam
2085 4238 2452 4317 voluptatem
2509 4236 2692 4296 lecto-

457 4325 626 4384 ribus
671 4323 935 4405 apponit.
1020 4325 1274 4400 Helymi
1314 4323 1469 4382 enim
1512 4323 1612 4384 vel
1666 4325 1872 4403 Elymi
1910 4323 2136 4383 clarum
2180 4342 2396 4383 nomen
2439 4324 2504 4382 iu
2538 4322 2688 4381 Sici·

452 4408 566 4467 'liae
612 4410 935 4488 originibus
961 4408 1248 4468 Troianis.
1335 4410 1514 4467 Troia
1559 4409 1657 4469 ille
1699 4409 1815 4468 iam
1861 4418 2000 4469 ante
2044 4410 2340 4470 excidium
2377 4409 2539 4469 urbis
2575 4427 2686 4465 ex-
