2882 5028
459 347 610 420 496

941 342 1023 415 P.
1075 287 1612 415 VI’RGILII
1662 339 2230 416 MARONIS
2321 444 2326 450 ⁴

460 527 642 607 Sola
673 550 1014 621 novum,
1068 525 1446 628 dictuque
1479 523 1738 622 nefas»,
1790 528 2126 627 Harpyia
2159 526 2514 605 Celaeno
2548 533 2692 609 365

455 631 923 728 Prodigium
950 629 1187 725 canit,
1244 643 1323 703 et
1351 630 1588 706 tristis
1636 628 2055 705 denuntiat
2080 630 2254 727 ἰιει5,

461 735 1078 834 obscenamque
1104 730 1443 831 famem)
1480 757 1685 835 quae
1717 734 1970 832 prima
2002 733 2356 833 pericula
2382 734 2601 812 vito?

461 838 773 935 Quidve
805 860 1147 938 sequens
1178 850 1443 912 tantos
1476 837 1773 937 possim
1806 860 2180 936 superare
2212 837 2583 914 labores?

456 944 604 1019 Hic
630 940 1020 1032 Helenu5‚
1078 941 1316 1015 caesis
1348 941 1700 1041 primum
1735 939 1837 1016 de
1869 966 2104 1016 more
2154 941 2527 1038 iuvenciS‚

455 1051 744 1122 Exorat
772 1068 1055 1145 pacem
1089 1041 1397 1141 divom,
1456 1044 1843 1145 vittasque
1870 1043 2197 1120 resolvit

2552 1052 2693 1124 370

561 1189 736 1265 365.
782 1203 1067 1258 Novum
1112 1205 1184 1260 n.
1240 1203 1484 1258 NEFAS
1534 1183 1627 1260 H.

591 1375 699 1431 365
732 1392 929 1427 novom
968 1372 1969 1455 Gud.A1pia,Arpyia,Harpeja
2007 1374 2104 1444 (sic
2143 1373 2331 1428 Medic.
2372 1373 2426 1427 h.
2467 1373 2505 1427 1.
2551 1373 2691 1439 Wr.)

458 1447 710 1499 aben-att.
743 1444 898 1495 codd.
971 1444 1072 1510 (An
1095 1441 1199 1494 hoc
1221 1443 1485 1494 Latinum·
1515 1445 1684 1513 prodi
1661 1463 1833 1526 :guam
1858 1444 1917 1495 di
1915 1454 2007 1495 cm
2040 1441 2234 1516 nesae?
2268 1443 2401 1496 Mihi
2423 1444 2585 1494 verba
2614 1444 2695 1493 di-

457 1528 584 1598 ctuq
587 1534 655 1566 ue
708 1532 779 1566 ne
807 1531 872 1564 as
917 1511 1234 1564 secludenda
1288 1513 1562 1573 videntum
1618 1523 1673 1567 et
1716 1512 1792 1564 aie
1836 1512 2099 1564 interdum
2142 1514 2328 1584 copula
2364 1510 2696 1583 parenthesin

453 1535 752 1717 ῗαοῖιὶίιὶιέι
749 1651 892 1702 forte
917 1649 1103 1714 etiam,
1140 1650 1349 1702 subiicit
1375 1653 1567 1716 Bul-m„

455 1723 547 1776 Nil
576 1738 806 1774 necesse.
853 1730 907 1770 at

852 1583 917 1644 Q.
966 1583 1034 1633 v.
1079 1582 1330 1644 xxxv,
1369 1584 1422 1636 9.
1463 1582 1607 1651 Wr.)

969 1737 1149 1772 ossum
1178 1720 1366 1772 nullibi
1390 1730 1661 1789 repertum
1688 1720 1865 1774 video.

1748 1583 1853 1636 368
1901 1584 2127 1648 Quodne
2175 1601 2221 1638 a.
2274 1585 2478 1665 possim
2517 1594 2697 1635 tantos

1616 1669 1739 1733 qua
1770 1671 1829 1722 p.
1869 1670 1929 1727 p.
1971 1652 2122 1704 vico?
2172 1670 2270 1722 qua
2314 1651 2426 1716 via,
2478 1651 2696 1703 ratione.

1936 1721 2014 1787 (at
2031 1734 2230 1803 potero
2257 1722 2374 1774 Alb.
2436 1725 2574 1773 Sane
2597 1719 2696 1770 mi-

454 1793 563 1844 rari
586 1793 807 1854 subeat,
852 1739 966 1839 ants
967 1789 1163 1840 cauma
1205 1808 1361 1859 quum
1396 1791 1682 1861 praecedat
1725 1792 1857 1855 vito,
1891 1789 1959 1841 de
1986 1808 2090 1859 quo
2131 1790 2236 1843 vid.
2280 1795 2345 1854 Q.
2389 1793 2457 1842 V.
2493 1791 2697 1850 xxxl,

453 1863 525 1928 4.,
560 1859 750 1913 subiici
774 1857 1155 1910 coniunctivnm
1175 1878 1401 1931 Ροεσιιιι.
1471 1860 1577 1910 Sed
1606 1860 1833 1942 deve
1854 1877 2097 1979 affluens
2107 1861 2316 1932 possim
2341 1859 2518 1911 hnnc'
2502 1877 2558 1910 ιιι
2586 1875 2699 1909 ιιιο-

454 1933 577 1984 dum
604 1930 814 1997 accipe:
850 1927 1051 1992 Quidve
1086 1945 1156 1978 se
1225 1946 1374 1993 nor,
1410 1939 1481 1979 ut

455 2013 568 2052 erat
596 1999 719 2051 huic
742 1998 861 2049 loco
887 1947 1208 2066 comparati}

453 2066 1267 2136 v.1..a‹11‹:01.1v‚52.Wr.)

456 2226 656 2288 adhuc
680 2226 909 2308 accepi,
951 2226 1139 2284 laetae
1173 2225 1308 2285 illae
1344 2233 1404 2285 et
1435 2246 1537 2285 se-

455 2313 703 2374 cundae.
761 2314 1038 2387 numine,
1072 2311 1253 2371 etiam
1274 2311 1393 2371 hoc
1420 2333 1535 2392 pro

454 2400 632 2459 effato
660 2397 869 2458 divino
904 2407 966 2457 et
1002 2407 1182 2457 sorte.
1266 2411 1537 2475 repostas

452 2484 803 2564 exquisitim
872 2503 1054 2564 quam
1109 2482 1407 2562 remotas,
1472 2492 1536 2544 et

453 2585 674 2631 tentam
702 2591 879 2649 quam
906 2580 1127 2650 petere.

404 2656 411 2659 ’
537 2657 917 2724 865-867,
959 2656 1126 2715 dictu
1149 2654 1349 2734 nefas,
1385 2656 1540 2716 abo-

452 2743 822 2805 minandum.
894 2737 1045 2821 (vid.
1101 2742 1171 2801 V.
1228 2742 1290 2801 L.
1356 2741 1537 2824 Wr.)

452 2829 841 2906 Prodigium,
869 2837 1152 2887 eventum
1167 2846 1372 2887 rerum
1388 2848 1540 2907 pro-

453 2914 591 2994 digii
648 2914 912 2986 similem.
998 2916 1123 2972 iras
1167 2912 1231 2972 h.
1276 2932 1326 2973 e.
1372 2913 1538 2972 cala·-

451 3002 751 3075 mitatem,
796 2999 1053 3075 malum,
1110 3018 1189 3058 ex
1235 3002 1331 3058 ira
1367 2998 1535 3059 Har-

450 3086 651 3165 pyiae,
694 3086 879 3144 boum
905 3084 1087 3143 caede
1129 3093 1191 3144 et
1232 3084 1534 3144 Troiano-

450 3191 588 3230 rum
615 3170 795 3230 armis
832 3169 1049 3245 laesae,
1090 3188 1428 3249 poenasque
1471 3179 1535 3230 et

451 3256 741 3315 ultionem
772 3255 1059 3334 parantis.
1121 3255 1192 3313 cf.
1230 3275 1362 3334 sup.
1404 3254 1534 3320 284

451 3360 535 3418 sq.
573 3342 699 3406 245
729 3361 816 3419 sq.
900 3339 1213 3399 obscenam
1239 3340 1530 3419 samem.-

451 3434 741 3505 quatenus
771 3425 849 3485 ad
877 3425 1087 3486 ultima
1101 3425 1330 3486 redacti
1352 3428 1534 3487 etiam

451 3532 520 3570 ea
548 3510 894 3585 comedent,
938 3531 1089 3590 quae
1131 3531 1411 3572 nauseam
1440 3515 1537 3571 sa-

450 3597 639 3657 eiunt.
725 3597 853 3673 sic,
899 3597 1178 3657 obscenus
1217 3598 1384 3657 cibus
1403 3642 1420 3672 ,
1474 3607 1536 3658 et

450 3681 701 3742 obscena
723 3696 913 3762 pastu
943 3686 1080 3743 avis
1117 3703 1324 3763 upupa
1368 3683 1534 3762 apud

449 3768 598 3829 Plin.
644 3769 721 3844 X,
766 3772 850 3836 29
893 3789 938 3830 s.
991 3767 1094 3833 44.
1180 3768 1314 3829 Hoc
1362 3771 1531 3830 Serv.

448 3853 719 3914 volebat:
763 3876 918 3934 quae
945 3854 1213 3913 homines
1240 3857 1423 3914 etiam
1446 3856 1538 3914 ad

449 3938 698 3998 obscena
735 3942 1054 4017 compellit.

537 4027 921 4090 369-373.
978 4045 1205 4102 pacem
1261 4026 1533 4086 benevo-

449 4110 693 4170 lentiam
725 4109 820 4170 dei
836 4154 853 4187 ,
910 4118 984 4170 ιιι
1008 4112 1126 4169 iam
1155 4129 1337 4191 supra
1366 4112 1531 4171 vidi-

446 4217 581 4256 mus
597 4218 614 4272 ;
685 4195 832 4257 dum
874 4196 1186 4257 oraculum
1227 4197 1532 4276 expetitu-

446 4302 555 4343 rus
602 4290 712 4342 est.
798 4280 1272 4344 sacrificantium
1311 4291 1372 4341 et
1413 4304 1530 4343 va-

446 4377 576 4430 tum
635 4366 875 4430 habitus
935 4371 1087 4428 vitta
1112 4367 1232 4481 'vel
1274 4369 1526 4451 basula·
1505 4415 1519 4428 .

1554 1929 1732 1979 oasim.
1780 1927 1904 1979 sim

1208 2016 1265 2049 us
1293 2017 1325 2051 a
1351 2002 1498 2052 Wun
1540 1998 1634 2053 erl.
1658 1999 1816 2067 Prop.
1845 2000 1910 2061 11,
1944 2001 2033 2079 .3⁰'
2066 2000 2154 2052 27.
2181 2016 2314 2121 ηιξ),

1403 2068 1510 2123 369
1537 2069 1777 2139 primum
1806 2086 1984 2120 caena
2009 2069 2141 2121 Ven.
2170 2079 2225 2120 et

1949 1947 1973 1980 s
1999 1941 2134 1980 rano
2164 1948 2259 1998 sup
2264 1931 2385 1995 ral,
2421 1931 2547 1984 706.
2580 1930 2698 1980 Non

2362 1998 2430 2049 de
2458 2015 2564 2068 quo
2602 1997 2698 2048 viel.

2293 2067 2492 2120 arrhas.

1623 2227 1889 2285 Solvitur
1908 2224 1970 2287 h.
2022 2226 2063 2287 l.
2087 2227 2223 2304 illa,
2264 2226 2540 2305 religioso
2569 2246 2702 2285 mo·

1618 2332 1718 2388 re,
1775 2312 1899 2371 sive
1945 2313 2127 2372 animi
2161 2321 2469 2393 respectu,
2525 2331 2702 2391 quem

1618 2397 1735 2456 iam
1779 2399 1853 2455 ab
1897 2398 2062 2458 omni
2096 2409 2332 2459 terrena
2380 2399 2547 2457 faece
2589 2418 2701 2458 va—

1619 2503 1802 2544 cuum
1838 2484 1950 2544 deo
1989 2484 2100 2545 soli
2142 2503 2357 2545 vacare
2401 2483 2700 2564 significa-

1617 2569 1800 2645 bant,
1871 2590 1992 2648 quo
2039 2572 2163 2630 fere
2222 2571 2511 2630 Set-viana
2565 2590 2702 2651 spe-

1622 2665 1821 2730 ctant,
1865 2657 1962 2715 vel
1998 2666 2293 2734 quatenus
2330 2659 2505 2717 furor
2543 2656 2703 2717 divi-

1621 2762 1736 2801 nus
1769 2749 1831 2800 et
1873 2743 2142 2821 corporis
2173 2743 2421 2822 agitatio
2461 2741 2702 2803 vincula

1619 2848 1745 2887 ιιοιι
1775 2828 2019 2887 serebat.
2104 2826 2222 2903 At,
2262 2828 2462 2907 inquit
2491 2828 2701 2901 Cet-da,

1619 2913 1686 2971 in
1726 2912 1856 2971 aliis
1908 2913 2054 2972 locis
2099 2924 2269 2973 vates
2315 2913 2433 2973 iam
2480 2916 2701 2975 vatici·

1617 2997 1787 3057 nium
1827 2997 2051 3059 edituri
2095 3002 2262 3058 victis
2302 3001 2544 3079 ligant,
2590 3004 2701 3059 im·-

1601 3085 1874 3163 plicant,
1933 3086 2160 3166 caput?
2215 3087 2430 3162 Recte5
2479 3086 2702 3145 scilicet

1616 3179 1786 3230 vates
1815 3190 1937 3229 non
1963 3180 2257 3250 perpetuo
2295 3171 2491 3230 vittae
2518 3192 2700 3232 orna-

1619 3262 1684 3314 tu
1718 3276 1858 3316 usos
1885 3275 2009 3315 esse
2052 3255 2422 3316 credendum
2463 3266 2559 3316 est
2599 3275 2699 3316 nec

1617 3359 1716 3398 eas
1764 3342 2073 3418 sumsisse,
2131 3342 2248 3402 nisi
2298 3362 2427 3402 rem
2468 3361 2701 3403 sacram

1616 3428 1912 3503 facturos3
1994 3428 2201 3505 itaque
2262 3429 2531 3488 instante
2589 3430 2700 3487 iam

1617 3512 1824 3573 surore
1882 3513 2088 3573 divino
2144 3514 2326 3575 modo
2364 3515 2558 3575 vittas
2598 3533 2699 3573 su·

1618 3617 1781 3658 mere
1833 3599 2016 3658 modo
2068 3601 2301 3660 solvere
2355 3609 2697 3661 narrantur.

1619 3684 1710 3741 ad
1749 3697 1857 3743 tua
1907 3686 2126 3744 Ζὶιιιίιια
2173 3685 2432 3746 Phoebe.
2558 3687 2694 3745 Erat

1613 3768 1796 3847 igitur
1836 3771 2128 3850 templum
2163 3771 2455 3853 Apollinis
2490 3772 2559 3832 in
2588 3791 2698 3831 no-

1614 3874 1693 3912 va
1717 3855 1896 3915 Troia
1924 3856 2002 3915 ad
2030 3858 2374 3936 exemplum
2398 3854 2695 3937 Pergamei

1612 3940 1753 3999 sani.
1815 3942 2181 4019 &aspen-sum
2204 3943 2267 4003 h.
2297 3943 2338 4003 l.
2363 3943 2556 4003 modo
2586 3941 2693 4001 mi·

1617 4046 1733 4086 nus
1798 4027 2031 4106 vulgari
2085 4049 2198 4109 pro
2257 4029 2692 4108 perturbatum,

1615 4131 1983 4191 percussum,
2028 4112 2260 4174 dictum
2286 4125 2470 4195 put03
2516 4114 2693 4173 adeo-

1617 4216 1734 4275 que
1793 4200 1980 4257 multo
2027 4222 2384 4278 suspensam
2440 4203 2691 4270 numius,

1613 4283 1928 4343 turbatum
1957 4283 2211 4346 horrore
2248 4305 2326 4345 ex
2365 4283 2693 4366 praesentia

1614 4368 1729 4435 dei.
1772 4370 1849 4430 cf.
1884 4370 1992 4432 inf.
2036 4371 2134 4447 Vl,
2178 4370 2279 4438 45.
2306 4372 2410 4439 54.
2455 4390 2688 4439 numen»
