2882 5028
466 393 1074 470 AENEIDOS
1128 396 1335 468 LIB.
1388 396 1525 488 ΙΙΙ,
1589 402 2024 474 707-718
2212 399 2364 474 555

156 579 536 656 Conticuit
562 579 926 677 tandem,
981 578 1351 680 factoque
1384 579 1514 656 hic
1544 577 1708 656 fine
1747 581 2057 682 quievit.

154 753 409 802 formatum
427 790 443 815 ,
480 769 581 820 quo
618 754 792 822 repeti
825 762 882 803 et
911 753 1109 804 iterari
1143 769 1260 815 res,
1294 769 1421 821 quas
1457 769 1724 803 narramus
1742 791 1757 814 ,
1804 753 2060 805 dicuntur.
2099 755 2165 806 cf.
2200 756 2370 806 Burni.

157 821 269 888 (hoc
302 838 493 873 verum.
536 822 681 886 Wr.)
752 822 962 885 divom,
998 839 1181 889 partun
1215 821 1487 873 commode
1520 821 1916 889 interpositum,
1954 823 2255 874 offendebat
2292 826 2368 875 Io.

156 889 427 953 Schrader„
465 890 553 958 qui
594 890 934 954 emendabat,
979 893 1194 941 Troum.
1265 893 1461 942 Verum
1495 907 1599 940 non
1646 900 1767 941 suut
1815 891 1900 942 hic
1935 890 2072 963 sata
2119 911 2267 944 casus
2318 903 2374 943 et

157 976 444 1021 aerumna03
499 960 593 1010 sed
628 959 872 1011 vaticinia
925 969 979 1010 et
1025 959 1436 1028 praedictiones:
1494 959 1678 1028 quibus
1732 962 1904 1010 omnia
1951 971 2068 1012 ncta
2119 979 2180 1013 ae
2223 971 2372 1030 gesta

158 1038 278 1079 sunt.
345 1029 642 1098 (Genitivus
679 1029 837 1080 deum
872 1046 1030 1098 saepe
1065 1046 1097 1080 s
1132 1029 1302 1096 poetis
1339 1028 1592 1080 eiusmodi
1638 1028 1901 1080 vocubulis
1952 1030 2192 1093 additur,
2238 1047 2372 1099 quae

159 1097 215 1148 sd
245 1098 367 1148 deos
403 1110 491 1149 aut
526 1116 637 1149 rem
672 1097 897 1149 divinam
934 1098 1227 1166 pertinent;
1278 1109 1335 1149 ut
1369 1115 1526 1164 supra
1565 1099 1624 1160 ΙΙ,
1658 1098 1772 1152 54.:
1822 1098 1903 1161 „si
1947 1100 2093 1150 fata
2149 1100 2375 1164 deum,

159 1165 197 1217 si
225 1184 360 1217 mens
396 1183 502 1218 uon
536 1167 686 1218 laeva
716 1167 957 1218 fuisset.⁸‘
993 1168 1085 1230 Vl,
1119 1169 1240 1223 376.

161 1235 456 1304 precando.“
494 1245 551 1287 et
585 1235 729 1289 alibi.

160 1305 301 1374 snph.
332 1306 507 1373 Antig.
547 1307 663 1360 158.
696 1304 859 1357 θεῶν
894 1304 1195 1372 συντυχίαι.

167 1376 289 1441 Wr.)
424 1375 532 1428 718
554 1372 795 1445 fatoque
825 1374 1078 1426 Rottend.
1112 1392 1218 1426 sec.

162 1519 406 1574 imeritus.
473 1517 622 1580 718.
647 1514 945 1594 saccoque
973 1514 1219 1588 hic-fine

162 1603 395 1679 quievit:
448 1611 694 1660 ornate:
753 1609 816 1660 et
863 1599 1219 1658 narrationis

163 1684 319 1744 finem
360 1686 520 1749 fecit.
624 1682 1028 1766 (Quamquam
1075 1704 1219 1745 ver-

162 1768 284 1830 bum
324 1775 546 1851 quievit
600 1771 678 1831 ad
713 1771 968 1848 quietem
1003 1790 1222 1830 narra-

166 1855 321 1914 tionis
347 1855 562 1916 referri
591 1866 652 1914 et
683 1877 795 1935 pro
836 1857 1008 1914 desiit
1055 1858 1227 1935 loqui

165 1941 327 2020 accipi
358 1951 599 2022 potest,
645 1943 716 2001 cs.
755 1942 901 2003 Aen.
942 1941 1040 2015 VI,
1082 1945 1223 2007 102.

168 2026 358 2086 mbicla
411 2050 517 2088 om
577 2032 884 2106 quierunt,
950 2025 1223 2103 equidem

166 2119 370 2188 tamen,
414 2123 487 2172 ut
523 2112 850 2192 tautologia
893 2132 1101 2171 versus
1147 2112 1224 2170 li·—

168 2195 383 2257 beretur
408 2244 426 2276 ‚
513 2207 708 2277 utque
776 2198 1014 2257 initium
1086 2197 1224 2255 libri

167 2284 344 2359 quarti
372 2285 457 2342 Ac
486 2287 709 2362 regina
727 2330 743 2357 ,
792 2283 897 2343 ubi
924 2282 1049 2343 vid.
1077 2290 1222 2357 not.,

168 2366 256 2430 fini
288 2369 446 2428 tertii.
480 2369 837 2443 conveniat,
879 2371 1101 2449 quievit
1128 2368 1226 2426 in-

171 2461 480 2532 terpretor:
544 2457 756 2513 somno
814 2474 874 2513 se
931 2452 1226 2530 tradidit3

173 2540 510 2618 quiquidem
540 2560 746 2601 sensus
774 2560 882 2599 cur
910 2539 1035 2597 aliis
1069 2539 1227 2597 ieiu-

173 2624 285 2684 nior
318 2628 477 2687 visus
520 2627 630 2701 sit,
674 2646 768 2685 me
814 2626 1086 2704 ignorare
1135 2626 1227 2683 sa-

175 2719 303 2769 teor.
351 2715 452 2772 W
443 2711 538 2773 cle.
581 2745 668 2757 —-
705 2712 787 2772 At
813 2730 951 2769 saue
977 2709 1097 2768 hoc
1137 2711 1229 2768 ie-

174 2792 375 2871 iunius,
447 2805 517 2856 ut
570 2798 698 2878 ipse
739 2797 922 2855 sensit
962 2795 1230 2874 Heynius

177 2880 594 2959 nd1.1v.init.‚
639 2892 700 2941 et
727 2903 761 2941 a
800 2902 967 2941 more
1006 2880 1232 2959 Virgilii

177 2964 409 3026 alienum
429 3013 445 3042 ,
489 2972 626 3046 qui,
671 2967 720 3026 si
747 2966 864 3029 hoc
893 2968 1089 3026 dicere
1119 2987 1233 3026 vo-

178 3048 399 3129 luisset,
454 3074 579 3113 uon
636 3061 761 3113 tam
821 3053 991 3115 tenui
1045 3052 1232 3114 verbo

1291 2453 1482 2529 fine.-

1257 1187 1268 1217 :
1303 1165 1533 1229 „Desine
1566 1166 1710 1218 fata
1757 1167 1791 1217 d
1809 1185 1837 1216 e
1857 1185 1952 1217 um
1985 1167 2124 1219 flecti
2160 1185 2374 1236 sperare

797 1237 946 1286 Adde
981 1237 1204 1300 „Vota
1237 1236 1478 1287 deum“
1526 1236 1621 1298 xl,
1657 1234 1707 1289 4.
1778 1235 2055 1303 comparat
2101 1236 2376 1290 Wunderl.

1265 1307 1389 1358 Non
1432 1304 1762 1371 cogitandum
1811 1305 1878 1357 de
1927 1305 2054 1357 solis
2105 1305 2375 1357 vaticiniis.

1287 1375 1376 1425 his
1402 1379 1583 1443 Sprot.

1302 1534 1447 1575 usus
1489 1514 1651 1576 foret
1672 1559 1688 1589 ,
1762 1514 1934 1592 quale
1993 1522 2080 1574 est
2127 1517 2372 1593 quievit.

1303 1600 1425 1659 Nec
1457 1600 1608 1658 solet
1644 1600 1838 1659 somni
1885 1621 1954 1658 ac
1994 1600 2225 1658 dierum
2264 1620 2379 1657 no-

1305 1686 1606 1762 ctiumque
1665 1685 2086 1746 vicissitudinis
2157 1684 2379 1744 mentio

1305 1772 1381 1829 ab
1418 1789 1489 1828 eo
1518 1770 1682 1844 fieri,
1723 1771 1838 1830 nisi
1868 1771 1970 1830 ubi
2010 1790 2107 1831 res
2148 1769 2230 1829 ita
2269 1791 2382 1846 po-

1306 1874 1470 1916 scere
1494 1856 1822 1918 videretur.
1906 1857 2059 1915 Tum
2088 1855 2138 1913 si
2176 1849 2383 1916 ταύτο-

1306 1935 1459 2023 λόγα
1494 1951 1676 2019 sunt,
1733 1952 1806 2003 ut
1839 1952 2013 2021 putat
2052 1939 2384 2014 Wunderl.,

1307 2029 1591 2087 conticuit
1618 2036 1679 2085 et
1704 2031 1950 2107 quievit,
1998 2025 2261 2087 manebit
2288 2035 2386 2084 ta·-

1308 2132 1477 2189 men‚
1533 2112 1698 2190 quod
1741 2113 1949 2173 eodem
1999 2113 2237 2173 nomine
2281 2130 2386 2170 re-

1308 2195 1680 2278 prehendas,
1703 2197 2050 2277 sactofine.
2096 2197 2214 2258 Sed
2239 2196 2388 2256 haec

1307 2285 1436 2363 ipsa
1490 2294 1562 2343 ut
1625 2283 1851 2362 possint
1915 2283 2249 2364 exprimere
2302 2280 2388 2356 id,

1311 2369 1478 2446 quod
1516 2368 1767 2428 debent:
1812 2367 1983 2446 facto
2017 2367 2391 2429 narrandi

1557 2454 1778 2532 requiri
1830 2454 2074 2514 videtur
2117 2455 2389 2527 verbum,

1313 2539 1409 2598 cui
1431 2541 1574 2599 insit
1603 2539 1977 2599 narrandi
2007 2541 2191 2617 notio,
2219 2539 2391 2616 quale

1314 2634 1403 2684 est
1436 2628 1680 2706 quievit,
1728 2624 1768 2685 i.
1813 2645 1862 2684 e.
1906 2646 2147 2683 narrare
2201 2626 2390 2682 desiit.

1314 2710 1436 2769 Nec
1462 2711 1649 2770 otiosa
1679 2719 1819 2769 sunt
1846 2708 2012 2784 haec,
2038 2710 2220 2787 sacto
2239 2709 2393 2785 stne,

1316 2796 1355 2854 i.
1389 2815 1437 2853 e.
1466 2795 1694 2873 quievit
1722 2797 1939 2874 quippe
1966 2794 2085 2853 iam
2111 2793 2187 2852 ad
2216 2794 2394 2853 finem

1315 2880 1675 2940 narrationis
1713 2900 2074 2959 progressus.
2130 2878 2273 2938 Del.
2297 2878 2396 2954 IV,

1324 2970 1379 3029 1.
1409 2975 1467 3024 et
1494 2963 1571 3040 5.,
1616 2986 1734 3043 quo
1778 2965 2020 3044 respicit
2064 2964 2395 3040 Wunderl„

1319 3072 1428 3113 suo
1457 3051 1589 3112 loco
1627 3050 1879 3113 dicetur.
1929 3052 2035 3113 W
2023 3048 2107 3131 r.)
