2882 5028
761 378 945 458 AD
1049 376 1691 452 LlssRUM
1783 378 1904 453 v1
2212 336 2434 458 '1005

679 643 1752 734 EXCURSUS
1852 646 1950 732 II

270 837 619 902 Locorum
666 834 851 900 circa
894 833 1255 899 Avernum
1263 831 1687 982 ίἷεεσνίριιό,
1731 855 1845 899 sees
1886 834 2356 924 topographia

1050 917 1219 1006 agri
1361 940 1554 982 mam

315 1117 318 1124 -
360 1075 522 1134 Libri
565 1074 746 1135 huius
788 1073 897 1133 vix
940 1074 1081 1133 satis
1123 1094 1336 1153 magna
1379 1092 1504 1134 esse
1542 1083 1745 1154 potest
1784 1075 2066 1151 suavitas,
2107 1075 2224 1136 nisi
2264 1076 2435 1136 loeo—

178 1184 327 1227 rum
374 1161 840 1241 descriptionem
899 1161 1087 1219 oculis
1143 1162 1460 1238 animoque
1518 1160 1841 1228 subiectam
1897 1160 2134 1221 habeas.
2235 1161 2435 1235 Quam

183 1270 329 1310 cum
374 1247 550 1306 multi
596 1246 877 1305 dederint
896 1290 914 1320 ,
958 1264 1153 1325 nuper
1197 1255 1397 1305 tamen
1445 1245 1780 1323 diligentius
1835 1266 1903 1305 ea
1959 1247 2176 1307 litteris
2238 1248 2437 1307 caelo-
2519 1286 2527 1296 -

181 1353 310 1415 que
364 1352 641 1413 expressa
699 1340 788 1390 est
840 1352 874 1389 a
916 1331 1123 1390 Paullo
1187 1328 1353 1413 (Ant.
1397 1334 1585 1389 Paoli
1637 1333 1703 1390 in
1761 1334 2114 1392 Puteolanis
2148 1332 2433 1415 Antiqq.)

181 1431 250 1481 et
295 1419 596 1479 coloribus
633 1416 836 1477 vivide
877 1417 1118 1479 reddita
1158 1418 1232 1474 ab
1276 1417 1362 1476 111.
1404 1418 1556 1494 Equ.
1617 1417 1692 1475 de
1731 1417 2040 1477 Hamilton
2077 1420 2143 1478 in
2191 1419 2436 1497 Campis

182 1506 556 1583 Phlegraeis
600 1505 767 1562 Tom.
807 1502 850 1577 1,
914 1503 1036 1563 tab.
1082 1502 1250 1562 XVII
1291 1522 1418 1580 sqq.
1480 1511 1542 1560 et
1597 1522 1790 1582 nuper
1846 1506 2000 1562 Nic.
2068 1505 2315 1564 Cat-leui
2368 1504 2437 1563 in

184 1594 391 1651 scoria
442 1591 606 1648 della
658 1591 898 1665 regione
963 1587 1347 1647 abbr-accinta
1392 1592 1459 1645 in
1512 1588 1875 1667 Campagna
1910 1589 2105 1668 selice
2163 1586 2436 1670 (Neapoli

187 1680 380 1741 1787.
432 1673 518 1756 4.)
582 1683 644 1732 et
700 1674 983 1732 Breislak·
1023 1674 1087 1731 in
1141 1674 1476 1749 Campanie
1519 1673 1685 1733 Tom.
1722 1675 1775 1732 11
1815 1696 1873 1754 p.
1931 1674 2051 1739 148
2100 1696 2186 1752 sq.
2285 1675 2436 1735 Nam

179 1763 355 1823 illam
397 1758 926 1838 chorographiam,
971 1778 1120 1836 quae
1162 1759 1225 1817 in
1267 1758 1548 1818 Mazzella
1593 1769 1653 1816 et
1696 1758 1839 1819 hinc
1895 1760 2058 1839 apud
2099 1761 2243 1819 alios
2287 1780 2437 1819 con-

183 1847 469 1928 spicitur,
530 1844 819 1904 nonnulla
876 1864 1088 1922 parum
1147 1854 1423 1903 accurate
1483 1844 1773 1903 delineata
1833 1843 2053 1905 habere
2106 1866 2221 1906 usu
2262 1846 2436 1905 facile

184 1931 682 2014 deprehenditur.
767 1929 1079 1988 Procurrit
1120 1930 1280 1988 inter
1311 1930 1589 1990 Puteolos
1637 1940 1698 1989 et
1729 1932 1943 1990 Cumas
1986 1941 2270 2010 angustus
2298 1950 2437 2010 ager

180 2022 255 2080 in
297 2017 776 2098 promontorium
817 2015 1110 2075 Misenum
1155 2015 1443 2074 desinens.
1546 2016 1874 2075 Puteolano
1917 2037 1963 2075 s.
2007 2017 2231 2076 Baiano
2278 2017 2438 2077 sinui

181 2106 459 2165 imminet
503 2103 665 2161 lacus
706 2100 1014 2176 Avernus,
1059 2100 1327 2179 adeoque
1373 2102 1574 2161 Cumis
1636 2102 1733 2161 ille
1775 2123 1809 2160 a
1853 2112 2017 2181 tergo
2061 2104 2226 2161 situs.
2311 2103 2435 2161 Fa-

185 2192 309 2250 cies
371 2190 533 2262 lacus
586 2207 753 2246 nunc
804 2187 1044 2265 quidem
1089 2187 1223 2246 talis
1264 2195 1389 2260 est,
1447 2198 1520 2247 ut
1575 2187 1961 2247 circumcirca
2011 2189 2159 2247 colle
2219 2188 2438 2248 leviter

185 2276 402 2336 acclivi
444 2284 536 2350 et,
579 2281 819 2353 praeter
861 2291 991 2330 eam
1035 2281 1296 2350 partem,
1341 2293 1457 2349 qua
1490 2273 1569 2332 ad
1605 2292 1769 2332 mare
1813 2271 2013 2360 (sinus
2028 2271 2259 2354 Baiani)
2288 2294 2436 2353 pro-

184 2371 454 2442 spectus-
473 2368 670 2439 patet,
712 2359 834 2416 fere
875 2368 1167 2436 perpetuo
1211 2358 1509 2418 ambiente
1551 2360 1613 2418 in
1657 2359 1864 2418 orbem
1906 2349 2013 2419 ille
2049 2359 2436 2419 rotundetur.

183 2447 542 2508 Studiorum
602 2444 864 2524 quinque
921 2443 1209 2502 ambitum
1253 2445 1370 2502 iam
1415 2445 1556 2502 olim
1602 2445 1898 2505 Diodorus
1958 2445 2150 2505 edidit
2192 2445 2293 2505 lib.
2336 2446 2437 2522 IV,

185 2556 245 2595 c.
289 2538 391 2600 22.
477 2530 814 2591 Altitudine
856 2537 952 2587 est
991 2530 1067 2588 ad
1111 2530 1520 2588 ccxxxvm
1579 2539 1642 2587 et
1684 2531 1904 2590 CCLIII
1945 2552 2151 2610 passus
2198 2532 2439 2609 (secun—

187 2620 344 2680 dum
384 2617 726 2683 Mazzellam
766 2615 809 2674 1.
854 2634 903 2674 c.
954 2634 1004 2674 c.
1051 2615 1176 2696 15),
1222 2625 1398 2674 aucta
1443 2615 1584 2673 olim
1614 2614 1677 2674 in
1707 2616 2094 2676 immensum:
2139 2615 2263 2675 vid.
2292 2617 2439 2675 Dio-

186 2706 327 2766 dor.
370 2705 409 2764 l.
455 2725 505 2763 c.
533 2702 692 2760 add.
749 2700 999 2760 Aristot.
1052 2699 1263 2759 Mirab.
1319 2700 1524 2759 Audit.
1582 2719 1632 2758 c.
1681 2705 1821 2765 108.
1863 2721 1996 2780 pag.
2052 2705 2179 2765 727
2233 2702 2299 2760 Ε.
2345 2701 2439 2760 ed.

188 2793 283 2851 du
314 2789 496 2865 Vall.;
539 2788 878 2847 decrescere
920 2792 1121 2844 tamen
1148 2796 1209 2845 et
1236 2795 1574 2866 temporum
1615 2785 2126 2845 vicissitudinibus
2168 2785 2440 2846 imminui

182 2877 297 2937 illa
353 2874 563 2954 potuit.
650 2872 870 2947 Colles,
930 2871 1034 2948 qui
1095 2872 1403 2946 ambiunt,
1474 2871 1623 2930 silva
1680 2871 1820 2930 olim
1877 2872 2170 2930 inaccessa
2227 2872 2442 2931 consiti

185 2970 368 3022 erant
407 2960 484 3019 ad
527 2956 827 3018 convalles
870 2957 1256 3031 decurrente,
1304 2965 1365 3015 et
1405 2956 1473 3015 hi
1516 2963 1660 3015 sunt
1702 2958 1829 3016 luci
1860 2958 2088 3016 Avems‘
2129 2953 2252 3036 (vl,
2300 2962 2439 3023 118.

191 3049 343 3113 188
386 3044 569 3127 201),
627 3044 688 3102 in
736 3043 952 3120 quibus
1000 3062 1214 3102 aureae
1271 3042 1504 3102 frondis
1563 3041 1744 3102 arbor
1798 3043 1884 3122 (v.
1932 3046 2054 3106 138
2098 3061 2224 3118 sqq.
2272 3040 2440 3124 186).

187 3132 422 3193 Silvam
465 3132 830 3203 immensam,
873 3123 1244 3208 Ὀμβριμους
1290 3123 1475 3200 ἄλσος
1513 3121 1768 3200 ου’δαίας
1814 3121 2037 3208 Κόρης,
2081 3124 2443 3231 Lycophron

187 3218 324 3286 698
368 3235 605 3294 quoque
635 3223 948 3289 memorat,
992 3223 1051 3272 et
1091 3214 1282 3273 multo
1326 3213 1609 3272 disertius
1634 3212 1965 3272 Homerus.
2011 3207 2155 3275 ἔνθ’
2196 3205 2350 3292 ἀκτή
2380 3235 2443 3275 τε

188 3303 403 3382 λάχεια
453 3325 559 3363 και
607 3296 790 3362 ἄλσεα
833 3300 1319 3378 Περσεφονείης,
1382 3301 1645 3396 Maxpal
1708 3292 1774 3360 τ’
1827 3298 2082 3380 αἴγειροι
2126 3296 2233 3360 καὶ
2290 3296 2443 3360 ἰτέαι

190 3383 620 3487 ὠλεσίκαρποι.
736 3386 1059 3463 cupressos
1111 3384 1423 3443 altissimas
1480 3384 1805 3443 etiamnum
1871 3384 2069 3443 lacum
2132 3381 2444 3444 Avernum

189 3475 496 3552 cingentes
537 3469 935 3531 tristissimam
977 3469 1110 3528 loco
1168 3470 1375 3528 faciem
1419 3469 1671 3528 adiicere
1712 3468 1949 3529 narrari
1991 3469 2168 3528 video
2213 3489 2245 3526 a
2298 3468 2444 3527 Fla-

191 3559 377 3619 chato
422 3555 876 3639 (Οόεεννατίοηε
914 3577 1020 3613 sur
1058 3557 1114 3613 le
1163 3556 1496 3613 Commerce
1539 3567 1596 3613 et
1635 3576 1741 3613 sur
1779 3556 1866 3612 les
1905 3557 2049 3613 Ans
2090 3556 2159 3614 Τ.
2200 3554 2257 3630 1,
2310 3575 2444 3634 pag.

196 3648 373 3721 111),
417 3643 525 3702 etsi
567 3643 639 3701 ab
683 3641 847 3700 Italis
905 3638 1058 3699 nihil
1103 3639 1221 3698 tale
1275 3639 1457 3738 prodi
1509 3638 1770 3699 memini.
1854 3640 1971 3699 Ita.
1988 3648 2185 3700 tamen
2229 3641 2442 3699 Petro-

189 3730 338 3791 nius
378 3738 630 3788 naturae
670 3727 988 3787 veritatem
1030 3725 1383 3804 expressisse
1421 3724 1618 3784 videri
1662 3724 1873 3801 debet,
1933 3726 2037 3803 qui
2081 3745 2228 3784 saxa
2245 3725 2447 3803 femli

191 3814 725 3875 cit-cumiumulala
764 3832 1044 3895 cupressu
1082 3819 1308 3870 narrat.
1413 3813 1591 3869 Sacer
1631 3820 1835 3870 autem
1888 3811 2062 3872 lucus
2100 3812 2200 3871 ille
2246 3809 2445 3869 Heca-

192 3910 299 3960 tae
345 3897 429 3980 (v.
470 3898 578 3999 Q
619 3916 724 3956 seu
767 3878 1189 3975 Proserpinae,
1246 3905 1318 3955 ut
1359 3893 1660 3955 Homerus
1715 3897 1824 3956 ait.
1893 3896 2231 3957 Promiscue
2285 3894 2445 3954 enim

192 3986 266 4045 in
308 3985 488 4044 rebus
528 3983 735 4043 inferis
776 3982 1030 4059 Hecate,
1076 3981 1465 4059 Proserpina,
1513 3981 1737 4058 Diana,
1792 3981 1963 4042 Luna
2002 3980 2302 4041 nominari
2341 4000 2444 4039 so-

190 4072 303 4132 let.
372 4069 760 4150 Proserpinae
803 4088 1032 4127 sacram
1076 4066 1355 4146 paludem
1398 4067 1701 4127 Avernam
1741 4067 1946 4128 videas
1993 4067 2155 4147 apud
2200 4065 2442 4127 Diodor.

192 4157 299 4232 IV,
344 4160 447 4229 22,
491 4164 549 4213 et
591 4153 794 4233 templi
836 4154 1098 4213 Hecatae
1138 4153 1345 4211 ruinas
1390 4171 1514 4211 esse
1557 4172 1686 4228 eas,
1744 4172 1890 4231 quas
1930 4152 2112 4230 vulgo
2157 4148 2447 4229 Apollinis

194 4243 391 4315 aiunt,
437 4240 516 4299 ad
542 4240 848 4300 Avernum
878 4240 1094 4314 lacum,
1137 4258 1261 4297 non
1285 4240 1439 4297 male
1467 4239 1763 4298 coniectat
1788 4236 2002 4297 Paolus
2038 4236 2140 4295 sol.
2168 4236 2444 4296 XXVIII.

190 4326 320 4387 Sed
362 4326 543 4386 silvae
584 4326 734 4384 istae
773 4325 1070 4384 inclusum
1115 4327 1266 4383 aeris
1310 4324 1509 4384 lacum
1552 4323 1887 4403 pestilentia
1928 4321 2284 4382 infecerant·
2270 4365 2288 4397 ,
2337 4321 2447 4379 etsi

190 4411 311 4493 ipsi
355 4421 533 4471 antro
579 4409 1018 4471 exhalationem
1059 4408 1275 4470 tribuit
1313 4409 1592 4490 Virgilius
1636 4409 1761 4490 (vl,
1801 4404 2167 4488 287-241)
2211 4416 2274 4468 et
2307 4406 2446 4466 imi.
