2882 5028
457 343 611 418 426
1047 330 2124 409 EXCURSUSX

461 529 571 610 qui
598 527 913 607 diligenter
944 525 1281 586 discernere
1308 526 1529 586 soleam
1564 544 1668 598 ea,
1717 541 1872 601 quae
1911 525 2107 583 famae
2146 522 2426 602 antiquae
2461 521 2720 583 fundum

455 615 962 696 qualemcunque,
1022 621 1130 673 aut
1173 612 1518 693 opinionem
1562 609 1872 687 antiquam
1916 630 2031 690 pro
2086 610 2286 684 sonte,
2342 608 2607 685 habere,
2661 621 2722 670 et

453 721 608 782 quae
636 699 890 759 diversis
908 697 1055 760 inde
1078 718 1186 759 seu
1210 698 1588 778 ingeniorum
1616 716 1722 756 seu
1751 695 2135 776 opinionum,
2179 705 2496 774 tamquam
2533 715 2722 795 aqua-

452 807 593 848 rum
627 784 936 860 divortiis,
979 785 1161 844 fuisse
1184 785 1491 859 derivata,
1552 783 1845 860 novisque
1871 802 2166 861 aquarum
2198 782 2368 841 venis
2396 781 2725 842 oon-inti:

453 881 631 935 aucta
656 891 884 933 novam
910 879 1194 932 natm-am
1218 870 1488 933 induisse
1521 869 1866 930 videantur.

1049 1310 1914 1405 EXCURSUS
2035 1311 2136 1402 X

1211 1475 1365 1550 De
1461 1478 1941 1549 comeso.

615 1655 689 1732 ΙΙ,
736 1654 855 1721 841
884 1674 972 1733 aq.
1015 1658 1144 1720 886
1171 1675 1259 1736 sq.
1294 1653 1440 1720 424.
1473 1655 1619 1722 426.
1704 1654 1792 1714 De
1817 1653 2089 1714 Coroebo
2115 1652 2430 1733 Mygdonis
2461 1654 2506 1714 s.
2537 1673 2724 1733 argu-

449 1750 755 1816 mentum,
798 1762 911 1822 pro
934 1740 1202 1822 episodio
1248 1742 1563 1801 inductum
1595 1761 1629 1799 a
1662 1740 1940 1820 Virgilio,
2004 1740 2185 1800 variis
2226 1739 2424 1798 modis
2472 1759 2506 1797 a
2542 1750 2721 1799 vete-

447 1827 617 1887 ribus
663 1827 847 1887 fuisse
880 1836 1212 1887 tractatum
1255 1827 1531 1905 videtur,
1593 1827 1789 1887 donee
1832 1826 2076 1885 tandem
2123 1825 2295 1884 stulti
2330 1834 2393 1884 et
2433 1826 2722 1885 vecordis

448 1912 706 1972 hominis
727 1933 1041 1993 personam
1079 1915 1132 1972 ei
1158 1914 1520 1989 induerent,
1564 1923 1638 1971 ut
1667 1913 1817 1972 adeo
1844 1915 1908 1972 in
1949 1911 2341 1986 proverbium
2366 1911 2598 1970 abiret:
2642 1911 2722 1970 de

447 2018 569 2077 quo
608 2018 670 2059 v.
700 1999 929 2059 Aelian.
959 1999 1031 2058 V.
1057 1999 1131 2059 11.
1158 2000 1318 2076 XIII,
1366 1999 1466 2063 15.
1494 2000 1606 2058 alia
1637 1999 1769 2059 loca
1793 1999 1967 2079 apud
1996 1998 2268 2057 Cerdam.
2357 1996 2455 2055 Ad
2490 2018 2553 2056 v.
2587 1997 2710 2062 341

447 2084 719 2145 Servius:
762 2087 951 2144 Hune
979 2098 1184 2144 autem
1218 2086 1541 2144 Coroebum
1567 2087 1813 2143 stultum
1840 2086 2072 2143 indcoeit
2095 2082 2451 2160 Euphorion-
2468 2128 2486 2158 ,
2534 2104 2720 2162 quem

450 2183 510 2228 ec
548 2173 617 2230 V
609 2172 852 2249 trgzlcua
894 2174 1193 2251 sequitur,
1244 2173 1403 2230 dans
1443 2175 1504 2229 ei
1546 2171 1663 2247 ins.
1714 2175 1842 2235 890
1880 2172 2082 2229 Dolus
2116 2191 2202 2229 an
2243 2172 2429 2226 vit-tm
2471 2172 2613 2248 qui-s
2649 2172 2720 2226 in

446 2256 612 2314 hoece
644 2258 953 2337 requirat?
1004 2278 1144 2316 cum
1169 2260 1247 2316 sit
1290 2259 1648 2334 turpissima
1681 2257 1820 2315 dolo
1853 2258 2128 2336 quaesita
2169 2256 2442 2313 νίοιωία.
2537 2253 2719 2313 Prius

445 2341 599 2402 illud
644 2351 859 2401 notatu
897 2342 1175 2421 dignum3
1228 2342 1581 2422 Euphorion
1624 2342 1781 2401 enim
1827 2342 2133 2415 Coroebo,
2187 2339 2509 2398 temerario
2554 2341 2720 2398 sorte

444 2427 509 2487 in
522 2426 788 2486 Achivos
812 2429 973 2487 sacto
1001 2428 1250 2508 impetu,
1298 2447 1618 2508 personam
1652 2428 1929 2488 vecordis
1954 2427 2216 2486 hominis
2237 2426 2501 2504 primum
2527 2425 2715 2483 addi-

447 2513 604 2574 disse
645 2512 924 2590 videtui-3
980 2514 1125 2575 dum
1168 2514 1394 2575 scilicet
1440 2525 1796 2594 argumento
1836 2513 1910 2573 ab
1948 2513 2076 2572 aliis
2112 2522 2377 2573 tractato
2414 2512 2716 2571 novitatis

442 2601 697 2682 gratiam
721 2600 1038 2661 conciliare
1081 2601 1339 2661 volebat.
1427 2601 1626 2660 Etiam
1655 2602 1944 2680 Pompon.
1992 2600 2127 2659 sab.
2154 2598 2548 2676 Euphorion,
2608 2599 2713 2657 in-

445 2687 611 2767 quit,
656 2687 889 2746 inducit
919 2709 1056 2745 eum
1084 2684 1352 2746 stultum.
1446 2687 1565 2745 Sed
1596 2687 1872 2762 alterum,
1918 2686 2131 2763 quod‘
2112 2705 2174 2743 ιη
2201 2684 2412 2744 Servio
2446 2684 2714 2761 Eupho-

443 2777 668 2832 rionem
706 2775 777 2834 V
768 2774 1008 2851 zrgzlms
1041 2776 1214 2854 sequi
1241 2773 1543 2846 traditur,
1585 2772 1954 2851 grammatici
1983 2780 2389 2831 commentum
2415 2779 2537 2845 est3
2584 2790 2710 2830 non

442 2860 604 2919 enim
651 2858 973 2920 vecordem
1019 2868 1081 2918 et
1121 2859 1411 2919 stolidum
1457 2856 1735 2917 exhibuit
1788 2858 2154 2934 Coroebum;
2221 2876 2368 2932 nec,
2421 2856 2541 2914 nisi
2595 2856 2708 2915 alia

441 2946 611 3005 fuere
651 2946 713 3005 in
764 2943 1182 3022 Euphorione,
1244 2964 1398 3024 quae
1449 2963 1728 3024 expressa
1758 2945 1918 3004 sorte
1945 2954 2088 3003 sunt
2118 2964 2153 3000 a
2191 2951 2403 3021 poeta,
2461 2942 2711 3000 aliunde

440 3031 663 3109 liquet,
721 3049 799 3089 an
847 3028 1294 3108 Euphorionem
1364 3040 1507 3089 ante
1572 3030 1779 3089 oculos
1823 3029 2109 3089 habuerit
2149 3028 2462 3107 Virgilius5
2535 3027 2707 3101 quod

442 3118 593 3177 adeo
637 3117 764 3175 sine
808 3115 1000 3174 fundo
1038 3116 1257 3175 idoneo
1303 3134 1380 3175 ex
1412 3115 1476 3174 h.
1508 3116 1548 3177 l.
1600 3117 1773 3196 ponit
1809 3115 1921 3174 Iac.
1960 3116 2086 3175 Nic.
2115 3116 2356 3174 Loensis
2399 3112 2706 3192 Epiphyn.

440 3203 515 3278 11,
542 3207 602 3278 8,
644 3211 717 3261 ut
748 3221 869 3259 non
903 3201 1088 3279 magis
1115 3220 1263 3261 vera
1293 3210 1458 3275 sunt,
1501 3222 1653 3280 quae
1684 3202 1758 3260 de
1790 3202 2051 3261 carmine
2078 3201 2386 3259 Mina-ade
2414 3198 2707 3279 deprom-

442 3297 507 3347 ta
536 3309 571 3347 a
603 3286 851 3366 Virgilio
902 3305 1026 3345 esse
1063 3286 1217 3345 vult.
1303 3286 1376 3345 In
1400 3287 1716 3367 Polygnoti
1748 3288 1956 3346 tabula
1992 3285 2159 3368 apud
2199 3286 2451 3344 Pausan.
2490 3286 2573 3358 X,
2617 3288 2706 3348 27

441 3374 746 3433 Coroebus
782 3374 961 3430 etiam
996 3381 1128 3431 erat
1163 3391 1512 3450 expressus,
1551 3374 1654 3432 ubi
1681 3372 1781 3431 ille
1813 3373 2015 3434 addit:
2075 3372 2202 3431 eius
2236 3380 2702 3430 monumentum

437 3459 638 3518 nobile
679 3458 743 3517 in
784 3456 1090 3537 Phrygum
1126 3457 1377 3534 finibus,
1423 3466 1485 3516 et
1523 3458 1853 3538 Mygdonas
1897 3460 1973 3517 ab
2009 3478 2080 3518 eo
2125 3476 2345 3517 nomen
2385 3455 2704 3532 habuisse3

437 3545 605 3624 quod
640 3545 882 3604 salsum·
924 3564 1063 3603 nam
1095 3545 1434 3623 Mygdone-3
1464 3544 1714 3623 antiqua
1749 3545 2054 3604 Thracum
2098 3544 2275 3624 stirps
2303 3545 2490 3602 suere.
2579 3542 2704 3601 Ve-

437 3632 593 3690 nisse
636 3649 773 3690 eum
805 3630 884 3689 ad
915 3630 1279 3689 Cassandrae
1324 3631 1598 3710 nuptias,
1655 3640 1718 3689 et
1760 3634 2060 3706 occisum,
2123 3628 2208 3703 ὥς
2243 3626 2355 3709 μὲν
2386 3626 2428 3691 ὅ
2470 3630 2706 3690 uasto·-

436 3714 647 3800 λόγος,
701 3740 744 3777 a
788 3718 1225 3795 Neoptolemm·
1286 3717 1408 3773 Len
1409 3716 1592 3774 chem
1633 3730 1837 3775 aulem
1889 3738 1932 3776 a
1980 3715 2282 3775 Diomede
2321 3718 2702 3772 thimnnmn

435 3803 802 3862 carminibus·
826 3803 1120 3880 prodidit.
1215 3802 1284 3861 In
1322 3799 1443 3860 hoc
1472 3801 1753 3879 Virgilius
1788 3803 2038 3862 tertium
2083 3802 2338 3879 aliquem
2384 3809 2699 3859 auctorem

437 3898 725 3967 sequutus
776 3897 902 3963 est,
961 3908 1098 3947 nam
1142 3888 1190 3945 is
1235 3907 1294 3946 v.
1346 3888 1475 3952 425
1518 3887 1769 3946 Peneleo
1814 3888 2203 3947 intersectum
2243 3885 2455 3946 tradit.
2548 3888 2695 3945 Cum

435 3976 576 4034 Lest-
565 3974 692 4034 :heo
723 3974 866 4033 facit
891 3973 1162 4047 Quintus
1189 3971 1388 4030 Calah.
1418 3973 1579 4047 XIII,
1632 3977 1752 4039 168
1787 3993 1873 4051 sq.
1961 3974 2053 4033 Ad
2098 3994 2264 4032 aram
2310 3972 2694 4031 intersectum

435 4060 681 4121 exhibet
724 4061 901 4118 etiam
942 4058 1171 4117 Tabula
1210 4058 1387 4116 Iliaca
1425 4055 1673 4123 n.104.
1761 4059 2097 4119 Coroebum
2140 4057 2459 4138 Mygdonis
2505 4058 2693 4116 fitium

434 4150 594 4209 inter
637 4147 882 4227 vigilum
925 4145 1108 4204 duces
1147 4143 1419 4202 nominat
1459 4143 1694 4203 Auctor
1733 4144 1917 4204 Rhesi
1965 4146 2112 4209 539.
2199 4145 2438 4202 Patrem
2485 4144 2692 4201 saltem

437 4237 821 4315 Mygdonem
848 4231 1148 4291 Homerus
1186 4229 1714 4308 suppeditaverat5
1757 4252 1896 4289 nam
1937 4227 2297 4309 Mygdonem
2341 4240 2406 4287 et
2437 4230 2690 4288 Oti-ema

432 4323 703 4382 Priamus
728 4319 870 4379 olim
914 4317 1111 4397 copias
1138 4313 1444 4393 Phrygum
1472 4314 1763 4375 adversus
1801 4317 2129 4375 Amazones
2163 4316 2387 4376 ducere
2423 4314 2691 4375 vider-t:

434 4409 597 4470 iliad.
630 4431 688 4491 γ,
739 4403 859 4472 184
885 4423 1012 4484 sqq.
1101 4401 1170 4462 In
1198 4400 1473 4482 Epitome
1508 4399 1726 4460 iliados
1759 4422 1817 4462 v.
1843 4402 1970 4467 248
2012 4410 2103 4462 est
2147 4404 2322 4461 elam
2358 4415 2535 4462 satus
2583 4400 2692 4459 ut-
