2882 5028
348 362 446 431 40
706 352 1043 444 DISQU.
1101 353 1178 426 ΙΙ
1239 350 1374 425 DE
1428 350 1801 425 RERUM
1849 350 1959 427 IN
2015 349 2234 424 AEN.

343 545 719 639 Regnum
768 538 890 613 his
930 538 1287 614 versibus
1333 541 1650 616 Aeneae
1695 549 2372 638 posterorumque
2433 539 2638 615 eius

348 644 729 722 declarari
759 639 1275 720 manifestum
1315 653 1469 731 est3
1523 639 1666 716 sed
1705 666 1867 741 quo
1908 641 1987 715 in
2023 639 2204 716 loco
2245 642 2436 718 illud
2474 641 2638 718 fu—

344 763 617 824 turum
658 749 754 822 sit
797 770 967 821 non
1000 743 1437 846 eloquitur,
1492 768 1643 820 nec
1693 769 1786 819 ea
1839 743 1942 819 de
1992 769 2082 820 re
2131 759 2341 822 certa
2388 746 2634 846 apud

345 866 660 929 veteres
696 849 906 926 fama
937 846 1124 942 fuit3
1181 845 1842 949 quandoquidem
1887 846 1991 924 de
2019 853 2336 926 Aeneae
2381 876 2637 927 erro—

348 956 569 1031 ribus
630 979 717 1031 ac
801 952 1125 1029 sedibus
1201 952 1537 1027 omnino
1604 963 1769 1026 tam
1848 952 2156 1028 diverse
2224 954 2634 1030 traditum

352 1068 645 1157 erat*),
714 1082 897 1133 cum
951 1056 1079 1131 alii
1133 1080 1321 1130 eum
1370 1056 1451 1131 in
1497 1052 1880 1131 Thraciae
1945 1053 2255 1152 littore,
2321 1060 2403 1133 in
2457 1064 2635 1135 Ar-

354 1161 571 1237 cadia
629 1159 792 1256 alii,
865 1160 991 1236 alii
1032 1160 1113 1234 in
1162 1157 1459 1252 Sicilia,
1523 1157 1648 1233 alii
1695 1159 1777 1233 in
1824 1156 2073 1254 Italia,
2145 1186 2346 1263 quae
2393 1161 2636 1239 fama

350 1265 681 1341 tandem
728 1289 919 1365 prae
972 1263 1250 1338 ceteris
1295 1260 1593 1336 credita
1639 1286 1726 1336 ac
1776 1261 2170 1340 celebrata
2217 1279 2355 1360 est,
2412 1291 2637 1347 con-

357 1369 655 1445 sedisse
709 1382 791 1443 et
840 1368 1081 1443 vitam
1130 1364 1427 1440 finiisse
1490 1380 1973 1460 narrassent3
2044 1363 2362 1443 fuerant
2404 1395 2637 1470 quo-

355 1497 515 1574 que
567 1473 703 1572 qui
748 1473 829 1553 in
874 1471 1039 1572 ipsa
1094 1468 1413 1547 Troade
1460 1491 1799 1566 regnum
1853 1469 2044 1546 illud
2093 1473 2633 1548 constitutum

358 1600 528 1651 esse
576 1575 891 1652 vellent.
992 1579 1175 1651 Non
1241 1571 1474 1647 nobis
1519 1573 1680 1646 iam
1736 1573 1817 1649 id
1884 1576 2327 1673 quaeritur,
2407 1602 2637 1676 quae

355 1679 644 1754 harum
698 1679 1243 1755 narrationum
1307 1675 1590 1750 ceteris
1648 1689 1780 1751 aut
1842 1680 2108 1753 verior
2161 1692 2293 1754 aut
2340 1682 2635 1756 verisi-

356 1782 624 1858 milior
667 1783 806 1875 sit3
858 1807 1143 1857 verum
1186 1792 1459 1855 nostra
1512 1803 1610 1855 eo
1657 1793 1959 1881 spectat
2005 1782 2467 1880 disputatio,
2521 1799 2636 1859 ut

362 1912 454 1961 ex
516 1886 665 1961 hac
718 1887 740 1960 i
800 1911 882 1961 sa
941 1883 1408 1961 narrationis
1466 1883 1840 1959 varietate
1902 1884 2414 1961 manifestum
2475 1886 2637 1962 fiat

359 1989 478 2085 id,
537 1913 795 2089 quodp
805 1988 1214 2079 volumus,
1269 2010 1437 2061 non
1480 1985 1911 2062 obscurum
1962 1990 2311 2089 aliquem
2357 1992 2436 2065 in
2473 2016 2632 2067 ve-

360 2107 532 2168 tere
564 2092 889 2167 historia
926 2104 1059 2166 aut
1104 2091 1315 2166 inter
1342 2102 1623 2189 poetas
1661 2092 1919 2167 virum
1957 2091 2198 2169 fuisse
2234 2100 2633 2192 Aeneam,

362 2220 514 2271 nec
561 2197 727 2271 eius
779 2192 935 2269 fata
981 2207 1059 2270 et
1105 2218 1235 2269 res
1288 2219 1329 2267 a
1359 2193 1685 2290 Virgilio
1733 2197 2090 2272 inventas
2140 2221 2309 2272 esse
2361 2211 2440 2273 et
2485 2225 2632 2274 ex-

366 2300 758 2396 cogitatas,
863 2296 1005 2373 llla
1051 2297 1268 2372 enim
1316 2298 1484 2397 ipsa
1521 2300 1987 2375 narrationis
2041 2300 2442 2376 diversitas
2488 2329 2631 2377 ar-

361 2404 528 2501 guit
579 2401 1114 2477 diversitatem
1174 2408 1648 2494 auctorum,
1703 2405 1839 2504 qui
1894 2404 1995 2479 de
2052 2410 2316 2482 Aenea
2373 2407 2628 2483 tradi-

366 2507 686 2602 derant,
742 2517 820 2582 et
864 2518 1324 2606 poetarum,
1382 2505 1517 2605 qui
1574 2504 1794 2581 idem
1855 2523 2414 2606 argumentum
2459 2526 2632 2588 tra-

367 2622 784 2687 ctaverant.
907 2612 1013 2686 Ut
1072 2608 1287 2684 enim
1349 2623 1589 2708 poeta
1659 2612 1996 2713 quisque
2064 2615 2144 2689 in
2204 2617 2630 2694 materiam

367 2714 464 2789 ab
521 2713 683 2788 aliis
739 2725 919 2788 ante
960 2736 1047 2788 se
1087 2725 1496 2788 tractatam
1525 2712 1856 2813 -incidit‚
1910 2716 2052 2814 ita,
2102 2731 2193 2793 ut
2234 2743 2381 2795 suo
2434 2745 2632 2795 con-

365 2816 538 2892 silio
600 2816 729 2893 vel
782 2819 1038 2891 totam
1085 2813 1436 2891 fabulam
1502 2813 1627 2891 vel
1689 2817 1879 2894 inde
1939 2834 2250 2919 partem
2305 2847 2632 2899 accom-

366 2920 691 3010 modet,
744 2918 1145 3016 refingere
1188 2919 1575 2995 nonnulla
1625 2933 1705 2995 et
1748 2935 2099 3020 mutare,
2155 2926 2452 3002 addere
2491 2930 2630 3004 vel

369 3024 829 3120 detrahere,
895 3021 1117 3100 solet.
1224 3025 1564 3100 Diversis
1621 3025 1884 3124 itaque
1942 3028 2206 3104 modis
2277 3030 2627 3107 eandem

366 3153 543 3218 rem
598 3127 885 3226 exponi
942 3149 1266 3201 necesse
1328 3140 1464 3204 est.
1584 3129 1951 3204 Historici
2015 3145 2284 3209 autem
2342 3139 2629 3212 Graeci

372 3231 567 3308 dum
613 3254 800 3305 suae
847 3228 1172 3303 civitatis
1216 3254 1354 3305 seu
1398 3229 1681 3331 populi
1726 3234 2066 3332 origines
2122 3238 2627 3338 repetebant,

370 3333 847 3435 popularem
923 3329 1220 3407 famam
1287 3334 1852 3435 sequebantur.
1976 3338 2331 3416 Solenne
2405 3343 2626 3418 enim

370 3438 532 3513 hoc
594 3436 970 3514 Graeciae
1016 3435 1485 3530 civitatibuS,
1538 3451 1628 3513 ut
1681 3441 1938 3540 stirpis
1988 3440 2114 3518 vel
2173 3444 2392 3519 urbis
2440 3471 2626 3521 con-

376 3541 724 3618 ditorem
792 3553 928 3615 aut
981 3537 1376 3616 haberent
1431 3554 1564 3615 aut
1631 3539 1907 3618 haberi
1969 3545 2267 3622 vellent
2324 3548 2626 3625 clarum

373 3645 724 3745 aliquem
768 3667 861 3718 ex
911 3640 1190 3718 ultima
1237 3644 1699 3746 antiquitate
1742 3645 2104 3729 heroem.
2208 3653 2626 3730 Eiusmodi

371 3747 673 3824 samam
722 3746 1197 3848 popularem
1239 3773 1388 3848 per
1437 3747 1726 3824 multas
1777 3765 2067 3828 aetates
2109 3771 2625 3856 propagatam

375 3853 551 3954 quis
594 3850 800 3927 adeo
850 3863 1211 3927 constare
1254 3851 1402 3928 sibi
1444 3854 1917 3954 expectabit,
1972 3869 2062 3932 ut
2099 3858 2314 3934 nulla
2362 3860 2625 3937 diver-

374 3957 555 4030 sitas
622 3954 1088 4031 narrationis
1163 3955 1371 4031 inter
1438 3956 1712 4056 plures
1777 3959 2027 4035 tribus
2087 3976 2220 4037 aut
2280 3963 2628 4041 civitates

376 4058 716 4136 incidat?
802 4056 1498 4159 quemadmodum
1558 4061 1795 4140 altera
1853 4088 1943 4140 ex
1998 4079 2221 4165 parte
2282 4069 2625 4146 eandem

545 4373 600 4455 *)
644 4375 777 4434 vid.
825 4374 899 4433 ad
949 4372 1092 4433 Aen.
1139 4375 1216 4435 111
1262 4374 1508 4434 Excurs.
1553 4377 1593 4436 1.
