2882 5028
466 464 1080 542 AENEIDOS
1134 467 1343 542 LIB.
1400 465 1546 561 VI,
1601 471 2037 559 419÷432

2214 475 2362 548 911

221 652 623 729 Continuo
654 651 964 729 auditae
995 677 1276 751 voceS‚
1331 653 1629 749 vagitus
1658 664 1739 728 et
1765 652 2066 750 iugem,

124 751 683 857 Infantumque
716 756 1025 832 animae
1060 753 1377 850 flentes,
1437 758 1519 830 in
1550 754 1826 831 limine
1861 757 2167 856 primo:

126 861 337 952 Quos
372 857 623 934 dulcis
661 861 863 935 vitae
894 861 1253 955 exsortiS,
1309 873 1389 937 et
1416 858 1515 934 ab
1548 858 1802 934 ubere
1828 872 2121 959 raptoS‚

126 961 453 1036 Abstulit
488 975 648 1037 atra
694 961 893 1058 dies,
956 976 1034 1039 et
1062 961 1348 1048 funere
1393 963 1667 1038 mersit
1699 962 2010 1041 acerbo,

126 1066 282 1138 Hos
317 1065 523 1140 iuxta
554 1063 753 1142 falso
787 1064 1136 1141 damnati
1177 1067 1509 1143 crimine
1533 1067 1837 1141 mortis,

2219 1073 2374 1146 430

126 1172 281 1242 Nec
310 1193 504 1243 vero
556 1168 709 1244 hae
756 1171 927 1245 sine
975 1184 1190 1246 sorte
1236 1170 1497 1264 datae,
1550 1171 1719 1246 sine
1771 1166 2066 1264 iudice,
2120 1168 2370 1248 sedes,

131 1273 538 1365 Quaesitor
565 1273 829 1358 Minos
857 1298 1140 1350 urnam
1178 1288 1493 1368 movet3
1548 1272 1681 1350 ille
1712 1272 2091 1348 silentum

254 1460 356 1519 427
391 1462 695 1516 Wakefield
740 1463 1040 1533 distinguit:
1104 1463 1391 1536 Insantum
1430 1483 1499 1515 ue
1544 1466 1761 1517 animae
1798 1466 2039 1533 flentes,
2085 1465 2144 1516 in
2193 1464 2375 1515 limine

125 1534 287 1611 primo
327 1537 478 1599 Quos
513 1533 691 1584 dulcis
726 1537 874 1585 vitae
893 1573 908 1598 ,
955 1538 1192 1587 exsortia
1240 1547 1294 1585 et
1347 1553 1382 1584 a

1470 1531 1633 1585 ubere
1683 1547 1904 1603 raptos,
1950 1532 2198 1585 Abstulit
2246 1545 2376 1585 atra

130 1602 250 1653 dees.
316 1603 491 1654 Valde
526 1603 727 1684 arridet
760 1603 1018 1684 insseniosi
1052 1604 1155 1655 viri
1188 1620 1418 1656 acumen.
1491 1603 1609 1654 Nisi
1643 1603 1784 1671 quod
1811 1619 1933 1654 mox
1956 1616 2203 1684 exsortes
2226 1602 2374 1655 otio-

131 1687 229 1721 sum
267 1690 377 1723 esse
410 1682 603 1723 sentio.
657 1672 782 1740 (vnd-
819 1673 958 1724 idem
993 1674 1206 1726 Wakef.
1243 1673 1310 1732 ad
1343 1674 1554 1725 Lucret-
1603 1674 1666 1734 11,
1713 1674 1832 1727 576.
1885 1674 2157 1736 Heymana
2203 1672 2376 1723 inter-

130 1740 330 1806 punctio
366 1741 551 1793 eadem
590 1752 699 1803 est,
745 1758 877 1810 quae
925 1742 981 1794 in
1027 1743 1285 1794 Mediceo.
1338 1740 1485 1809 Wr.)

1624 1743 1728 1795 428
1779 1754 1939 1812 rapto
1988 1741 2194 1810 aliquot
2236 1741 2374 1796 Pier.

131 1807 191 1859 ab
229 1808 387 1863 ubere
419 1824 591 1864 natos
624 1811 843 1863 Dorvill.
879 1831 910 1864 a
936 1831 1006 1864 m.
1046 1830 1126 1880 pr.
1163 1813 1218 1862 in
1252 1829 1414 1878 marg.
1488 1824 1679 1881 raptos
1713 1809 1782 1861 ab
1816 1831 1869 1862 u.
1920 1813 2094 1879 primo
2126 1811 2375 1864 Rottend.

133 1896 224 1930 sec.
259 1898 319 1930 ex
353 1898 472 1949 sup.
509 1898 677 1932 versu.

132 1947 238 1999 dies
273 1949 477 2018 aliquot
509 1949 645 2002 Pier.

750 1883 979 1947 (exortis
1012 1880 1232 1944 Medic„
1266 1881 1362 1932 scd
1395 1883 1417 1930 i
1450 1879 1505 1931 in
1540 1899 1570 1931 e
1604 1890 1846 1931 mutatur.
1880 1880 2024 1945 Wr.)
2127 1883 2232 1935 429
2264 1899 2377 1931 una

784 1950 889 2003 430
911 1948 1106 2019 salsae
1151 1950 1288 2002 alter
1324 1950 1509 2001 Hamba

1568 1947 1729 2019 salso
1764 1950 1818 2001 d.
1858 1961 2096 2021 tempore
2130 1969 2198 2001 m.
2238 1949 2374 2002 coni.

133 2018 197 2067 W
200 2019 507 2070 arburtonus
545 2019 765 2086 (Divine
797 2023 992 2088 Legat.
1031 2018 1105 2090 ⁰f
1124 2023 1311 2072 Moses·
1342 2022 1408 2071 T.
1445 2021 1486 2082 1,
1519 2021 1577 2070 Β.
1614 2021 1666 2080 2,
1699 2023 1752 2070 S.
1788 2016 1874 2083 4),
1921 2037 2104 2086 parum
2131 2019 2374 2072 feliciter.

132 2085 220 2139 431
257 2091 373 2139 sine
393 2086 557 2158 fone
591 2089 803 2151 Franc.,
838 2090 989 2142 male.
1059 2089 1177 2141 Nec
1211 2108 1342 2141 vero
1389 2089 1478 2140 his
1510 2088 1645 2140 coni.
1684 2088 1906 2139 Iortinus
1944 2087 2078 2140 Diss.
2118 2090 2208 2146 VI,
2249 2106 2376 2158 pag.

132 2156 240 2208 275.
307 2159 491 2221 (Recte
527 2157 660 2221 hae,
697 2157 732 2209 i.
770 2175 815 2210 e.
852 2177 945 2211 sua
978 2159 1164 2228 cuique
1199 2159 1352 2210 sedes
1386 2157 1682 2224 assignatam
1717 2175 1888 2226 neque
1925 2159 2061 2209 enim
2097 2159 2166 2209 de
2199 2158 2378 2209 infan-

133 2224 260 2276 tibus
292 2227 418 2278 solis
465 2244 526 2278 ac
556 2226 692 2279 falso
720 2227 943 2282 ,crimine
980 2228 1234 2280 damnatis
1270 2228 1403 2280 haec
1435 2226 1772 2296 accipienda3
1819 2227 1923 2279 vid.
1959 2229 2089 2280 Not.
2122 2257 2193 2268 —
2228 2227 2378 2280 cedis

133 2294 267 2347 Rom.
306 2297 452 2364 Wr.)

210 2435 330 2503 426
362 2457 492 2517 sqq.
537 2437 696 2497 Hinc
722 2438 801 2497 ad
830 2437 955 2503 540
978 2439 1054 2498 de
1080 2439 1212 2520 pri..

137 2542 222 2580 ma
265 2524 539 2584 locorum
591 2526 924 2585 inferorum
972 2527 1210 2605 regione

138 2608 352 2687 agitur,
423 2609 503 2669 de
567 2630 684 2689 qua
744 2631 805 2673 v.
868 2611 1011 2670 Exc.
1058 2611 1211 2670 VIII.

145 2692 257 2758 426
274 2696 503 2762 -429
523 2709 805 2758 versuum
840 2717 1048 2777 magna
1071 2696 1212 2756 dul-

140 2778 273 2838 cedo
307 2792 414 2844 est.

214 2865 598 2932 430-433.
657 2867 823 2942 Quid
866 2867 930 2926 in
970 2866 1209 2926 sedibus

139 2947 222 3008 his
246 2953 608 3032 assignandis
633 2962 923 3031 sequutus
951 2952 1029 3012 sit
1062 2972 1208 3032 poe-

140 3042 226 3109 ta,
268 3058 386 3097 non
414 3038 623 3116 liquet.
699 3040 981 3120 Suspicor
1010 3049 1211 3099 tamen

141 3120 301 3180 fuisse
324 3123 769 3204 Pythagoreum
805 3125 1061 3203 aliquem
1099 3145 1213 3184 au-

143 3216 389 3285 ctorem,
434 3211 568 3288 qui,
614 3230 764 3289 quae
805 3212 902 3269 alii
948 3232 1215 3271 summa-

142 3292 242 3351 tim
270 3296 643 3369 extulerant,
689 3296 966 3356 subtilius
1010 3317 1213 3376 perse-

144 3389 352 3457 quutus
373 3391 520 3441 erat.
594 3383 654 3441 Si
687 3382 1079 3462 Empedoclea
1105 3403 1212 3442 su-

143 3480 432 3541 peressent
457 3512 474 3543 ‚
554 3467 630 3527 de
675 3469 880 3529 multis
923 3468 1213 3528 iudicium

146 3552 470 3629 expeditius
539 3555 714 3616 foret.
814 3553 948 3613 Hoc
1021 3576 1213 3614 unum

144 3632 292 3696 inter
333 3639 606 3718 infantes*
640 3649 702 3699 et
740 3643 944 3720 iniquo
988 3642 1212 3700 iudicio

148 3730 246 3780 aut
284 3745 396 3782 sua
437 3746 627 3784 manu,
671 3728 1002 3785 interemtos
1045 3748 1217 3786 coin-

147 3824 314 3866 mune
335 3810 706 3871 intercedere
739 3811 978 3871 videtur
994 3856 1010 3886 ,
1051 3811 1216 3890 quod

150 3903 388 3953 mortem
441 3897 680 3957 fatalem
743 3907 1217 3973 anteverterunt,

150 3985 206 4034 et
260 3982 584 4042 immatura
653 3997 834 4042 morte
908 3984 1185 4043 obierunt
1200 4005 1217 4059 3

150 4061 403 4144 adeoque
452 4069 739 4128 interiora
783 4089 1020 4147 quoque
1061 4070 1216 4130 inse-

150 4166 345 4209 rorum
361 4153 584 4232 ingredi
599 4154 1017 4233 prohibentur.
1039 4156 1220 4216 War-

150 4230 436 4298 burtonus
465 4241 654 4299 multa
683 4241 829 4300 satis
867 4251 1076 4321 argute
1113 4263 1221 4302 su-

149 4338 249 4396 per
277 4326 493 4384 caussis
520 4325 738 4395 harum
778 4327 1010 4387 sedium
1042 4326 1222 4387 data-

150 4423 276 4466 rum
300 4412 781 4474 comminiscitur.
827 4412 985 4474 Add.
1012 4413 1221 4475 Iortin.

151 4485 278 4568 (Six
308 4496 480 4557 Diss.
537 4521 702 4578 upon
750 4499 1027 4583 dq‘ff'erent
1060 4499 1222 4560 Sub-

1278 2442 1443 2513 jects
1485 2458 1614 2520 pag.
1652 2443 1799 2506 269.
1841 2437 2014 2521 272.)
2100 2438 2250 2516 Sed,
2309 2448 2382 2498 ut·

1296 2525 1471 2600 dixi,
1529 2525 1579 2583 si
1633 2544 1733 2584 eos
1781 2524 2172 2601 haberemus,
2229 2544 2379 2603 quos

1292 2620 1472 2691 poeta
1498 2610 1561 2669 in
1591 2608 1656 2670 h.
1691 2611 1729 2670 l.
1766 2621 2053 2690 sequutus
2081 2620 2202 2685 est,
2247 2629 2378 2668 me-

1292 2697 1408 2756 lius
1450 2696 1623 2755 nobis
1664 2696 1737 2754 de
1774 2706 1908 2756 toto
1947 2696 2064 2756 hoc
2109 2694 2379 2776 philoso-

1294 2781 1571 2861 phemate
1611 2791 1928 2842 constaret.
2014 2783 2097 2840 De
2128 2780 2379 2840 infanti·
2433 2820 2436 2823 Δ

1291 2868 1404 2926 bus
1450 2868 1739 2927 nonnulla
1795 2861 1909 2930 οὔκ
1951 2867 2092 2943 ἄξια
2137 2859 2381 2947 μνήμης

1289 2954 1355 3012 iu
1397 2952 1609 3033 mytho
1651 2974 1760 3013 suo
1795 2954 2270 3034 praetermittere
2318 2970 2380 3009 se

1297 3038 1446 3098 dicit
1473 3039 1641 3098 Plato
1688 3039 1761 3098 de
1798 3041 1946 3119 Rep.
1986 3039 2076 3098 XI
2117 3037 2229 3098 sub
2275 3037 2380 3097 fin.

1296 3124 1429 3184 Hoc
1463 3126 1728 3203 graviter
1754 3125 2105 3200 subiicitur,
2160 3124 2383 3183 iudicia

1297 3210 1520 3289 horum
1571 3212 1901 3271 insontium
1960 3210 2383 3269 damnatorum

1300 3297 1615 3356 retractari
1677 3319 1710 3354 a
1770 3297 1987 3357 Minoe⁶
2086 3298 2148 3356 Si
2200 3296 2383 3355 modo

1300 3402 1509 3443 versus
1542 3381 1626 3440 illi
1655 3382 1800 3448 431.
1829 3384 1972 3448 432.
1992 3383 2137 3458 433,
2169 3403 2384 3461 parum

1300 3466 1614 3529 commodo
1654 3467 1784 3527 loco
1843 3468 2231 3548 interpositi,
2305 3467 2384 3527 ad

1298 3554 1572 3635 proxime
1602 3553 1940 3633 appositum
1967 3572 2206 3613 versum
2247 3555 2385 3612 Hos

1297 3645 1473 3700 iuxta
1512 3638 1862 3699 retrahendi
1911 3649 2070 3699 sunt.
2159 3638 2386 3698 Viden—

1300 3736 1405 3786 tur
1444 3725 1632 3800 enim,
1685 3746 1794 3804 per
1850 3725 2234 3806 parenthesin
2270 3745 2385 3804 po·

1300 3812 1421 3872 tius
1467 3811 1801 3888 interiecti,
1877 3811 1956 3871 ad
2004 3821 2215 3872 totum·
2267 3809 2387 3870 hoc

1299 3917 1519 3976 genus,
1564 3897 1739 3957 etiam
1792 3897 1870 3957 ad
1900 3920 2054 3976 sqq.‚
2098 3905 2385 3978 spectare.

1304 3983 1392 4065 (id
1419 4028 1436 4060 ,
1495 3983 1660 4062 quod
1717 3984 2052 4044 luculenter
2105 4002 2387 4061 compro-

1299 4070 1451 4129 bant
1483 4088 1580 4146 ea,
1612 4089 1765 4148 quae
1791 4072 1997 4130 statim
2021 4078 2388 4148 sequuntur:

1305 4200 1344 4232 ‚,
1366 4156 1717 4215 Proxima
1742 4155 1957 4216 deinde
1995 4164 2203 4214 tenent
2222 4173 2388 4212 mae-

1306 4243 1384 4302 sti
1417 4242 1648 4302 loca.“
1686 4241 1858 4324 Wr.)
1949 4243 2087 4300 Nec
2111 4261 2244 4299 vero
2269 4240 2388 4299 hae

1306 4332 1434 4387 sine
1487 4340 1636 4387 sorte
1692 4329 1873 4387 datae
1895 4372 1912 4401 ‚
1987 4330 2113 4385 sine
2166 4326 2385 4401 iudice,

1306 4415 1511 4475 sedes.-
1554 4412 1617 4474 h.
1639 4433 1687 4474 e.
1720 4434 1843 4473 non
1871 4412 1996 4470 sine
2027 4412 2224 4471 iudice
2256 4432 2392 4472 sor-

1307 4500 1424 4561 tito
1473 4501 1649 4578 dat03
1703 4499 1808 4559 sed
1841 4497 2132 4559 iudicium
2174 4498 2391 4559 sortito
