2882 5028
398 401 499 473 58
769 389 1107 482 DISQU.
1160 389 1237 463 11
1285 390 1421 463 DE
1468 388 1835 464 RERUM
1887 389 1993 463 IN
2053 388 2270 463 AEN.

402 592 485 657 et
550 576 817 655 iudicii
878 575 1288 676 sagacitate
1371 598 1578 675 opus
1645 587 1850 687 esset
1926 572 2024 648 ad
2094 573 2476 650 dilectum
2539 570 2672 651 fa-

402 681 799 759 ciendum.
2587 750 2594 755 ,

606 788 665 867 Ι.
721 780 1003 860 Solent
1038 778 1215 858 sere
1251 784 1776 881 InterpreteS,
1832 793 2222 882 quantum
2272 781 2672 879 intellige,

403 889 707 992 quique
754 886 881 972 alii
920 885 1068 960 hac
1115 884 1355 962 de·re
1401 897 1683 982 agunt,
1738 885 1843 959 ita
1889 895 2276 979 statuere,
2331 896 2421 959 ut
2459 909 2674 984 poe-

402 1008 567 1074 tam
620 989 1322 1090 famamaliquam
1375 987 1796 1064 obscuram
1863 987 1966 1063 de
2008 991 2326 1062 Aeneae
2382 990 2462 1061 in
2504 991 2674 1063 Ita-

401 1096 595 1189 liam
659 1094 1007 1172 adventu
1072 1105 1509 1195 sequutum
1580 1116 1748 1167 esse
1823 1090 2105 1170 dicant.
2222 1091 2672 1167 Enimvero

408 1224 502 1278 ex
545 1199 673 1297 iis,
742 1221 948 1298 quae
996 1221 1038 1271 a
1080 1195 1459 1293 Dionysio
1505 1194 1748 1272 Halic.
1788 1193 1918 1274 lib.
1962 1197 2022 1286 Ι,
2078 1203 2175 1272 49
2232 1220 2344 1294 sq.
2398 1203 2497 1273 53
2547 1220 2674 1295 sq.

404 1312 624 1399 72*),
679 1326 720 1376 a
757 1299 1151 1376 Strabone
1195 1297 1329 1376 lib.
1372 1302 1541 1395 XII,
1598 1324 1641 1373 a
1686 1297 2111 1374 Plutarcho
2165 1299 2244 1372 in
2283 1298 2676 1394 Romule,

408 1433 451 1484 a
512 1411 752 1482 Festo
801 1405 882 1478 in
926 1410 1213 1497 Roma,
1298 1401 1578 1477 Solino
1626 1426 1687 1480 c.
1751 1411 1830 1499 1,
1902 1404 2105 1481 Sext.
2149 1401 2472 1478 Aurelio
2525 1403 2676 1481 Vi-

409 1524 630 1586 ctore
672 1506 776 1583 de
815 1507 914 1584 0.
950 1506 1040 1585 G:
1083 1510 1176 1585 R.
1219 1517 1299 1584 et
1346 1532 1390 1583 a
1443 1506 1717 1580 Servio
1770 1506 2059 1608 passim
2111 1505 2209 1580 ad
2249 1506 2676 1604 Virgilium

407 1623 1002 1705 memorantur,
1070 1610 1567 1710 omninoque
1624 1628 1716 1683 ex
1768 1610 2251 1705 accuratiore
2293 1608 2676 1684 historiae

318 1798 324 1809 ,
412 1716 909 1815 cognitione,
961 1711 1479 1789 manifestum
1520 1710 1648 1809 fit,
1691 1717 1942 1812 fuisse
1986 1719 2184 1789 hanc
2223 1719 2319 1788 de
2367 1721 2682 1789 Aeneae

410 1824 830 1908 erroribus,
918 1824 1390 1916 deductaque
1443 1822 1932 1893 Troianorum
1982 1824 2057 1893 in
2117 1823 2419 1894 Latium
2466 1824 2680 1893 colo-

407 1932 574 2019 nia,
625 1928 1144 1999 narrationem
1185 1929 1377 1998 inter
1416 1926 1864 1997 illustriores
1910 1936 1984 1996 et
2027 1952 2080 1997 a
2121 1927 2373 1996 multis
2422 1928 2704 1997 Grae-⁷

412 2036 523 2105 eis
582 2031 1086 2125 Romanisque
1138 2028 1620 2124 scriptoribus
1667 2032 2044 2123 postisque
2111 2031 2482 2124 expositas
2542 2054 2681 2099 or·-

409 2146 778 2230 natasque
804 2135 1181 2205 historias.
1286 2131 1667 2203 Poterant
1702 2127 1861 2204 hoc
1906 2127 2199 2203 docere
2233 2127 2513 2202 saltem
2550 2152 2676 2222 ea,

414 2258 659 2338 quae,
733 2232 876 2309 etsi
941 2231 1255 2313 diverso
1313 2230 1681 2327 consilio,
1752 2232 2145 2329 congessit
2183 2230 2523 2328 Ryckius
2586 2233 2680 2305 in

409 2339 608 2417 Diss,
657 2337 759 2412 de
804 2335 1081 2436 primis
1121 2333 1391 2411 Italiae
1446 2333 1748 2409 colonis
1805 2348 1884 2410 et
1936 2340 2257 2411 Aeneae
2319 2335 2678 2411 adventu

414 2440 553 2535 (ad
618 2438 915 2520 calcem
962 2437 1359 2517 llolstenii
1399 2443 1668 2519 Notar.
1721 2436 1819 2514 ad
1871 2438 2251 2540 Stephan.
2299 2442 2679 2537 Byzant.).

414 2550 874 2640 Praeterea,
943 2541 1027 2619 id
1091 2541 1315 2643 quod
1366 2543 1631 2643 primo
1692 2542 1873 2618 loco
1945 2557 2113 2619 erat
2169 2565 2684 2619 commemo-

413 2648 800 2745 randum,
876 2646 1327 2726 communis
1396 2671 1486 2723 ac
1547 2659 1860 2723 tantum
1921 2670 2089 2722 non
2155 2646 2471 2748 publica
2539 2645 2683 2725 illa

418 2765 586 2831 erat
635 2753 1198 2833 Romanorum
1250 2751 1692 2851 persuasio,
1770 2775 2016 2853 quam
2061 2749 2486 2850 religiones
2531 2775 2683 2853 pa-

415 2857 651 2952 triae,
716 2855 1012 2934 Lavinii
1066 2853 1166 2931 ad
1214 2855 1511 2931 seriora
1558 2878 1815 2956 usque
1858 2867 2228 2954 tempora
2267 2854 2684 2933 *celebrari

415 2960 732 3049 solitae,
802 2956 1264 3035 firmabant:
1330 2985 1399 3034 v.
1457 2959 1709 3038 Strab.
1761 2962 1857 3053 V,
1910 2980 2079 3058 pag.
2125 2965 2277 3039 355
2316 2965 2400 3036 A.
2452 2971 2684 3033 erant

416 3087 628 3140 sacra
669 3061 1097 3138 Penatibus
1141 3073 1223 3137 et
1259 3065 1546 3139 Vestae
1592 3088 1631 3137 a
1672 3061 2250 3159 magistratibus
2291 3062 2683 3140 Romanis

415 3166 652 3244 facta:
715 3163 1067 3244 Macrob.
1114 3166 1269 3242 Sat.
1306 3166 1445 3259 111,
1500 3170 1570 3245 4.
1640 3162 1735 3243 cf.
1780 3166 2132 3262 Dionysii
2180 3165 2453 3241 locum
2505 3190 2681 3265 sup.

416 3269 690 3370 Disqu,
734 3271 792 3346 I.
839 3292 896 3346 S.
937 3271 1065 3348 IX.
1116 3268 1610 3368 appositum,
1697 3282 1777 3346 et
1828 3268 2080 3349 Strab.
2151 3269 2282 3349 lib.
2336 3275 2448 3363 V,
2503 3293 2680 3370 pag.

418 3377 573 3455 355
598 3377 687 3453 A.
793 3369 1389 3460 Obversabatur
1420 3370 1624 3448 adeo
1660 3375 2218 3450 Romanorum
2249 3372 2497 3450 oculis
2538 3399 2681 3452 au-

418 3475 803 3576 ribusque
857 3478 1179 3554 Aeneae
1240 3474 1941 3578 Troianorumque
2012 3479 2451 3570 memoria;
2525 3502 2683 3554 nec

593 3735 651 3821 *)
694 3736 957 3821 Omnino
998 3737 1050 3797 is
1092 3756 1193 3815 ea,
1237 3755 1391 3815 quae
1435 3736 1511 3795 de
1554 3736 1786 3797 Aeneae
1829 3739 1895 3798 in
1942 3739 2174 3798 Italiam
2220 3740 2489 3800 adventu
2530 3760 2682 3799 nar-

418 3832 558 3885 rata
614 3832 820 3899 erant,
884 3823 1153 3884 studiose
1211 3832 1303 3882 est
1357 3833 1756 3903 persequutus
1798 3824 1938 3884 inde
1983 3846 2018 3883 a
2061 3847 2112 3886 c.
2158 3827 2270 3901 453
2346 3824 2513 3903 quod
2553 3827 2684 3905 ipse

419 3909 746 3991 profitetur
775 3909 850 3970 ab
881 3909 1090 3971 initio:
1133 3904 1432 3991 βούλομαι
1472 3905 1541 3971 δὲ
1583 3908 1690 3972 καὶ
1732 3909 1871 3992 περὶ
1910 3915 2020 3991 τῆς
2043 3912 2298 3975 Αἰνείου
2340 3914 2685 3992 παρουσίας

422 3996 514 4072 εἰς
550 3990 810 4059 Ἰταλίαν
849 4028 935 4043 -
981 3990 1065 4076 μὴ
1110 3993 1423 4077 παρέργως
1465 3996 1766 4066 διελθεῖν,
1811 3991 1920 4070 τάς
1961 4019 2025 4059 τε
2067 4001 2193 4060 ταῖν
2225 3990 2541 4078 Ἑλλήνων
2575 3997 2684 4061 καὶ

421 4077 532 4158 τὰς
569 4079 895 4160 Ῥωμαίων
946 4084 1073 4143 ταῖν
1118 4075 1379 4161 μάλιστα
1432 4079 1924 4160 πεπιστευμένων
1981 4083 2248 4162 ἱστορίας
2288 4077 2684 4166 παραβαλών.

422 4166 516 4227 lta
566 4165 904 4246 legendum.
1004 4166 1347 4227 Fatendum
1408 4173 1644 4240 tamen,
1718 4168 2063 4247 Dionysium
2117 4190 2225 4229 suo
2294 4178 2357 4227 et
2424 4167 2680 4230 aliorum

423 4252 794 4312 Graecorum
844 4271 1013 4312 more
1058 4262 1289 4313 veteres
1346 4251 1579 4311 fabulas
1621 4253 1684 4311 in
1728 4251 2010 4313 historias
2054 4262 2332 4314 accurate
2375 4254 2455 4313 ad
2497 4277 2683 4336 prag-

422 4338 624 4399 matici
649 4337 958 4418 scriptoris
1002 4339 1344 4419 exemplum
1387 4337 1691 4417 expositas
1734 4348 1995 4398 mutasse
2039 4360 2090 4400 c.
2134 4339 2237 4414 46,
2279 4340 2342 4398 in
2375 4360 2496 4417 quo
2530 4341 2683 4402 Hel-

422 4424 656 4486 laniena
698 4422 816 4486 iam
859 4423 1230 4504 praeiverat,
1273 4434 1346 4484 ut
1391 4445 1444 4485 c.
1488 4425 1572 4490 48
1616 4443 1710 4503 pr.
1756 4425 1882 4504 ipse
1929 4426 2232 4486 declarare
2275 4425 2535 4487 videtur.
