2882 5028
542 330 1163 406 AENEIDOS
1215 333 1422 409 LIB.
1475 333 1573 429 11,
1629 337 2067 416 551-562

2298 343 2451 419 345

188 517 741 622 Avolsumque
768 517 1127 594 humeris
1159 532 1429 619 caput,
1468 531 1547 595 et
1571 520 1742 594 siue
1773 521 2106 598 nomine
2139 546 2450 625 corpus,

289 627 398 698 At
427 646 569 697 me
605 634 782 699 tum
809 623 1166 722 primum
1198 645 1475 698 saevus
1508 623 2021 700 circumstetit
2053 625 2368 706 horror.

187 725 642 825 Obstupui,
697 724 938 800 subiit
969 726 1122 800 cari
1150 727 1535 823 genitoris
1562 727 1848 825 imagO,

184 832 294 906 Ut
320 851 611 927 regem
648 852 1142 930 aequaevum
1177 828 1479 905 crudeli
1504 829 1837 906 volnere
1871 829 2032 907 vidi

2295 737 2452 811 560

182 934 460 1010 Vitam
494 930 1035 1027 exhalantem,
1015 969 1033 987 ·
1088 932 1327 1009 subiit
1359 931 1673 1010 deserta
1707 937 2024 1033 Creusa,

320 1125 437 1181 558
489 1141 565 1175 m
567 1123 845 1206 olsumque
882 1124 1018 1176 Gud.
1065 1143 1183 1179 cum
1238 1125 1430 1178 Medic.

181 1211 343 1256 ιιιιιες
395 1193 501 1244 sed
542 1193 773 1245 atrocius
813 1195 1085 1247 avulsum.
1137 1215 1188 1248 v.
1224 1198 1401 1248 Burm.

174 1266 421 1335 primum
456 1274 682 1332 quatuor
708 1264 880 1315 Burm.
951 1277 1011 1315 at
1041 1283 1245 1317 mecum
1261 1285 1320 1347 p.
1368 1264 1532 1318 Witt.
1602 1282 1761 1317 error
1796 1266 1878 1316 Hu
1848 1282 1998 1333 u.gen

1512 1123 1663 1178 absai
1639 1144 1914 1195 usumque
1953 1125 2170 1177 Oudart.
2211 1137 2265 1178 et
2297 1128 2454 1180 Leid.

1520 1196 1625 1251 559
1668 1201 1744 1250 Ue
1784 1215 1868 1247 me
1907 1198 2113 1264 Menag.
2158 1213 2262 1248 sec.
2331 1216 2452 1250 cum

2115 1266 2216 1320 561
2243 1263 2392 1337 sune
2362 1286 2455 1319 ere

182 1334 403 1385 Oudai-t.
432 1345 494 1383 et
521 1333 764 1384 Parrhas-
789 1343 827 1384 a*
846 1351 914 1385 m.
946 1350 1028 1403 pr.
1061 1353 1114 1386 v.
1143 1352 1259 1402 sup.
1284 1336 1407 1391 539.
1510 1334 1616 1389 562
1651 1332 1797 1387 subit
1819 1346 1874 1385 et
1902 1334 2049 1385 multi
2077 1335 2253 1399 Pierii,
2282 1336 2453 1387 Heiu-

182 1400 245 1453 ui
268 1414 324 1454 et
352 1401 666 1453 Burmanni.
720 1403 823 1453 Cur
846 1419 973 1453 vero
1000 1414 1122 1456 ante
1148 1403 1286 1457 Subi
1284 1407 1328 1455 it
1351 1403 1551 1456 maiore
1591 1403 1931 1456 distinctione
1961 1404 2271 1457 sententiam
2295 1405 2347 1457 iu
2350 1424 2452 1475 gu-

179 1472 290 1524 lent
315 1472 495 1541 vulgo
524 1471 818 1537 editiones,
851 1488 959 1524 non
983 1473 1171 1538 vide03
1217 1472 1396 1543 itaque
1427 1491 1540 1526 eam
1565 1483 1740 1526 mutav
1711 1473 1779 1525 vi.

176 1633 444 1712 populis
520 1634 805 1711 terrisque
853 1651 967 1710 pro
1030 1632 1287 1712 vulgari,

181 1728 503 1778 tenentem
548 1725 760 1776 terras.
821 1714 998 1796 (haec
1022 1719 1291 1798 explica·

182 1805 263 1864 tio
309 1802 505 1863 alteri
545 1802 944 1883 praeferenda
957 1847 974 1880 ‚
1032 1813 1107 1864 ut
1142 1806 1291 1864 sim-

183 1890 417 1969 plicior,
468 1889 735 1968 probata
770 1889 947 1948 etiam
971 1887 1180 1950 Iahnio
1211 1889 1293 1950 ad

186 1976 263 2052 X,
307 1979 468 2042 476.
521 1977 635 2035 W
624 1969 700 2052 r.)
745 1978 901 2033 iacet
940 1977 1154 2055 ingens
1180 1978 1292 2035 lit-

190 2075 303 2120 tore
351 2075 631 2120 trunca&
735 2060 974 2120 Scilicet
1023 2061 1294 2142 insepul-

193 2155 318 2206 tum
355 2145 713 2228 proiectum
752 2146 870 2205 suit
893 2146 1118 2206 Priami
1151 2168 1294 2207 cor-

197 2252 324 2311 pus.
407 2232 556 2292 Hoc
607 2232 709 2290 alii
750 2232 1100 2312 simpliciter
1143 2254 1292 2292 nar-

199 2328 353 2394 rant,
394 2318 573 2378 unua
613 2317 891 2397 apposita
929 2318 1047 2378 loci
1084 2321 1292 2378 notio-

204 2422 306 2479 ne;
343 2413 595 2484 praeter
627 2403 928 2478 Quintum
952 2404 1115 2482 xm,
1143 2405 1289 2470 241.

200 2489 339 2567 244,
381 2493 617 2550 Seneca
644 2489 865 2550 Troad.
894 2488 978 2555 54
1007 2510 1134 2570 sqq.
1158 2492 1293 2551 Au-

206 2595 325 2635 aon.
347 2575 635 2659 Epitaph.
656 2581 762 2652 23,
788 2576 953 2655 quod
984 2596 1060 2636 ex
1084 2586 1290 2636 nostro

212 2661 639 2723 adumbratum
685 2672 793 2721 est.
970 2683 1028 2742 p.
1069 2662 1291 2723 Troad.

223 2748 396 2810 1818
436 2747 528 2812 Συ
583 2745 650 2811 δὲ
697 2749 996 2855 Πρίαμεζ,
1036 2750 1290 2832 Πρίαμε,

226 2828 574 2934 -ἔταφος,
637 2830 893 2912 αφιλος,
953 2857 1102 2908 arag
1143 2833 1293 2915 ἐμᾶς

229 2910 425 2991 &mg
442 2914 540 2993 εἷς.
623 2918 933 2979 Adiiciunt
959 2919 1060 2978 alii
1082 2921 1294 2979 littoris

224 3002 546 3081 notionem,
618 3015 696 3066 ut
749 3004 901 3064 adeo
946 3025 1163 3085 corpus
1218 3005 1292 3065 ab

217 3086 449 3150 Achivis
466 3091 561 3151 ad
588 3092 757 3150 littus
779 3102 1053 3166 tractum,
1086 3104 1141 3148 et
1165 3092 1294 3150 illic

210 3175 469 3236 velaz-aaa
479 3181 612 3236 sine
626 3179 824 3254 capite
835 3176 1034 3253 suerit,
1048 3177 1292 3236 utPom·

206 3281 343 3341 pon.
379 3263 541 3337 sab„
603 3281 758 3341 quae
794 3262 973 3321 unice
1021 3282 1163 3322 vera
1194 3264 1297 3322 in-

203 3351 586 3447 terpretatio,
626 3348 807 3407 obvia
836 3348 1045 3407 eadem
1066 3350 1128 3407 in
1156 3350 1300 3408 Ser-

203 3435 427 3512 viani83
483 3433 655 3494 unde
710 3434 889 3492 etiam
927 3434 1299 3513 intelligitur,

206 3520 287 3577 ad
333 3521 587 3587 Pacuvii
633 3519 999 3600 tragoediam
1060 3531 1299 3599 poetam

199 3609 570 3687 respexisse,
596 3626 964 3685 quamquam
983 3606 1171 3681 locus,
1198 3607 1301 3684 qui

194 3692 425 3753 ibidem
466 3693 815 3771 adscriptus
853 3693 1084 3763 fuerat,
1134 3692 1300 3750 exci-

189 3779 302 3841 dit.
394 3780 528 3840 Nisi
574 3781 730 3838 sorte
776 3778 947 3837 suere
986 3777 1175 3836 verba
1199 3778 1299 3835 illa

185 3867 390 3928 Ennio
428 3867 509 3925 ab
537 3866 670 3924 aliis
712 3865 943 3923 tributa
973 3864 1149 3923 Tusc.
1179 3863 1300 3937 Qu.

180 3954 230 4030 1,
273 3953 368 4019 44
416 3952 616 4032 [Heu]
662 3951 988 4031 Reliquias
1025 3952 1302 4009 semiassi

176 4045 351 4120 regis
434 4039 762 4097 denudatis
833 4034 1061 4095 ossibus
1124 4037 1300 4095 Tetra

176 4126 361 4209 (nam
413 4126 507 4185 sic
539 4145 679 4184 cum
722 4121 925 4183 Davis.
949 4121 1297 4203 legendum)

170 4217 364 4273 carde
406 4210 715 4270 delibutas
722 4206 920 4288 foede
950 4208 1303 4270 divexarier.

1371 1653 1653 1712 mumque
1691 1634 1756 1689 in
1779 1632 1969 1689 littore
1998 1643 2295 1706 truncum,
2342 1632 2462 1691 Cui

1371 1740 1481 1777 nec
1529 1719 1709 1788 mpia
1748 1738 1962 1794 rogus,
2022 1725 2083 1775 et
2121 1720 2345 1776 Seneca
2380 1737 2459 1776 ex

1372 1803 1495 1866 hoc
1524 1801 1734 1862 eodem
1765 1803 1900 1861 loco
1930 1802 2150 1861 Troad.
2176 1801 2300 1866 140
2316 1824 2458 1862 ma-

1370 1910 1612 1969 gnoque
1646 1890 1786 1947 lovi
1819 1890 2074 1948 victima
2113 1909 2325 1949 caesus·
2351 1890 2458 1949 Sc·-

1371 1996 1496 2055 gea
1509 1976 1740 2054 premis
1769 1975 1970 2033 littora
2000 1986 2256 2035 ίνιιηειιε.
2312 1977 2459 2035 Lic-

1378 2074 1476 2120 tus
1506 2060 1582 2119 de
1618 2058 1834 2135 Troia,
1877 2068 2183 2138 tamquam
2210 2061 2462 2120 littorali

1365 2147 1575 2224 plaga
1593 2190 1610 2221 ,
1667 2146 1961 2228 accipere,
2024 2145 2249 2205 durum
2291 2146 2460 2206 arbi-

1376 2241 1529 2291 tror.
1583 2230 1769 2306 Quod
1792 2232 2035 2291 Servius
2061 2231 2251 2307 addit,
2278 2233 2459 2292 Pom—

1376 2317 1497 2398 peii
1517 2326 1755 2397 tangere
1782 2316 2099 2376 historiam
2130 2317 2458 2397 Virgilium,

1374 2402 1496 2463 hoc
1525 2422 1595 2462 eo
1627 2404 1948 2463 dumtaxat
1969 2404 2252 2483 pertinet,
2296 2403 2463 2483 quod

1376 2488 1561 2550 huius
1587 2489 1709 2549 loci
1739 2490 1931 2549 maior
1974 2509 2044 2549 ac
2076 2489 2322 2550 suavior
2345 2490 2461 2550 ali-

1376 2577 1510 2656 quis
1546 2595 1752 2635 sensus
1784 2595 1908 2634 esse
1932 2575 2138 2636 debuit
2160 2577 2462 2652 Romanis,

1376 2664 1482 2741 qui
1512 2661 1771 2742 Pompeii
1796 2660 1983 2721 simile
2016 2662 2206 2720 satum
2230 2682 2464 2721 memo—

1374 2748 1469 2808 ria
1512 2755 1809 2809 tenerent.
1885 2749 2011 2805 sine
2049 2750 2287 2805 nomine
2327 2769 2464 2805 cor-

1366 2855 1512 2913 pus,
1543 2834 1670 2892 sine
1695 2842 1862 2908 nota,
1906 2852 2027 2910 quo
2058 2832 2295 2911 agnosci
2318 2853 2466 2913 pos-

1379 2929 1491 2996 aet,
1533 2928 1830 2997 quatenus
1856 2916 1984 2976 sine
2014 2918 2211 2998 capite
2235 2928 2297 2978 et
2323 2919 2469 2978 vul-

1377 3015 1451 3065 tu
1492 3014 1641 3068 erat.
1716 3002 1937 3087 (valer.
1980 3003 2070 3063 Fl.
2124 3004 2237 3079 IV,
2293 3004 2433 3069 184.
2450 2994 2476 3064 ι’

1378 3091 1642 3170 „quibus
1708 3090 1962 3150 adverso
2027 3090 2138 3149 sub
2213 3090 2469 3150 vulnere

1380 3177 1547 3238 nulla
1599 3177 1747 3237 Iam
1801 3176 2079 3251 facies,
2139 3195 2277 3235 nec
2332 3197 2468 3236 no-
2557 3199 2574 3211 ·

1383 3284 1551 3324 men
1596 3265 1836 3323 erat.“
1886 3259 2065 3344 Wre)

1470 3351 1593 3414 559
1634 3370 1761 3428 sqq.
1825 3347 1943 3407 Hic
1999 3355 2193 3407 artem
2254 3357 2469 3428 poetae

1385 3454 1651 3513 agnosce.
1735 3433 1954 3492 Priami
1985 3453 2125 3492 casu
2148 3444 2469 3514 conspecto

1384 3520 1573 3600 patris
1660 3518 1956 3578 Anchisae
2045 3519 2469 3581 reminiscitur.

1386 3606 1541 3679 Quis
1563 3605 1796 3663 Aeneae
1821 3605 1884 3663 in
1911 3613 2164 3685 patrem,
2190 3607 2470 3666 omnino-

1387 3710 1504 3769 que
1531 3693 1593 3750 in
1623 3710 1762 3749 suos
1780 3736 1796 3766 ,
1830 3691 2114 3768 pietatem
2141 3712 2306 3751 nunc
2333 3712 2471 3752 eum

1383 3796 1590 3837 rerum
1615 3776 1918 3836 cardinem
1935 3777 2066 3835 sore
2096 3778 2472 3857 expectabat,

1385 3882 1508 3940 quo
1535 3863 1802 3922 narratio
1838 3863 1918 3921 ad
1941 3861 2036 3939 id,
2073 3864 2240 3941 quod
2266 3884 2473 3924 rerum

1384 3958 1571 4028 caput
1613 3957 1744 4008 erat
1762 3993 1780 4025 ,
1849 3948 2084 4008 Aeneae
2133 3949 2473 4028 discessum,

1383 4035 1886 4097 converteretur?
1928 4036 2006 4094 Et
2027 4055 2206 4114 quam
2236 4058 2475 4098 accom-

1388 4121 1634 4182 modata
1675 4121 1827 4181 haec
1881 4121 2113 4181 Aeneae
2153 4125 2476 4201 personae!

1390 4216 1454 4267 et
1482 4229 1662 4287 quam
1714 4218 1853 4287 apta
1899 4208 1977 4267 ad
2018 4207 2221 4267 studia
2267 4218 2476 4269 nostra

166 4299 302 4361 Sed
372 4296 792 4357 imitationem
841 4302 1138 4353 notarunt
1174 4293 1306 4354 ‘viri
1391 4295 1739 4374 animosque
1761 4295 1826 4354 in
1852 4293 2056 4355 virum
2076 4301 2202 4354 tam
2224 4294 2476 4354 eximiae

164 4386 360 4449 docti
399 4402 484 4444 ex
505 4381 714 4446 Manil.
743 4380 850 4455 lv,
880 4378 983 4446 64.
1007 4381 1091 4447 65
1116 4383 1308 4442 Pria—
1388 4381 1628 4463 pietatis
1651 4380 2137 4444 convertendos?
2182 4377 2208 4461 (
2233 4414 2312 4425 -
2332 4378 2476 4445 560.
