2882 5028
469 375 626 452 088

905 367 1039 490 ³P.
1091 362 1632 444 VIRGILII
1679 361 2239 439 MAROMS
2338 365 2343 370 ’

466 552 698 636 Ensis
727 561 932 649 erat,
984 549 1392 651 Tyrioque
1431 547 1766 628 ardebat
1788 547 2098 626 murice
2132 547 2381 642 laena,

468 657 826 737 Demissa
853 679 948 730 ex
976 653 1372 731 humeris:
1424 652 1645 730 dives
1676 675 1883 753 quae
1909 669 2247 728 munera
2279 651 2496 729 Dido

468 767 832 855 Fecerat,
889 771 970 834 et
996 757 1220 834 tenui
1244 756 1439 834 telas
1471 756 1946 833 discreverat
1973 781 2186 835 auro.

474 863 880 943 Continuo
911 860 1244 940 invadit:
1300 863 1427 937 Tu
1458 884 1673 936 nunc
1706 859 2195 960 Carthaginis
2223 858 2422 935 altae

576 1005 750 1082 264.
801 1019 1057 1094 Auno,
1037 1032 1055 1052 ·

2584 863 2732 939 265

759 1205 904 1257 ‚illi
924 1204 1182 1257 stellatus
1213 1206 1250 1257 ι’.
1267 1202 1321 1274 Γ
1391 1203 1599 1273 (Omnia
1627 1203 1717 1256 hic
1745 1195 1990 1273 egregia,
2034 1204 2363 1287 maximeque
2380 1204 2520 1256 illud
2529 1217 2732 1288 (κίφος

474 1277 581 1329 vid.
606 1279 671 1340 Q.
627 1215 772 1327 m¹·V.
800 1276 1040 1338 XXXV,
1073 1277 1163 1330 22.
1236 1277 1351 1327 Nec
1376 1274 1490 1326 sine
1514 1275 1738 1326 consino
1778 1275 1910 1326 haec
1950 1276 2169 1327 vestitus
2194 1274 2485 1345 descriptio
2527 1274 2734 1336 iniecta.

475 1362 610 1416 qnae
633 1352 890 1396 motatum
911 1349 1120 1396 Aeneae
1145 1345 1370 1396 animum
1401 1344 1738 1408 ostenderet,
1776 1343 1865 1412 qni
1892 1363 1950 1396 se
1972 1344 2072 1396 iam
2102 1354 2272 1396 totum
2296 1344 2365 1396 ad
2390 1362 2595 1396 morem
2620 1346 2734 1413 Ty-

474 1417 609 1466 rium
651 1424 1033 1484 component.
1100 1415 1313 1466 Rectius
1353 1424 1525 1466 antem
1562 1423 1687 1483 post
1735 1416 2008 1485 Conspicit
2049 1425 2298 1483 punctum
2342 1429 2444 1483 pro
2483 1413 2732 1466 semicolo

474 1495 720 1554 ponetur.
794 1485 1032 1536 Ceterum
1060 1485 1159 1535 Ias
1195 1486 1313 1549 i,de

1362 1484 1563 1536 maiore
1589 1483 1777 1547 litera,
1828 1485 2145 1535 Burmannus
2183 1493 2238 1534 et
2275 1485 2357 1534 He

2328 1484 2735 1552 cyninsexsn—

475 1563 632 1617 runt,
664 1554 890 1605 fortasse
913 1562 972 1604 ut
999 1552 1152 1622 trisyl
1177 1554 1329 1605 abnm
1362 1562 1531 1613 esset·
1568 1563 1623 1604 et
1647 1569 1774 1604 sane
1789 1554 1941 1623 jaspe
1923 1552 2060 1604 i’de
2043 1570 2099 1604 m
2129 1553 2249 1606 aliis
2285 1553 2615 1605 editionibus
2644 1571 2732 1604 ex-

475 1639 714 1753 pienum
741 1623 918 1688 video,
950 1639 1106 1691 quum
1131 1632 1304 1674 tamen
1334 1634 1559 1693 quatuor
1586 1622 1901 1704 syllabarum
1932 1623 2036 1687 sit,
2084 1632 2143 1673 ut
2169 1625 2454 1685 Graecum,
2506 1622 2729 1674 Martini.

609 1694 697 1758 60,
731 1694 817 1747 20.
849 1691 903 1742 in
932 1707 1084 1743 versu
1114 1704 1473 1761 pentametro·
1513 1694 1616 1756 „Et
1642 1692 1868 1762 pretium
1884 1692 2084 1761 magnis
2100 1693 2233 1744 fecit
2266 1693 2285 1742 i
2299 1711 2329 1743 a
2346 1712 2371 1744 s
2386 1712 2421 1763 p
2438 1710 2458 1743 ι
2442 1692 2542 1744 ··d
2524 1710 2544 1743 ι
2562 1694 2597 1743 b
2612 1711 2644 1744 ιι
2659 1697 2729 1744 s.‘¹

482 1763 631 1830 Wr.)
698 1764 806 1816 262
839 1761 992 1826 lana,
1027 1762 1183 1824 luna,
1218 1763 1342 1814 leva
1377 1764 1625 1814 aberrant
1658 1763 1713 1812 in
1746 1761 1929 1813 laena.

1060 1835 1112 1899 (v
1082 1829 1186 1882 vid.
1227 1831 1411 1895 etiam,
1466 1830 1513 1883 si
1547 1831 1722 1896 iuvat,
1757 1831 1902 1888 Cort.
1936 1831 2005 1883 ad
2032 1832 2227 1886 Lucan.
2266 1829 2548 1898 V11,622.
2593 1832 2728 1896 Wr.)

477 1831 665 1884 solent.
713 1831 781 1883 ef.
820 1832 988 1883 Burm-

479 1903 584 1957 265
619 1901 775 1953 vadis
807 1909 932 1952 tert.
955 1901 1209 1954 Rottend.
1235 1920 1266 1954 a
1292 1919 1360 1953 m.
1388 1918 1470 1974 pr.

479 2078 596 2137 illi.
687 2073 952 2136 Offendit
986 2072 1140 2135 haec
1168 2075 1361 2135 oratio
1399 2084 1563 2134 tam-

479 2182 662 2241 qnam
716 2161 920 2242 paullo
971 2161 1227 2220 ieiunior
1283 2182 1396 2242 pro
1452 2161 1564 2220 tali

479 2248 770 2323 carmine,
823 2265 936 2306 nec
971 2257 1252 2307 accurata
1303 2247 1403 2306 iun
1452 2265 1565 2308 ve-

480 2334 662 2392 stitus
699 2332 1064 2411 descriptio
1049 2353 1110 2391 m
1139 2331 1334 2391 medio
1358 2352 1566 2394 rerum

479 2439 663 2479 cursu
701 2420 1166 2499 expectabatur-3
1205 2418 1407 2479 ieiuna
1431 2438 1568 2479 ma·-

480 2516 588 2565 net
612 2505 791 2564 etiam
830 2505 945 2579 sic,
989 2506 1040 2564 si
1075 2504 1332 2581 dixeris,
1374 2506 1567 2565 vesti·-

481 2602 615 2651 tum
642 2591 929 2671 insignem
961 2591 1244 2651 Mercurii
1274 2592 1566 2651 venientis

483 2678 687 2738 oculos
743 2679 808 2737 in
865 2696 926 2735 se
980 2677 1360 2736 convertisse.
1419 2679 1568 2747 ¹Est:

482 2765 723 2845 quidem
738 2762 859 2823 hoc
872 2763 1277 2838 Homericum,
1306 2773 1380 2822 ut
1396 2773 1568 2822 stru-

483 2860 657 2910 ctura
703 2851 968 2928 reliquae
1022 2849 1306 2909 orationis
1356 2850 1567 2908 relicta

481 2948 797 2997 externam
856 2937 948 2995 rei
992 2935 1090 2995 vel
1128 2934 1390 2994 hominis
1425 2953 1567 3015 spe-

483 3023 632 3083 ciem
660 3022 926 3082 sensibus
948 3021 1188 3080 obiiciat
1214 3029 1425 3105 poeta;
1455 3039 1568 3079 ve-

484 3128 624 3169 rum
638 3107 756 3167 hoc
779 3107 870 3182 fit,
900 3107 1211 3185 quotiesid
1231 3107 1428 3187 ipsum
1446 3107 1570 3168 vim

481 3193 665 3254 habet
696 3193 774 3252 ad
804 3192 1161 3271 augendum,
1193 3192 1572 3272 amplifican-

485 3276 635 3340 dum
650 3282 749 3339 vel
764 3277 1221 3338 illustrandum:
1257 3299 1424 3338 nunc
1455 3298 1573 3337 au·-

484 3375 607 3426 tem
639 3384 818 3443 quam
848 3363 972 3422 vim
998 3362 1217 3423 habere
1243 3373 1445 3445 potest
1469 3363 1574 3423 hic

484 3451 656 3526 ensis,
687 3450 837 3509 haec
858 3447 1144 3528 chlamys,
1166 3449 1228 3508 in
1252 3450 1572 3529 designan-

487 3536 565 3596 do
590 3535 787 3595 Aenea
814 3543 1107 3615 occupato
1137 3536 1203 3594 in
1242 3536 1574 3595 aedifican—

488 3622 582 3682 dis
607 3621 882 3682 aedibus!
924 3658 1003 3669 —-
1041 3622 1124 3680 Ut
1152 3622 1360 3681 saltem
1390 3635 1572 3702 atque

486 3708 738 3767 abesset!
808 3706 928 3766 Sed
984 3707 1121 3767 libri
1177 3709 1261 3766 nil
1316 3716 1571 3768 mutant.

485 3795 609 3855 Nec
648 3814 776 3855 rem
820 3793 1095 3872 expedit,
1146 3793 1196 3852 si
1233 3794 1308 3853 ab
1354 3796 1453 3853 illi
1492 3792 1572 3852 ad

485 3902 634 3940 auro
662 3879 1047 3961 parenthesin
1069 3879 1265 3939 facias.
1311 3877 1418 3960 (At
1447 3879 1571 3939 vid.

487 3966 557 4029 V.
598 3968 664 4026 L.
716 3968 819 4026 W
810 3964 886 4046 r.)
971 3966 1243 4024 stellams
1282 3966 1574 4044 exquisite

486 4073 599 4133 pro
625 4052 943 4113 distinctus
988 4071 1059 4109 ac
1087 4048 1319 4130 fulgens
1337 4097 1354 4126 ,
1399 4073 1480 4111 sc.
1509 4051 1576 4110 in

489 4140 706 4220 capulo
752 4147 815 4198 et
851 4136 1083 4215 vagina.
1171 4139 1407 4216 iaspide
1419 4137 1571 4217 fub-

487 4247 572 4285 να
589 4270 607 4301 ,
668 4222 979 4304 epitheton
1033 4242 1159 4283 non
1214 4224 1571 4302 urgendum.

487 4312 620 4373 Non
674 4311 834 4370 enim
887 4309 1045 4368 inter
1108 4309 1573 4388 praestantiores

486 4398 579 4458 sui
618 4396 850 4478 generis
906 4395 1107 4457 fulvae
1150 4405 1569 4456 numerantur.

2070 1764 2182 1817 263
2210 1765 2451 1815 Dimissa
2474 1763 2644 1824 multi,
2679 1772 2729 1813 ut

1646 2097 1707 2136 v.
1741 2075 1894 2135 Plin.
1931 2075 2243 2152 xxxva,
2282 2080 2389 2154 37,
2432 2097 2615 2157 quem
2638 2087 2729 2137 ta-

1646 2181 1786 2221 men
1803 2162 2024 2240 fulvas
2050 2162 2309 2242 iaspides
2335 2165 2588 2224 omnino
2612 2182 2730 2223 me-

1649 2266 1886 2307 morare
1915 2266 2037 2307 non
2065 2247 2276 2326 video,
2337 2250 2509 2328 quod
2538 2261 2730 2310 tamen

1651 2333 1897 2393 Servius
1927 2332 2215 2409 affirmat,
2258 2335 2377 2394 nisi
2395 2335 2600 2415 fulva
2627 2355 2730 2417 pro

1653 2419 1951 2480 subviridi
1979 2419 2353 2499 accipienda,
2398 2431 2473 2482 ut
2516 2423 2625 2482 inf.
2669 2419 2730 2495 V,

1649 2510 1776 2571 809
1804 2506 2005 2585 fulva
2032 2507 2221 2565 oliva.
2303 2507 2559 2589 (vm
2595 2511 2729 2573 261.

1651 2592 2003 2651 obversatus
2034 2600 2126 2651 est
2152 2591 2445 2670 Iuventi,
2491 2596 2600 2674 qui
2616 2596 2728 2653 Sat.

1652 2678 1724 2752 V,
1752 2677 1853 2744 44.
1883 2677 1959 2737 de
1987 2678 2212 2758 iaspide
2237 2678 2498 2757 locutus,
2536 2680 2729 2740 addit:

1652 2785 1857 2909 {51:230
1908 2784 2421 2910 ‚fifssi'ssffilk‘ess
2457 2789 2731 2931 new

1649 2934 1883 2995 iuvenis
1907 2937 2210 3015 praelatus
2245 2934 2472 2997 Iarbae.
2522 2934 2730 3017 Wch.)

1652 3020 1901 3080 ardebat
1933 3031 2145 3081 ornate
2165 3042 2280 3101 pro
2325 3033 2475 3083 erat.
2537 3023 2733 3105 (arde-

1651 3106 1755 3165 bat
1794 3111 2015 3167 murice
2062 3110 2370 3189 propriam
2410 3120 2566 3191 puta
2592 3130 2733 3169 oon-

1653 3192 2079 3269 structionem,
2122 3205 2197 3254 ut
2224 3196 2389 3274 apud
2421 3197 2553 3257 val.
2587 3196 2675 3255 Fi.
2695 3195 2733 3265 1,

1654 3280 1835 3344 422:
1875 3282 2172 3339 Taenario
2201 3284 2388 3359 ignea
2399 3282 2568 3360 sum
2583 3302 2734 3361 pur*-

1649 3384 1836 3442 pura.
1892 3366 1964 3424 cf.
2010 3364 2272 3441 Aemv,
2318 3369 2421 3432 88.
2453 3370 2734 3427 —laena

1653 3461 1740 3507 est
1784 3453 1960 3524 Tyrio
1996 3455 2218 3509 murice
2243 3452 2361 3511 dici
2388 3474 2601 3533 posse,
2654 3459 2736 3510 est

1656 3536 1822 3613 quod
1865 3555 2089 3616 negem.
2127 3540 2227 3597 W
2223 3538 2354 3620 elz.)
2444 3543 2603 3599 telas
2632 3540 2733 3598 int.

1655 3623 1932 3682 stamina.
1990 3624 2135 3681 Erat
2166 3623 2348 3702 igitur
2374 3627 2568 3684 vestis
2599 3625 2735 3684 haec

1656 3727 1885 3781 crassa,
1946 3712 2213 3784 Παῖνα,
2266 3709 2459 3789 ipsius
2495 3710 2735 3770 Didonis

1655 3794 1933 3853 manibus
1972 3802 2157 3853 texta
2216 3795 2288 3854 cs.
2323 3795 2552 3857 similes
2586 3799 2735 3857 100oe

1656 3879 1763 3939 inf.
1801 3880 1916 3954 XI,
1962 3884 2074 3955 78,
2122 3888 2185 3939 et
2222 3880 2532 3957 11{‚483.
2576 3882 2733 3964 (Epi-

1655 3964 1869 4024 theton
1887 3923 2074 4024 :lives
2082 3976 2152 4025 ut
2178 3967 2452 4027 ieiunum
2471 3970 2735 4051 displice

1660 4050 2007 4129 Wunder1.;
2064 4061 2130 4112 at
2166 4052 2338 4112 dives
2379 4066 2619 4135 spectat
2664 4051 2733 4112 sd

1659 4137 1970 4219 splendida
1988 4156 2240 4198 munera
2259 4139 2535 4203 Didonis:
2568 4143 2703 4203 Wr.
2709 4137 2733 4219 )

1740 4224 1885 4288 265.
1928 4224 2187 4283 avadit.
2245 4223 2543 4288 Habitum
2578 4228 2735 4287 futu-

1654 4329 1759 4369 rae
1777 4309 2068 4369 orationis
2096 4310 2384 4375 ostendit.
2405 4315 2574 4374 Serv.
2611 4312 2733 4372 Ua·

1654 4396 1761 4455 nm
1787 4404 1991 4456 tamen
2022 4396 2215 4478 simp*
2236 4408 2357 4478 pro
2391 4399 2735 4480 «gew-
