2882 5028
422 386 622 458 1016
786 369 1683 451 exone-sus
1788 368 1987 443 vu.
2062 325 2337 442 v111'

964 639 1825 731 EXCURsUs
1950 639 2149 724 VH

1183 810 1333 877 De
1439 810 1937 877 Mesena

601 988 699 1062 vl,
748 991 871 1051 162
897 1006 1023 1065 sqq.
1071 985 1155 1043 De
1191 986 1438 1043 Miseno
1468 982 1875 1043 narrationem
1918 978 2184 1039 intexuit
2212 986 2483 1058 propter
2531 980 2690 1037 sabu-

434 1077 526 1136 Iae
574 1071 736 1153 apud
781 1073 956 1131 Italos
998 1070 1434 1131 auctoritatem.
1491 1087 1552 1127 v.
1603 1070 1851 1128 Excurs.
1898 1068 1976 1127 [v
2004 1065 2082 1124 ad
2122 1064 2184 1123 h.
2214 1064 2343 1137 lib„
2389 1074 2458 1123 et
2502 1066 2693 1124 habuit

434 1162 614 1221 etiam
645 1158 954 1238 Elpenoris
996 1155 1367 1236 exemplum,
1424 1153 1586 1232 quod
1623 1166 2010 1232 sequeretur,
2069 1149 2234 1230 apud
2267 1151 2460 1210 Hom.
2496 1153 2695 1231 Odyss.

439 1254 490 1322 λ,
535 1249 609 1312 51
643 1265 770 1322 sqq.
858 1242 1175 1302 Molestum
1210 1249 1409 1300 tamen
1439 1239 1576 1313 hoc,
1621 1241 1787 1318 quod
1815 1240 1935 1298 duo
1964 1237 2494 1296 commemorandi
2523 1246 2699 1310 erant,

439 1333 540 1411 qui
581 1332 790 1389 eodem
833 1329 960 1387 sato
1001 1329 1318 1408 perierant.
1420 1324 1605 1400 Quod
1650 1345 1787 1385 eum
1832 1325 2151 1383 tubicinem
2213 1323 2489 1382 nobilem
2542 1325 2699 1383 suisne

440 1417 659 1491 tradit,
706 1416 781 1474 cs.
812 1415 911 1490 111,
957 1418 1103 1488 239,
1146 1414 1206 1471 in
1243 1412 1360 1472 hoc
1385 1411 1634 1471 Homeri
1666 1412 1758 1471 sui
1799 1410 2223 1470 auctoritatem
2267 1409 2543 1485 deserit;
2586 1429 2703 1467 cun

444 1502 721 1563 Troianis
771 1500 1144 1580 temporibus
1191 1518 1302 1558 nec
1346 1499 1558 1558 tubam
1595 1517 1709 1556 nec
1754 1498 1972 1556 lituum
2011 1496 2333 1553 inventum
2364 1497 2557 1554 fuisse
2584 1496 2708 1554 satis

445 1597 701 1648 constet.
801 1586 1013 1646 Maluit
1067 1585 1270 1661 itaque
1324 1593 1388 1642 et
1440 1583 1545 1642 hic
1585 1584 1836 1661 tragicos
1891 1581 2088 1658 sequi,
2144 1600 2208 1640 v,
2250 1602 2303 1640 c.
2350 1580 2709 1661 Aeschylum

449 1677 695 1734 Eumen.
753 1691 813 1731 v.
856 1674 1001 1743 570,
1061 1670 1339 1749 Sophocl.
1386 1669 1476 1729 Δὶ.
1526 1673 1606 1733 17
1648 1679 1711 1727 et
1768 1669 1842 1726 al.
1930 1668 2078 1726 Mox
2117 1686 2176 1724 V.
2229 1672 2360 1731 172
2406 1668 2712 1727 Tritonem

448 1769 630 1819 cantu
665 1765 956 1838 provocat
989 1755 1262 1815 Misenus.
1349 1755 1484 1814 Hoc
1517 1754 1948 1831 elegantissimo
1981 1761 2192 1831 poetae
2222 1753 2473 1830 ingenio
2523 1755 2712 1812 deberi

447 1845 707 1917 videtur,
744 1842 1171 1902 adumbratum
1197 1862 1274 1900 ex
1301 1840 1590 1900 similibus
1623 1839 2068 1899 narrationibus
2100 1839 2266 1916 apud
2294 1850 2550 1899 veteres
2584 1859 2715 1920 poe-

451 1942 577 2005 tas,
625 1929 895 2008 inprimis
929 1927 1289 2002 Homerum3
1334 1946 1471 1985 cum
1497 1925 1562 1983 in
1587 1926 1817 2004 vulgari
1862 1943 2099 2002 quoque
2130 1925 2489 2003 priscorum
2528 1927 2713 1985 homi-

452 2037 601 2076 num
629 2032 936 2089 sermone,
983 2023 1056 2071 ut
1080 2014 1330 2090 quisque
1372 2012 1437 2070 in
1485 2020 1615 2070 arte
1656 2032 1763 2070 sua
1796 2011 2145 2084 excelleret,
2191 2010 2282 2068 ita
2311 2012 2507 2070 modo
2542 2023 2713 2072 arten

455 2123 486 2160 a
527 2101 640 2160 diis
673 2100 991 2179 accepisse,
1037 2097 1217 2157 modo
1245 2117 1313 2156 ea
1345 2106 1475 2156 arte
1504 2116 1638 2178 cum
1670 2097 1783 2156 diis
1813 2095 2175 2154 contendere
2207 2095 2550 2158 diceretur.
2630 2099 2717 2158 Sic

454 2187 771 2264 Thamyris
810 2205 948 2244 cum
991 2184 1174 2242 Musis
1218 2184 1387 2242 Iliad.
1439 2185 1496 2262 β,
1531 2181 1657 2247 595
1700 2202 1843 2259 sqq„
1888 2181 1971 2239 sic
2013 2180 2314 2256 Pierides,
2380 2185 2470 2242 sic
2500 2185 2721 2243 Sirenes

457 2293 592 2332 eum
626 2271 836 2345 Musis,
881 2269 1148 2347 Marsyas
1193 2288 1329 2327 cum
1358 2267 1667 2346 Apolline,
1712 2269 1977 2345 Eurytus
2026 2287 2173 2324 arcu
2202 2287 2349 2326 cum
2377 2270 2592 2328 eodem
2615 2269 2720 2328 Od.

455 2365 524 2432 θ,
574 2357 701 2419 224
750 2375 877 2431 sqq.
922 2363 1253 2411 certarunt.
1340 2353 1563 2411 Passim
1603 2352 1719 2410 hoc
1770 2353 2070 2410 monitum
2124 2351 2203 2410 ad
2265 2352 2721 2433 Apollodorum.

458 2440 746 2500 Aeoliden
772 2438 1033 2520 appellat
1060 2438 1384 2513 Misenum,
1437 2437 1608 2496 Aeoli
1643 2437 1866 2512 filium,
1924 2446 2220 2516 tanquam
2258 2440 2531 2500 eiusdem
2561 2442 2723 2500 Aeoli

460 2527 725 2603 Troiani,
767 2546 941 2605 quem
968 2525 1029 2584 in
1061 2545 1259 2604 pugna
1291 2546 1429 2585 cum
1450 2523 1669 2583 Latinis
1700 2523 2046 2583 occubuisse
2072 2535 2291 2584 narrat
2318 2529 2460 2604 XII,
2492 2529 2617 2594 542
2645 2548 2723 2607 sq.

1396 2789 1569 2799 —-*-v—
1618 2789 1641 2794 ἶ-
1680 2790 1771 2795 Δ--.

884 3009 1922 3099 EXCURSUS
2043 3008 2299 3094 VIII

604 3196 1129 3285 Claeorograplcia
1169 3197 1476 3263 locorum
1521 3198 1593 3262 in
1583 3194 1906 3286 ferorum
1949 3221 2031 3262 ex
2060 3207 2321 3284 poetae
2363 3209 2615 3263 mente.

643 3385 779 3445 Non
818 3385 1214 3446 iniucundum
1257 3406 1381 3444 esse
1417 3395 1651 3466 potest,
1727 3407 1853 3446 uno
1905 3386 2037 3445 loco
2077 3386 2459 3466 propositam
2520 3386 2737 3445 habere

476 3470 673 3530 auimo
700 3480 893 3530 totam
925 3474 1197 3532 locorum
1223 3473 1557 3531 inferorum
1591 3472 2049 3553 descriptionem
2072 3518 2088 3546 ‚
2149 3472 2340 3549 qualis
2380 3473 2488 3531 illa
2531 3494 2570 3529 a
2605 3474 2740 3530 Vir-

475 3555 613 3635 gilio
639 3555 759 3615 hoc
785 3557 939 3615 libro
970 3568 1058 3616 est
1085 3557 1373 3638 exposita.
1463 3559 1636 3631 Quae
1672 3559 1772 3617 alii
1805 3577 1910 3618 seu
1944 3558 2240 3617 imitando
2272 3577 2382 3615 seu
2414 3579 2582 3618 nova
2624 3560 2738 3616 fin·

475 3641 670 3721 gendo
708 3643 1037 3719 variarint,
1103 3655 1177 3703 ut
1219 3648 1438 3703 Seneca
1474 3644 1652 3704 Herc.
1686 3647 1804 3704 sur.
1854 3645 1978 3708 658
2017 3664 2161 3721 sqq.,
2224 3643 2427 3702 Valet.
2456 3644 2549 3702 FI.
2593 3642 2743 3703 lib.I

479 3728 590 3788 sub
615 3729 654 3787 f.
685 3730 810 3791 827
840 3749 925 3807 sq.
969 3750 1134 3790 nunc
1164 3751 1284 3788 non
1316 3750 1613 3791 curamus.
1701 3730 1985 3789 Tentavit
2008 3730 2125 3788 iam
2148 3728 2311 3790 idem
2351 3730 2649 3808 Spencius
2688 3737 2743 3786 et

478 3813 745 3874 lortinus
779 3814 925 3872 Diss.
972 3815 1067 3889 VI,
1112 3836 1171 3895 p.
1209 3817 1339 3881 258
1380 3825 1621 3894 praeter
1664 3817 1808 3875 alios
1855 3816 2050 3896 Intpp.
2170 3815 2477 3874 Nonnulla
2522 3817 2745 3875 iterun

436 3901 768 3988 ‘ructavit
794 3900 1168 3959 Wernsdorf.
1197 3901 1364 3960 Poet.
1393 3904 1538 3961 min.
1575 3903 1742 3960 Tom.
1771 3902 1825 3960 II
1860 3902 2110 3961 Excurs.
2137 3901 2354 3960 XVIII.
2442 3902 2566 3960 Res
2614 3922 2745 3960 mm

479 4006 590 4066 per
636 4006 700 4044 se
746 4006 869 4044 non
907 3986 1134 4044 inutilis
1184 4004 1306 4043 esse
1350 3996 1553 4066 potest
1592 3987 1670 4046 ad
1717 3995 1931 4067 poetae
1972 3988 2569 4067 interpretationem,
2618 3998 2747 4045 tum

481 4092 631 4131 vero
679 4072 859 4131 etiam
894 4072 969 4131 iis
1008 4081 1178 4151 grata
1223 4091 1346 4129 esse
1376 4072 1589 4148 debet,
1647 4074 1750 4150 qui
1790 4074 1998 4132 Dentis
2024 4074 2366 4147 Infernum,
2412 4075 2642 4153 partim
2674 4092 2747 4130 ex

483 4156 767 4232 Marone,
813 4178 933 4235 quo
977 4159 1025 4216 is
1053 4158 1204 4216 duce
1238 4158 1457 4234 utitur,
1503 4178 1869 4238 expressum,
1908 4168 2044 4219 tum
2082 4160 2264 4218 etiam
2308 4159 2572 4218 aliorum
2600 4177 2743 4239 poe·

486 4253 691 4303 tarum
749 4243 882 4303 loca
934 4263 1282 4323 comparare
1328 4244 1565 4323 volunt.
1651 4245 1746 4305 Ita
1779 4244 1957 4304 Silius
2005 4245 2177 4320 XIII,
2221 4245 2351 4309 526
2391 4266 2521 4324 sqq.
2562 4256 2747 4304 tota-

485 4330 820 4388 inserorum
859 4329 1320 4409 descriptionem
1352 4330 1653 4406 vaiiavit,
1702 4329 1906 4391 decem
1949 4331 2170 4412 portis,
2223 4339 2289 4389 et
2316 4332 2541 4412 septis,
2586 4342 2748 4411 puto,

488 4414 553 4472 in
593 4414 662 4472 iis
698 4415 1081 4493 constitutis3
1137 4424 1209 4476 ut
1236 4416 1502 4476 Platonis
1534 4415 1745 4477 circuli
1783 4427 1926 4477 ante
1950 4417 2155 4477 oculos
2192 4415 2373 4477 fuisse
2392 4417 2748 4481 videntium
