2882 5028
587 349 1197 434 AENEmos
1250 359 1459 434 Lm.
1516 359 1645 454 v1‚
1700 366 2129 438 790—798

2312 369 2458 442 ‘981

215 539 596 618 Proferet
627 545 1091 644 imperium3
1148 547 1346 620 iacet
1392 557 1601 619 extra
1634 544 1891 620 sidera
1920 545 2177 645 tellus,

210 649 455 721 Extra
486 648 671 721 anni
708 647 1072 747 Solisque
1109 649 1300 747 vias,
1353 648 1491 722 ubi
1524 647 1853 746 coelifer
1881 649 2092 725 Atlas

213 757 472 861 Axegn
507 745 851 830 hm'nero
883 746 1209 854 torquet
1240 749 1488 827 stellis
1520 752 1981 828 ardentibus
2012 766 2302 854 aptum.

313 951 325 962 ·
365 938 469 992 796
505 937 730 1009 Profert
764 940 900 992 alter
932 941 1118 1000 Hamb.
1152 959 1185 994 a
1215 958 1285 992 m.
1318 958 1400 1010 pr.
1471 939 1725 1012 Perferet
1759 943 1863 994 duo
1899 943 2069 995 Burm.
2173 945 2277 998 797
2305 954 2462 996 extra

216 1025 405 1058 annos
449 1010 651 1074 Franc.,
694 1027 802 1062 non
847 1010 998 1063 male.
1076 1010 1302 1082 Lucifer
1345 1011 1606 1068 Montalb.
1651 1029 1684 1064 a
1728 1030 1794 1065 m.
1844 1029 1925 1081 pr.

216 1077 330 1130 798
366 1076 606 1129 humeris
636 1094 719 1147 pr.
753 1079 942 1132 Hamb.

216 1216 347 1277 Vit.
378 1216 540 1297 Virg.
569 1216 646 1276 ad
678 1238 728 1278 a.
761 1218 904 1283 734.
988 1219 1130 1279 Loci
1155 1219 1296 1280 imi-

220 1302 517 1362 tationem
583 1304 703 1362 iam
762 1304 955 1384 intpp.
1003 1314 1300 1366 notarunt

217 1388 285 1446 in
327 1388 474 1447 silio
512 1388 665 1464 VIII,
700 1390 824 1454 409
855 1409 981 1468 sqq.
1028 1390 1102 1449 de
1129 1391 1298 1450 Cice-

218 1472 389 1532 ronis
415 1473 609 1544 laude.
673 1473 905 1556 (Nescio
924 1520 942 1550 ,
986 1495 1063 1534 an
1086 1497 1300 1556 parum

216 1568 386 1618 recte
428 1581 609 1636 super
646 1578 753 1639 per
795 1562 953 1618 ultra
997 1562 1297 1642 interpre-

216 1652 436 1703 tentur
466 1653 527 1704 et
551 1643 683 1720 hic,
727 1654 788 1704 et
821 1645 991 1720 alibi,
1034 1657 1104 1705 ut
1137 1648 1298 1727 apud

215 1731 447 1794 Lucan.
485 1730 583 1804 lV,
631 1733 807 1794 333.=
846 1731 1016 1804 „Non
1059 1752 1299 1813 super

217 1824 488 1875 arentem
511 1815 752 1875 Meroen
768 1859 786 1892 ,
830 1816 1160 1895 Cancrique
1185 1818 1297 1877 sub

217 1920 355 1977 axe,
372 1902 510 1975 Qua
523 1901 675 1961 nudi
692 1901 1079 1961 Garamantes
1106 1912 1297 1980 arant,

220 1986 461 2062 sedere,
525 1988 632 2046 aed
691 1987 851 2046 inter
909 1989 1298 2066 Stagnantem

217 2073 473 2133 Sicorim
531 2081 594 2132 et
645 2073 923 2152 rapidum
974 2075 1299 2154 deprensus

189 2159 460 2222 ‚Iberum
512 2160 754 2238 Spectat
811 2158 1041 2220 vicinos
1096 2159 1300 2219 sitiens

216 2244 521 2303 exercitus
545 2248 803 2304 amnea.“
846 2253 905 2302 et
929 2243 1094 2323 apud
1119 2244 1298 2306 eund.

216 2328 374 2404 VIII,
438 2333 577 2395 162.
633 2350 788 2407 aqq.:
843 2331 1055 2405 „Nunc
1111 2331 1298 2391 socias

215 2415 447 2474 adeunt
504 2415 757 2474 Romani
814 2416 1070 2475 foederis
1122 2417 1300 2476 urbes

215 2502 298 2562 Et
341 2499 532 2561 varias
577 2520 785 2580 regum
821 2510 1078 2576 mentes,
1138 2523 1301 2563 nunc

210 2586 383 2648 invia
426 2587 641 2646 mundi
688 2586 851 2647 Arva
894 2607 1128 2666 super
1168 2608 1298 2647 me—

215 2674 355 2732 dios
381 2672 531 2731 soles
551 2671 957 2750 Austrumque
981 2673 1300 2733 iacentes.“

211 2756 368 2820 Mihi
396 2767 554 2817 certe
583 2778 681 2818 res
716 2759 844 2837 ipsa
882 2758 1129 2818 videtur
1154 2779 1295 2818 sua-

217 2844 395 2918 dere,
444 2853 516 2903 ut
542 2843 636 2903 his
672 2844 818 2904 locis
851 2864 961 2923 per
987 2852 1143 2923 part.
1183 2867 1291 2902 su-

198 2951 329 3011 per
348 2929 478 2988 loca
501 2931 615 2988 ista
637 2929 784 3009 ipsa,
828 2929 1167 3009 longissimo
1194 2930 1296 2989 vi-

216 3015 436 3075 delicet
462 3014 780 3075 intervallo
811 3015 1126 3091 distantia,
1170 3036 1295 3075 non

217 3109 419 3161 autem
446 3101 753 3177 ulteriora,
799 3100 1091 3180 designari
1113 3110 1295 3181 pute-

214 3207 368 3248 mus.
455 3187 534 3246 Et
558 3187 670 3266 ipsi
699 3186 831 3246 Indi
861 3196 922 3245 et
959 3188 1294 3247 Garaman-

211 3286 310 3335 tes
349 3275 600 3332 extremi
632 3272 942 3332 hominum
984 3273 1293 3332 existima-

207 3363 455 3421 bantur.
505 3360 611 3419 W
599 3356 683 3438 r.)
768 3357 1167 3451 lauQIebebat
1195 3377 1296 3417 se-

210 3445 322 3527 qui
351 3468 365 3503 :
457 3444 718 3522 profiret
776 3446 1091 3521 imperium
1119 3476 1207 3489 —
1236 3456 1296 3502 et

209 3552 396 3609 super
446 3551 583 3587 eam
626 3542 840 3587 terram
860 3573 877 3601 ,
938 3550 1094 3607 quae
1135 3532 1294 3587 iacet

210 3629 380 3678 extra
411 3636 463 3674 s.
554 3615 674 3673 Sed
699 3613 961 3673 inversio
994 3616 1153 3674 sacta
1181 3634 1296 3673 en·-

209 3702 606 3764 thusiasmum
664 3700 930 3760 adiuvat.
1040 3700 1111 3759 In
1165 3720 1291 3778 sqq.

211 3787 503 3849 australes
532 3785 768 3845 Africae
797 3785 995 3866 plagas
1020 3784 1292 3864 designa-

212 3875 272 3936 ri
321 3872 693 3932 manifestum
749 3880 872 3945 θοις
931 3870 1036 3929 sed
1074 3891 1169 3930 res
1210 3870 1289 3929 ad

213 3959 540 4039 τερατῶδες
593 3956 840 4016 deflexa.
946 3958 1102 4015 Solis
1151 3960 1300 4015 viae<

216 4045 455 4126 proprie
478 4053 621 4102 aunt
647 4044 807 4104 intra
830 4042 1289 4122 Tropicos-Can-

216 4131 305 4192 cri
332 4139 393 4189 et
424 4129 768 4209 Capricorni
798 4148 907 4209 per
936 4128 1286 4206 eclipticam.

216 4218 313 4278 Sic
342 4215 502 4294 apud
519 4213 773 4274 Aratum
805 4211 1035 4292 ἠελίοιο
1076 4213 1289 4276 κέλευ-

216 4312 325 4366 θοι
380 4312 443 4359 et
496 4297 739 4377 ἄλησις,
781 4299 1100 4359 Phaenom.
1143 4302 1296 4362 3192

218 4392 357 4455 321.
444 4385 685 4447 Servius
710 4385 916 4446 laudat
944 4384 1164 4445 Lucani
1191 4384 1287 4443 lo-

2064 1012 2267 1067 Altans
2306 1013 2459 1066 Rom.

1381 1240 1522 1281 cum
1548 1219 1643 1296 111,
1668 1221 1793 1286 253
1821 1242 1930 1300 sq„
1962 1223 2173 1300 inquo
2206 1218 2459 1281 Aethio-

1381 1326 1486 1385 pes
1525 1316 1700 1365 extra
1741 1308 2067 1367 zodiacum
2114 1307 2287 1387 positi
2336 1326 2460 1365 esse

1382 1391 1689 1451 dicuntur.
1774 1393 1897 1451 lam
1939 1392 2193 1452 Romani
2218 1392 2459 1469 quidem

1383 1477 1495 1537 vix
1529 1477 1609 1536 ad
1637 1478 1959 1555 Tropicum
2002 1478 2215 1537 Cancri
2239 1496 2459 1556 perve-

1383 1572 1629 1638 nerunt,
1674 1563 1866 1622 multo
1886 1563 2087 1630 minus
2113 1582 2277 1622 arma
2300 1562 2459 1622 ultra

1384 1658 1767 1725 aequatorem
1794 1649 2180 1728 protulerunt
2208 1657 2270 1706 et
2305 1648 2461 1706 alto-

1382 1752 1523 1791 rum
1548 1735 1879 1813 tropicum3
1922 1734 2026 1793 sed
2057 1742 2267 1814 poetae
2291 1733 2459 1792 licuit

1381 1816 1533 1877 haec
1581 1819 1941 1898 amplificare
1999 1828 2059 1878 et
2117 1820 2252 1878 loca
2301 1819 2459 1877 ultra

1379 1907 1635 1981 tropicos
1660 1923 2023 1980 memorare,
2068 1903 2333 1981 adeoque
2359 1903 2460 1961 ub-

1384 2002 1480 2047 tra
1503 1991 1734 2066 smera,
1791 1989 1909 2049 hoc
1951 1997 2070 2066 eat,
2109 1988 2457 2062 zodiacum,

1381 2074 1542 2132 ultra
1570 2076 1732 2133 Solis
1768 2079 1907 2134 vias
1927 2088 1983 2134 et
2005 2077 2174 2150 anns,
2219 2074 2320 2152 qui
2347 2074 2454 2133 illo

1382 2159 1522 2218 solis
1559 2158 1819 2220 decursu
1848 2160 2164 2219 conficitur
2179 2202 2196 2232 ,
2259 2159 2332 2218 ad
2363 2177 2458 2217 eas

1379 2243 1616 2305 Africae
1638 2246 1841 2326 plagas
1872 2244 2278 2326 designandas,
2307 2264 2461 2321 quae

1379 2330 1544 2389 ultra
1599 2341 1777 2392 notas
1816 2340 2007 2391 terras
2033 2349 2223 2408 usque
2252 2329 2330 2388 ad
2346 2330 2456 2389 At-

1379 2415 1642 2491 lantem,
1712 2426 1772 2475 et
1814 2418 2029 2476 lineam
2078 2416 2153 2474 ab
2196 2415 2312 2474 hoc
2347 2434 2458 2494 per

1380 2501 1643 2560 Africam
1675 2501 1917 2562 ductam
1934 2548 1951 2577 ,
2016 2509 2457 2582 procurrentes,

1378 2605 1589 2648 versus
1606 2597 1880 2647 austrum
1908 2597 2037 2648 tum
2054 2597 2225 2646 erant
2246 2604 2455 2665 reper-
2494 2590 2503 2599 ⁸

1378 2681 1495 2733 tae.
1580 2673 1863 2732 Similiter
1912 2673 2097 2731 altera
2152 2691 2229 2730 ex
2284 2680 2457 2750 parte

1374 2777 1586 2818 versus
1614 2758 1901 2816 arcticum
1922 2758 2128 2837 polum
2165 2757 2456 2834 navigan-

1377 2851 1469 2901 tes
1526 2843 1688 2902 diem
1734 2855 1877 2921 post
1932 2855 2102 2919 terga
2159 2842 2456 2921 solemque

1375 2929 1685 3008 reliquisse
1729 2928 1881 2988 dicti
1910 2936 2050 2987 aunt
2086 2927 2161 2985 ab
2200 2925 2454 2985 Albino-

1377 3034 1538 3074 vano
1567 3015 1630 3073 in
1657 3015 1868 3093 fragm.
1910 3013 1986 3072 da
2014 3012 2387 3090 navigatione
2414 3033 2453 3081 a

1377 3100 1735 3160 Germanico
1759 3100 1824 3158 in
1853 3099 2092 3158 Oceano
2117 3106 2349 3156 tentata
2376 3116 2452 3156 ex

1377 3184 1630 3244 Amisiae
1659 3185 1829 3245 ostio.
1911 3183 2145 3262 Respici
2190 3191 2390 3242 autem
2418 3203 2454 3241 a

1376 3271 1625 3331 Marone
1648 3270 1963 3329 Candacen
1992 3270 2214 3328 victam
2242 3278 2303 3327 et
2331 3268 2454 3327 Ae-

1375 3356 1668 3436 thiopiam
1728 3375 1907 3435 supra
1958 3360 2253 3434 Aegytum
2297 3375 2330 3412 a
2387 3356 2450 3416 C.

1375 3444 1654 3501 Petronio
1693 3442 1876 3522 copiis
1902 3449 2272 3521 peragratam
2305 3460 2453 3520 pro-

1377 3528 1574 3587 babile
1612 3528 1716 3603 flt3
1758 3546 1875 3605 qua
1918 3526 1995 3585 de
2039 3546 2107 3585 re
2144 3547 2204 3587 v.
2232 3526 2452 3585 Strabo

1374 3614 1562 3690 XVII,
1605 3633 1662 3693 p.
1693 3616 1822 3677 820
1844 3632 1930 3690 sq.
1974 3620 2036 3671 et
2062 3613 2196 3672 Vita
2223 3611 2450 3690 Virgilii

1377 3700 1525 3759 ada.
1553 3704 1698 3764 732.
1762 3698 2066 3757 uIn‘Adae
2084 3719 2283 3765 wem,
2312 3715 2449 3755 cae-

1375 3786 1532 3861 lum,
1588 3785 1841 3843 hiemem·
1878 3796 2134 3863 torquet,
2197 3782 2450 3840 sustinet

1372 3880 1758 3949 torquentem
1833 3889 1896 3929 ae
1959 3878 2022 3928 et
2094 3875 2446 3940 vertentem,

1372 3958 1560 4015 stellis
1585 3955 1925 4016 ardentibus
1943 3967 2179 4032 apuam,
2225 3971 2300 4010 ex
2325 3970 2448 4029 quo

1373 4061 1487 4101 axe
1516 4060 1624 4102 seu
1647 4042 1810 4102 caelo
1843 4040 2051 4099 stellae
2082 4046 2255 4117 aptae
2284 4046 2446 4111 sunt,

1370 4128 1436 4187 in
1478 4147 1550 4186 eo
1591 4129 1765 4187 fixae.
1848 4124 1966 4184 Sed
2009 4123 2133 4182 vid.
2177 4142 2306 4201 sup.
2346 4122 2445 4197 lv,

1373 4216 1519 4278 481.
1572 4214 1716 4278 4⁴82.
1771 4209 1859 4290 (et
1907 4210 2043 4268 Not.
2087 4207 2163 4267 ad
2194 4209 2297 4282 IX,
2341 4211 2443 4272 93.

1381 4301 1486 4359 W
1477 4298 1559 4379 r.)
1647 4296 1763 4377 (Ex
1796 4293 2104 4353 Gronovio
2134 4293 2212 4352 ad
2242 4295 2443 4353 Senec.

1373 4383 1529 4443 Med.
1590 4388 1667 4447 10
1720 4382 1943 4441 flustra
1998 4379 2447 4461 interpretatio-
