2882 5028
752 339 940 412 AD
1043 337 1691 414 LIBRUM
1794 315 2043 415 v1'
2237 344 2442 418 ‘1021

203 527 293 586 sic
319 546 524 607 porro.
607 527 927 587 Notionem
965 547 1062 587 me
1090 548 1214 588 non
1244 527 1386 590 satis
1413 527 1639 588 claram
1665 525 1801 587 talis
1838 526 2110 587 locorum
2150 528 2449 590 situs'ha-

205 614 382 687 bere,
425 612 638 672 lubens
666 614 874 673 fateor.
972 616 1418 688 Commeatum,
1463 635 1498 672 a
1534 615 1779 673 Socrate
1804 611 2142 691 expositum
2160 658 2176 688 ,
2237 614 2314 674 ab
2337 635 2450 674 an-

203 697 566 776 tiquioribus
593 698 760 758 haud
803 698 982 759 dubie
1007 708 1318 779 acceptum
1360 708 1521 775 erat;
1586 720 1725 758 nam
1770 699 1833 758 in
1876 698 2064 758 initiis
2104 698 2293 759 simile
2333 700 2450 760 do-

199 805 339 862 gma
391 803 495 843 seu
537 784 784 864 mythus
828 786 1239 864 frequentatus
1274 804 1396 844 esse
1437 783 1663 845 debuit.
1749 785 1971 865 Nempe
2020 784 2185 862 quod
2222 805 2449 863 eorum,

202 870 310 948 qui
339 868 564 928 initiati
589 891 713 930 non
749 880 960 947 essent,
1019 871 1250 930 animae
1277 870 1343 933 ἐν
1371 865 1651 955 βορβόρῳ
1683 877 1930 932 κεῖσθαι
1952 869 2117 950 apud
2146 870 2450 932 Platonem

203 965 270 1014 et
298 955 442 1013 alios
484 952 667 1035 (conf.
710 956 943 1035 Menag.
988 957 1066 1017 ad
1104 958 1273 1036 Diog.
1302 957 1498 1015 Laert.
1541 956 1638 1031 vl,
1681 955 1790 1037 89)
1824 955 2131 1032 dicuntur,
2189 958 2270 1016 ad
2293 956 2452 1017 hanc

201 1041 393 1120 ipsam
424 1041 743 1119 paludem,
789 1043 887 1102 cui
916 1043 1198 1102 innatant
1237 1041 1501 1117 animae,
1560 1050 1691 1101 erat
1731 1042 2111 1101 referendum
2134 1062 2170 1099 a
2207 1043 2451 1103 Moshe-

201 1126 330 1185 mio
357 1126 435 1184 ad
464 1126 820 1191 Cudworth.
853 1148 912 1207 p.
952 1133 1136 1194 1039.
1224 1129 1314 1186 Ex
1360 1127 1676 1188 Platonicis
1723 1135 1922 1186 autem
1963 1126 2093 1185 istis
2131 1127 2451 1188 fluminum

204 1212 574 1271 anfi-actibus
603 1223 815 1272 natum
843 1214 1118 1289 videtur,
1161 1225 1235 1274 ut
1266 1214 1396 1273 loca
1418 1214 1643 1287 infera,
1697 1210 1763 1271 in
1806 1212 1973 1291 regni
2013 1222 2074 1272 et
2103 1213 2450 1292 provinciae

201 1299 463 1357 sormam
494 1299 772 1375 redacta,
814 1299 1016 1359 fluviis
1046 1300 1267 1359 ambita
1303 1308 1365 1358 et
1396 1298 1628 1358 inclusa
1670 1317 1791 1356 esse
1816 1298 2041 1358 vellent
2069 1307 2280 1377 poetae
2304 1298 2450 1380 plu-

199 1383 403 1459 ribus;
463 1385 568 1442 etsi
611 1385 910 1444 Homerus
950 1385 1017 1444 id
1065 1407 1187 1445 non
1226 1385 1427 1444 habet.
1516 1385 1585 1443 ln
1625 1384 1816 1444 altero
1851 1384 2154 1442 Socratico
2197 1384 2448 1463 dialogo,

201 1467 520 1546 Axiocho,
591 1470 694 1549 qui
735 1470 1014 1530 Aeschini
1058 1471 1247 1531 tribui
1282 1471 1453 1545 solet,
1511 1469 1623 1528 sub
1660 1471 1701 1530 f.
1739 1469 2010 1528 Plutonis
2047 1489 2299 1548 regnum
2335 1469 2450 1529 ad-

200 1555 376 1612 eunti
415 1556 610 1634 primo
639 1557 771 1615 loco
802 1556 1079 1616 obiicitur
1114 1557 1337 1617 ssuvius
1363 1556 1675 1631 Acheron,
1732 1564 1860 1615 tum
1893 1555 2171 1632 Cocytia,
2215 1554 2451 1634 qulbus

206 1640 473 1699 traiectis
502 1641 579 1699 ad
607 1641 867 1702 Minoem
900 1652 962 1702 et
992 1640 1520 1702 Rhadamanthum
1547 1641 1646 1701 via
1676 1640 1865 1701 ducit.

378 1725 475 1784 Ad
506 1726 626 1785 hoc
656 1727 858 1806 itaque
898 1738 1005 1787 aut
1032 1729 1217 1788 simile
1254 1727 1594 1807 exemplum
1627 1737 1836 1806 poeta,
1896 1725 2007 1785 etsi
2033 1725 2176 1785 alias
2208 1724 2450 1786 nomina

200 1811 279 1868 ab
331 1831 399 1869 eo
441 1821 663 1872 temere
704 1815 846 1893 poni
883 1835 1006 1873 non
1046 1834 1282 1893 negem,
1342 1812 1459 1872 hac
1485 1813 1778 1872 tamenin
1807 1813 2185 1887 narratione,
2240 1812 2303 1870 in
2333 1831 2453 1889 qua

202 1897 666 1976 descriptionem
704 1900 975 1959 locorum
1015 1899 1173 1976 edit,
1233 1899 1428 1979 primo
1465 1900 1599 1959 loco
1639 1899 1877 1958 videtur
1913 1897 2307 1956 Acherontem
2331 1917 2451 1976 po·-

201 2001 348 2041 nere
376 1983 755 2060 adeundum,
811 1985 1180 2046 vorticosum
1220 1986 1511 2060 fluvium,
1568 1985 1670 2063 qui
1715 2004 1792 2043 ex
1829 1984 1949 2043 imo
1985 1981 2177 2042 fundo
2216 1991 2452 2042 erutam

200 2077 378 2125 aestu
401 2089 510 2128 suo
539 2092 788 2129 arenam
816 2092 1049 2131 omnem
1084 2072 1295 2149 Cocyto
1323 2084 1579 2146 eructat,
1627 2071 1712 2129 ita
1739 2079 1809 2129 ut
1835 2070 1896 2128 in
1928 2069 2217 2147 Cocytum
2246 2086 2450 2146 egera-

198 2163 310 2212 tur
335 2153 466 2228 illa,
512 2157 842 2214 Acheronte
867 2160 931 2214 in
965 2158 1247 2234 Cocytum
1276 2178 1338 2215 se
1364 2165 1749 2216 exonerante.
1835 2154 2028 2214 Verba
2064 2153 2291 2232 Virgilii
2315 2153 2452 2212 imi-

198 2248 373 2298 tatur
404 2241 581 2299 Silius
614 2242 791 2316 xm,
850 2242 994 2306 571.
1037 2244 1161 2308 572
1205 2246 1452 2301 Tristior
1491 2242 1589 2300 his
1626 2241 1901 2300 Acheron
1944 2243 2118 2298 sanie
2160 2242 2452 2319 nigroque

198 2346 425 2386 veneno
471 2330 730 2385 Aestuat
773 2340 830 2384 et
873 2329 1148 2405 gelidam
1182 2341 1453 2386 eruclans
1504 2349 1639 2385 cum
1680 2346 1976 2385 murmure
2016 2346 2266 2384 arenam
2316 2326 2453 2382 De-

197 2412 472 2482 scendit,·
514 2413 614 2470 sed
653 2413 715 2472 in
761 2432 990 2472 summa
1023 2412 1110 2472 rei
1145 2434 1180 2470 a
1221 2414 1462 2489 Virgilio
1505 2412 1829 2476 discedens.
1917 2411 2087 2470 Alter
2115 2412 2296 2490 igitur
2329 2409 2454 2470 ssu-

196 2495 339 2557 vius
369 2497 617 2576 Cocytus
660 2507 777 2572 est,
840 2499 1033 2577 quiet
1067 2498 1193 2578 ipse
1234 2498 1421 2558 ambit
1448 2518 1631 2577 regna
1676 2499 1897 2572 infera,
1952 2495 2115 2555 unde
2154 2516 2285 2575 sup.
2329 2498 2452 2560 182

199 2582 284 2641 de
322 2582 494 2641 aditu
543 2584 620 2642 ad
666 2585 857 2643 infera
895 2585 1052 2643 loca:
1111 2598 1304 2642 tenent
1346 2585 1547 2642 media
1601 2583 1785 2665 (inter
1824 2583 1924 2640 illa
1968 2590 2029 2638 et
2066 2581 2175 2639 has
2207 2598 2453 2659 superas

198 2666 366 2748 oras)
398 2673 601 2727 omnia
629 2671 840 2744 silvae,
893 2672 1254 2749 Cocytusque
1285 2673 1422 2727 sinu
1460 2669 1666 2727 labens
1694 2669 2078 2728 circumvenit
2103 2679 2233 2724 atro
2251 2687 2276 2737 ,·
2320 2673 2454 2723 ter-

197 2753 292 2812 tia
320 2763 382 2812 et
407 2755 657 2813 interior
699 2757 844 2832 Styx
870 2764 989 2830 est,
1053 2757 1227 2814 tarda
1267 2764 1327 2815 et
1369 2754 1576 2833 paludi
1601 2754 1833 2828 similis;
1900 2750 2060 2810 uude
2082 2750 2301 2828 passim
2321 2770 2451 2827 pa-

195 2841 334 2912 lus,
383 2839 575 2898 lacu-s,
628 2840 764 2899 vide
796 2841 892 2914 VI,
941 2840 1080 2907 134.
1126 2844 1271 2916 369,
1322 2840 1469 2900 item
1507 2839 1667 2914 4165
1725 2839 1836 2898 etsi
1869 2856 2072 2896 omnes
2108 2837 2194 2895 illi
2225 2852 2447 2906 amnes,

195 2933 498 3003 quatenus
521 2927 739 2985 multos
769 2945 1003 2985 errores
1026 2927 1287 3001 faciunt,
1332 2936 1391 2984 et
1415 2927 1480 2985 in
1513 2926 1719 2985 orbem
1754 2943 1935 3001 regna
1956 2922 2149 2982 infera
2182 2921 2444 2979 circum-

193 3011 433 3086 fluunt,
480 3013 656 3069 etiam
685 3010 975 3070 hactenus
1001 3022 1206 3090 stagna
1235 3021 1294 3070 et
1313 3014 1480 3071 lacus
1521 3013 1715 3070 facere
1744 3009 1934 3069 videri
1966 3016 2234 3087 possunt.
2286 3008 2444 3084 Styx

195 3105 405 3155 autem
434 3101 637 3155 novies
663 3096 724 3156 h.
753 3117 800 3156 e.
839 3099 1068 3177 saepius
1092 3100 1286 3157 flexus
1313 3119 1452 3158 suos
1471 3108 1742 3177 repetere
1768 3096 1993 3155 dicitur
2020 3093 2119 3167 vl,
2137 3091 2283 3157 438.
2295 3090 2441 3156 439.

196 3184 418 3259 Georg.
450 3182 547 3258 1v,
596 3183 957 3259 478—480,
1001 3184 1103 3242 ubi
1131 3185 1390 3263 Cocytus
1410 3205 1549 3242 cum
1578 3187 1756 3263 Styge
1774 3189 2167 3241 memoratur.

375 3268 600 3327 Ternos
639 3267 751 3327 hos
789 3270 1117 3330 fluviorum
1146 3273 1450 3330 anfractus
1477 3270 1733 3329 traiectu
1776 3288 1956 3347 opus,
2001 3274 2323 3342 antequam
2363 3262 2445 3322 nd

89 3350 110 3359 ⁴
194 3353 492 3414 ulteriora
539 3355 885 3432 pervenias5
942 3357 1078 3430 etsi,
1122 3357 1227 3416 ubi
1273 3356 1346 3415 de
1386 3356 1705 3415 Charontis
1744 3351 2188 3413 transvectione
2230 3350 2443 3428 agitur,

197 3461 330 3498 non
357 3440 528 3498 facile
554 3449 768 3519 poetae
794 3441 868 3499 de
894 3441 1117 3520 triplici
1160 3443 1318 3501 amni
1349 3453 1543 3501 terras
1569 3442 1789 3501 inseras
1829 3438 2127 3497 ambiente
2159 3436 2444 3515 cogitant,

195 3534 268 3584 et
308 3526 517 3584 melius
553 3547 745 3586 unum
794 3536 1032 3585 tantum
1087 3528 1344 3587 fluvium
1383 3529 1725 3587 nominanti
1800 3526 2151 3601 plerumque
2202 3525 2445 3601 Stygem

196 3620 309 3670 aut
354 3610 772 3671 Acherontem.
855 3613 979 3670 Nec
1021 3614 1194 3673 aliter
1237 3615 1362 3692 ipse
1403 3613 1574 3673 Mar'o
1610 3613 1708 3687 VI,
1757 3615 1876 3675 107
1913 3620 1976 3669 et
2010 3611 2085 3670 al.
2129 3608 2273 3673 374.
2300 3610 2443 3672 391.

195 3697 304 3756 Sic
342 3706 402 3755 et
453 3718 610 3757 unus
654 3699 716 3757 in
768 3698 1082 3777 Polygnoti
1131 3699 1337 3759 tabula
1382 3698 1660 3758 Acheron
1716 3696 1880 3775 apud
1920 3696 2172 3755 Pausan.
2216 3694 2297 3766 X,
2338 3692 2442 3754 28.

203 3782 524 3844 Vectorem
553 3793 752 3843 autem
781 3783 1166 3856 Charontem,
1204 3784 1316 3843 etsi
1350 3794 1489 3863 post
1516 3784 1866 3856 Homerum,
1912 3781 2083 3842 facile
2110 3784 2445 3839 commenta

195 3878 296 3928 est
338 3869 691 3947 antiquitas,
752 3890 888 3928 cum
930 3872 1107 3929 semel
1151 3869 1270 3930 hoc
1313 3870 1655 3948 probasset,
1709 3878 1781 3927 ut
1817 3869 2067 3928 flumina
2097 3860 2446 3925 traiicienda

195 3964 401 4014 essent
437 3956 796 4015 adeuntibus
822 3957 956 4014 loca
988 3956 1198 4015 infera.
1285 3956 1486 4033 Neque
1531 3956 1680 4015 adeo
1712 3974 1788 4015 ex
1831 3952 2119 4034 Aegyptia
2163 3948 2446 4027 religione

195 4050 265 4100 et
297 4040 435 4100 lacu
458 4041 725 4101 Moeride
756 4041 923 4102 illum
954 4042 1377 4102 adumbratum
1413 4061 1537 4100 esse
1585 4060 1817 4101 necesse
1865 4051 1988 4115 est,
2049 4035 2193 4114 quin
2246 4033 2446 4112 potius

195 4126 483 4186 Graeculi
515 4128 766 4187 seriores
796 4127 1142 4207 Aegyptiam
1162 4128 1418 4208 priscam
1445 4128 1789 4207 religionem
1809 4127 1873 4185 in
1901 4122 2061 4182 hanc
2087 4129 2324 4201 partem
2348 4119 2446 4178 in·-

191 4215 516 4292 terpretati
545 4232 666 4271 esse
691 4213 994 4274 videntur.
1656 4282 1663 4289 .

371 4300 653 4358 Ceterum
699 4299 764 4358 in
806 4299 1147 4361 Acheronte
1189 4297 1267 4357 ad
1318 4299 1450 4359 loca
1482 4300 1639 4361 eirca
1665 4299 1880 4360 Cumas
1907 4291 2232 4373 respexisse
2267 4297 2449 4370 poeta

195 4394 363 4446 recte
395 4385 774 4447 existimatur
797 4396 879 4447 ‚et
921 4388 1202 4469 spelunca
1235 4386 1503 4447 Cumana
1546 4385 1784 4446 duxisse
1820 4383 2016 4444 fertur
2043 4378 2133 4438 ad
2154 4377 2451 4456 paludem
