2882 5028
731 409 918 481 AD
1023 407 1678 486 LIBRUM
1775 414 1895 491 vl
2257 423 2451 498 1013

204 591 340 650 neri
387 600 689 670 putamus.
789 595 963 657 Adde
1003 599 1282 660 Strabon.
1324 600 1372 675 Ι,
1424 621 1562 680 pag.
1602 606 1684 665 60
1725 601 1796 662 A.
1849 612 1911 662 et
1954 603 2069 663 alia
2116 605 2246 664 loca
2287 606 2452 688 apud

205 676 449 737 Cluver.
481 678 611 738 Ital.
641 689 764 740 ant.
792 683 890 758 IV,
932 684 993 758 4,
1038 684 1141 743 sed
1178 684 1278 743 hic
1304 693 1544 746 tantum
1591 687 1665 746 de
1695 688 1853 746 fama
1883 689 2253 767 quaerimus,
2298 712 2450 770 quae

205 763 286 820 de
315 765 546 822 Aeneae
588 768 893 827 erroribus
929 769 992 827 in
1035 768 1127 828 liis
1167 770 1313 829 locis
1354 772 1575 848 fuerit3
1632 774 1878 833 materia
1906 783 2029 833 tam
2059 778 2323 856 copiosa,
2378 788 2452 837 ut

204 849 387 906 etiam
431 850 701 910 omittere
733 855 1038 912 ¹nonnulla
1087 866 1295 933 poetae
1342 877 1576 916 necesse
1610 859 1828 933 suerit,
1884 862 1976 918 uti
2019 860 2137 920 hoc
2180 864 2253 920 de
2282 867 2448 922 Pro·-

202 934 425 1012 ohyta5
470 956 612 994 nam
638 938 894 998 alterum
924 939 998 998 de
1036 941 1247 1000 Caieta
1289 943 1400 1001 sub
1441 945 1480 1002 s.
1528 943 1628 1002 lib.
1663 944 1738 1003 Vl
1796 954 1855 1002 et
1900 966 1989 1024 pr.
2028 947 2131 1006 Vll
2165 949 2447 1008 meminit.

203 1020 294 1078 De
341 1040 460 1098 qua
497 1041 650 1099 quae
688 1025 854 1082 varie
890 1045 925 1083 a
955 1027 1259 1086 veteribus
1302 1027 1526 1088 tradita
1558 1039 1732 1089 erant
1744 1073 1761 1105 ‚
1819 1029 2133 1110 diligenter
2176 1042 2447 1113 congesta

203 1105 386 1166 video
425 1127 459 1164 a
504 1107 741 1171 Cluver.
789 1109 890 1186 111,
940 1115 1038 1188 10,
1079 1133 1141 1191 p.
1192 1116 1374 1180 1065.

817 1527 1655 1619 EXCURSUS
1754 1530 1839 1616 V

410 1694 956 1785 Deiplcobaee
1040 1698 1465 1786 Sibylla
1550 1712 1635 1767 et
1720 1697 2251 1766 sacerdos..

332 1866 429 1941 VI,
468 1866 571 1931 85.
607 1871 691 1933 86
721 1869 959 1948 Phoebi·
1003 1873 1353 1950 'lb-iviaeque
1393 1871 1666 1930 sacerdos
1691 1868 2008 1950 Deiphobe
2038 1870 2285 1927 Glauci.
2349 1869 2445 1926 Si-

201 1951 429 2029 byllam
458 1953 532 2011 ab
559 1953 675 2012 hac
702 1957 1009 2013 sacerdote
1039 1955 1335 2015 diversam
1362 1976 1485 2016 esse
1520 1955 1854 2016 habendam
1874 2001 1889 2031 ,
1933 1963 2183 2015 monent
2219 1953 2444 2011 Holds-

196 2037 479 2097 worthus
517 2048 577 2097 et
593 2042 833 2120 Spenc.;
876 2060 1012 2099 nam
1035 2060 1223 2119 usque
1252 2042 1332 2100 ad
1358 2062 1415 2101 v.
1444 2043 1525 2107 55
1545 2042 1619 2101 de
1646 2042 1945 2122 Deiphobe
1977 2039 2445 2137 sacerdote-agi}

198 2131 334 2182 tum
370 2124 689 2203 Sibyllam,
750 2145 872 2184 esse
918 2128 1074 2186 enim
1120 2126 1279 2186 hanc
1327 2127 1560 2186 Phoebi
1605 2141 1805 2187 vacem
1853 2149 1911 2188 v.
1954 2132 2069 2199 77,
2130 2133 2445 2183 vaticinari

197 2228 259 2268 v.
291 2212 632 2285 82—155,
697 2210 841 2270 hinc
880 2211 1102 2272 iterum
1145 2199 1463 2272 succedere
1505 2214 1874 2274 sacerdotem
1904 2233 1962 2272 v.
1996 2210 2141 2284 244,
2200 2228 2445 2307 eamque

198 2294 396 2372 excipi
439 2314 474 2352 a
514 2296 738 2375 Sibylla
784 2319 817 2355 a
849 2318 907 2356 v.
949 2302 1076 2363 258
1111 2320 1234 2376 sqq.
1267 2299 1344 2357 ad
1372 2300 1412 2358 f.
1500 2298 1596 2357 Ad
1639 2309 1759 2358 tam
1794 2296 2230 2358 incommodam
2256 2304 2445 2354 ratio-

196 2398 335 2438 nem
379 2378 622 2439 deducti
660 2402 783 2441 esse
824 2383 1114 2444 videntur
1157 2384 1276 2443 viri
1328 2384 1496 2443 docti
1542 2385 1692 2442 inter
1755 2384 1868 2443 alia
1915 2383 2174 2442 maxime
2215 2402 2274 2441 v.
2316 2381 2443 2446 258

196 2466 556 2525 adventante
593 2468 733 2541 dea,
793 2469 958 2546 quod
1007 2469 1081 2529 de
1124 2470 1347 2550 Sibylla
1388 2480 1757 2548 acceperant.
1845 2468 2028 2544 Quod
2073 2470 2122 2527 si
2154 2466 2443 2526 nonnulla

197 2551 340 2610 satis
372 2553 681 2612 commode
708 2555 772 2612 in
806 2555 980 2613 istam
1020 2555 1291 2616 virorum
1319 2555 1639 2615 doctorum
1684 2556 2033 2637 sententiam
2065 2552 2263 2647 accipi.
2293 2572 2442 2631 pos—

196 2646 360 2711 sunt,
411 2647 611 2697 tamen
657 2640 769 2697 alia
794 2640 858 2697 in
884 2641 1077 2699 multo
1111 2641 1415 2700 duriorem
1436 2684 1452 2713 ,
1497 2661 1678 2718 quam
1704 2641 1962 2718 vulgaris
1987 2647 2106 2711 est,
2148 2648 2443 2733 rationem

196 2722 639 2799 deflectuntur,
684 2735 757 2785 ut
784 2726 887 2783 vix
916 2726 1000 2784 ita
1041 2725 1324 2787 videatur
1353 2735 1526 2805 poeta
1564 2725 1944 2784 ohscuritatis
1983 2721 2443 2802 reprehensione

193 2808 436 2867 liberari
463 2830 651 2888 posse.
737 2811 885 2868 Nam
915 2832 973 2871 v.
1003 2810 1086 2876 45
1122 2833 1247 2890 sqq.
1288 2813 1431 2870 satis
1463 2812 1842 2870 manifestum
1868 2811 1974 2882 fit,
2016 2810 2202 2888 ipsam
2242 2825 2441 2864 sacer-

195 2894 399 2952 dotem
443 2916 475 2951 a
509 2894 620 2953 deo
659 2896 850 2954 afflari
893 2905 954 2954 et
980 2892 1222 2974 agitari:
1282 2919 1421 2956 cum
1452 2917 1864 2955 vmco—cm
1897 2896 2053 2952 talia
2085 2891 2266 2969 fanti
2285 2894 2441 2949 Ante

175 2978 353 3058 fores
383 2979 570 3038 subito
597 3003 717 3039 non
757 2984 960 3040 vultus
997 3004 1117 3040 non
1165 2985 1326 3041 color
1365 2983 1545 3039 idem.
1640 2982 2039 3040 continuatur
2081 2977 2156 3035 de
2197 2996 2264 3034 ea
2293 2997 2439 3035 nar—

191 3065 352 3124 ratio
370 3087 387 3140 3
428 3085 779 3144 necesseque
807 3068 956 3126 adeo
997 3077 1086 3126 est
1113 3088 1173 3127 v.
1202 3073 1287 3132 77
1314 3068 1540 3127 nullam
1570 3068 1741 3126 aliam
1782 3064 2025 3144 intelligi
2060 3081 2230 3142 posse
2261 3081 2437 3160 quani

192 3150 357 3209 illam
387 3149 577 3230 ipsam
606 3172 640 3209 a
671 3152 783 3211 deo
812 3154 1014 3211 surore
1045 3156 1329 3232 percitam
1371 3152 1736 3233 Deiphoben.
1825 3151 1975 3227 Quis
2015 3151 2218 3225 itaque
2256 3147 2439 3206 dub1-

193 3245 285 3295 tet
318 3237 442 3296 eius
490 3256 612 3295 esse
657 3239 1002 3297 vaticinium
1048 3259 1107 3298 v.
1153 3243 1236 3305 83
1281 3260 1426 3317 sqq„
1489 3259 1680 3316 neque
1725 3237 1898 3296 aliam
1927 3240 2000 3293 'et
2031 3235 2325 3294 diversam
2365 3234 2438 3291 ab

192 3322 323 3400 ipsa
354 3323 641 3401 Sibyllam
680 3324 1007 3383 Cumanam
1046 3344 1169 3383 csse
1208 3345 1267 3384 v.
1311 3327 1422 3388 98!
1484 3325 1605 3383 Nec
1628 3324 1690 3383 in
1721 3344 1845 3401 sqq.
1874 3322 2188 3401 quicquam
2221 3340 2439 3379 occur-

190 3409 307 3481 rit,
353 3408 514 3485 quod
546 3410 766 3469 nostris
792 3410 1129 3469 rationibus
1159 3410 1515 3470 adversetur
1557 3430 1616 3469 v.
1656 3414 1779 3475 102
1820 3429 1945 3487 sqq·
1975 3405 2098 3472 115
2132 3426 2258 3483 sqq.
2298 3405 2438 3471 125.

190 3492 413 3552 Editur
445 3515 481 3552 a
520 3495 830 3554 sacerdote
875 3496 1100 3575 Sibylla
1139 3515 1491 3575 responsum
1531 3505 1603 3555 ut
1645 3494 1883 3574 Delphis
1925 3516 1958 3553 a
1983 3490 2197 3571 Pythia
2233 3492 2440 3549 surore

195 3589 509 3659 correpta,
566 3591 890 3661 postquam
928 3581 1179 3660 adytum
1227 3582 1487 3659 ingressa
1524 3591 1630 3640 est.
1729 3581 1925 3639 Etiam
1963 3577 2125 3657 apud
2152 3577 2440 3638 Ovidium

195 3664 338 3723 Met.
376 3666 537 3741 XIV,
585 3670 725 3732 104.
772 3670 893 3731 106
939 3686 1084 3744 sqq„
1143 3667 1247 3745 qui
1294 3667 1493 3726 locum
1538 3665 1703 3725 hunc
1730 3665 1957 3745 Virgilii
1999 3663 2314 3744 expressit,
2359 3660 2438 3720 ad

188 3771 376 3811 unam
405 3752 679 3811 seminam
716 3752 915 3811 omnia
954 3753 1317 3812 reseruntur.
1406 3753 1592 3826 Quod
1644 3762 1841 3811 autem
1868 3751 2029 3810 inter
2065 3749 2320 3829 Sibyllae
2360 3764 2438 3804 ex

192 3838 482 3898 Varronis
513 3857 765 3897 recensu
807 3837 971 3917 apud
1006 3839 1276 3897 Lactant.
1326 3838 1470 3897 Inst.
1507 3838 1640 3897 Div.
1688 3838 1733 3914 1,
1782 3843 1821 3903 6
1850 3836 2185 3917 Deiphobes
2219 3850 2436 3893 nomen

192 3944 319 3982 non
354 3923 591 4002 legitur,
647 3924 832 3983 nolim
883 3924 1170 3984 adversus
1213 3933 1452 4003 poetam
1501 3942 1747 4002 urgere,
1807 3925 1908 4003 qui
1952 3923 2097 3982 alios
2145 3927 2436 3992 auctores,

191 4029 374 4087 quam
417 4029 567 4087 quos
608 4009 802 4069 Varro
843 4010 1096 4090 legerat,
1151 4009 1373 4069 habere
1421 4010 1660 4088 potuit,
1732 4030 1881 4088 quos
1922 4013 2304 4084 sequeretur5
2362 4010 2436 4061 ut

189 4114 365 4174 saepe
388 4097 617 4155 sactum
641 4096 903 4156 vidimus
940 4096 1001 4156 in
1036 4096 1192 4171 aliis,
1237 4094 1384 4155 dum
1407 4095 1783 4155 reconditam
1821 4095 2078 4171 aliquam
2116 4106 2436 4187 exprome-

187 4190 289 4241 ret
312 4180 650 4240 doctrinam
684 4181 874 4242 Maro.
962 4184 1205 4242 Summa
1236 4201 1474 4259 quoque
1499 4182 1743 4241 omnino
1771 4181 1836 4239 in
1866 4176 2203 4273 nominibus
2236 4173 2434 4252 Sibyl-

185 4267 386 4326 larum
407 4267 732 4326 recitandis
776 4268 935 4328 inter
962 4278 1197 4329 veteres
1238 4278 1330 4328 est
1366 4267 1717 4340 diversitas,
1758 4275 1832 4325 ut
1868 4283 1944 4323 ex
1979 4263 2048 4321 iis
2080 4262 2242 4358 ipsis,
2286 4277 2436 4357 quae

186 4353 264 4411 ab
307 4351 743 4413 Holdswortho
791 4364 1067 4433 congesta
1113 4362 1286 4428 sunt,
1342 4363 1405 4413 et
1449 4355 1570 4414 iam
1612 4354 1752 4412 olim
1799 4371 1831 4408 a
1859 4349 2139 4407 Salmasm
2174 4346 2434 4405 Exercit.

186 4439 338 4499 Plin.
376 4459 437 4518 p.
464 4440 550 4506 62
585 4447 648 4499 et
684 4440 759 4500 ab
790 4439 949 4519 aliis,
999 4440 1145 4502 satis
1171 4449 1450 4522 apparet3
1495 4448 1557 4499 et
1584 4441 1650 4500 in
1676 4436 1902 4518 Sibylla
1929 4436 2193 4495 Cumana
2219 4450 2435 4511 parum
