2882 5028
441 273 449 280 ’
533 307 1144 425 AENmnos
1193 310 1402 388 Lm.
1456 311 1589 406 IV,
1641 313 2078 392 442—454

295 499 509 569 Tum
541 521 738 573 vero
767 494 1037 573 infelix
1063 493 1239 572 fatis
1273 496 1631 574 exterrita
1652 495 1865 573 Dido

2272 319 2424 394 665
2512 286 2515 291 ’

2272 503 2429 581 450

179 601 539 675 Mortem
572 613 782 692 orat3
838 599 1105 676 taedet
1142 600 1346 676 coeli
1381 624 1726 676 convexa
1760 600 1984 678 tueri.

186 705 379 795 Quo
411 703 659 801 magis
688 704 1093 803 inceptum
1126 718 1483 803 peragat,
1553 702 1978 805 lucemque
2011 702 2430 806 relinquat,

187 803 454 900 Vidit,
509 807 952 882 turicremis
994 831 1243 907 quum
1273 806 1483 883 dona
1515 808 1939 907 inponeret
1969 807 2140 903 πίε,

189 910 747 1005 (Horrendum
779 909 1027 1009 dictu)
1059 909 1324 986 latices
1354 910 1801 1008 nigrescere
1825 934 2111 1009 sacroS,

332 1095 439 1152 450
473 1101 601 1151 Cum
631 1096 797 1151 wau.
865 1099 990 1151 Mox

1063 1100 1172 1151 atis
1215 1100 1458 1152 exercita
1489 1096 1632 1152 Dido
1668 1098 1980 1152 emendabat
2013 1098 2345 1153 Marklandus
2379 1100 2434 1155 in

187 1165 365 1237 Epist.
393 1167 520 1219 erit.
548 1185 603 1235 p.
633 1170 749 1223 117.
815 1170 975 1220 Facie
998 1169 1066 1219 ai
1106 1186 1220 1220 nem
1259 1171 1503 1221 exerceri
1540 1167 1808 1237 eleganter
1848 1168 1951 1220 dici
1993 1186 2096 1220 non
2137 1188 2322 1239 ηομες
2358 1172 2436 1223 sic

186 1238 264 1300 V,
297 1238 404 1292 725
434 1250 566 1291 nate
591 1238 782 1289 Iliacis
809 1239 1043 1289 exercite
1098 1240 1233 1299 aei-53
1271 1248 1323 1290 et
1357 1238 1494 1289 bene
1532 1237 1721 1307 aliquis
1755 1237 1986 1290 adversis
2028 1238 2231 1291 casibus
2273 1258 2435 1292 vexa-

186 1316 281 1356 tus
309 1316 365 1357 et
393 1306 647 1358 exercitus
679 1308 827 1357 vitae
854 1307 1028 1376 capiat
1062 1308 1247 1359 taedia
1275 1320 1357 1358 tot
1386 1308 1537 1359 mala
1604 1326 1886 1380 erpa-rae,
1919 1316 1978 1358 ut
2003 1308 2143 1375 apud
2169 1308 2437 1361 Tibullum

188 1385 281 1426 est
327 1376 417 1439 111,
467 1378 521 1440 2,
558 1377 611 1430 7.
676 1376 953 1427 Enimvero
986 1393 1083 1428 nec
1108 1387 1214 1427 tam
1259 1375 1460 1427 diutina
1481 1395 1531 1427 m
1585 1395 1616 1428 a
1648 1386 1862 1446 experta
1893 1387 2005 1427 erat
2041 1376 2211 1440 Dido,
2248 1389 2302 1428 et
2337 1397 2436 1429 ex-

188 1446 400 1496 territa
440 1444 713 1512 imaginem
749 1445 831 1496 rei
872 1444 1027 1496 affert
1071 1445 1235 1496 multo
1290 1446 1549 1514 aptiorem
1592 1446 1661 1497 ad
1697 1445 1990 1498 faciendam
2024 1445 2351 1498 mirationem
2383 1456 2437 1498 et

188 1509 473 1581 ἔκπληξιν.
542 1515 795 1565 Dicuntur
835 1513 1038 1566 scilicet
1081 1524 1136 1566 et
1162 1514 1243 1565 illi
1277 1517 1530 1567 exterriti
1536 1553 1551 1579 ,
1602 1514 1692 1584 qui
1731 1515 2052 1567 consternati
2092 1513 2265 1566 subito
2294 1527 2436 1567 metu

187 1582 282 1634 vel
312 1584 492 1651 quovis
528 1601 649 1636 casu
676 1592 849 1635 mente
876 1582 1070 1636 deiecti
1109 1593 1165 1635 et
1190 1583 1402 1636 alienati
1429 1583 1717 1647 insaniunt,
1752 1584 1836 1635 vel
1862 1583 1947 1653 qni
1964 1623 1979 1648 ,
2014 1584 2135 1635 dnm
2157 1583 2437 1650 insaniunt,

186 1651 441 1704 monstris
481 1664 533 1705 et
562 1652 710 1704 furii·
742 1661 1022 1704 terrentur.
1088 1652 1310 1724 Proprie
1343 1654 1410 1705 de
1443 1652 1690 1704 armentis
1717 1652 1935 1704 vidimus
1972 1654 2166 1721 Georg.
2191 1655 2278 1716 11¹,
2317 1655 2436 1714 149,

188 1721 335 1773 udde
359 1720 488 1773 ibid.
510 1740 558 1774 v.
581 1721 686 1775 434
724 1732 777 1773 et
819 1732 930 1773 not.
970 1721 1038 1773 ad
1081 1740 1127 1774 e.
1163 1721 1202 1774 l.
1273 1723 1352 1773 De
1390 1723 1579 1775 Medea
1619 1722 1822 1774 furente
1842 1721 2019 1774 Valet.
2050 1722 2131 1775 Fl.
2160 1725 2300 1787 Vm,
2333 1723 2439 1777 450

177 1790 348 1861 jugie
372 1792 631 1843 ardentes
653 1794 918 1842 exterrita
955 1802 1165 1855 tauros,
1205 1808 1336 1872 quos
1362 1792 1541 1843 videre
1564 1790 1667 1842 sibi
1688 1791 1979 1844 videbatur.
2048 1791 2219 1843 Etiam
2250 1792 2439 1861 proxi-

191 1878 279 1912 me
310 1860 382 1911 ad
420 1868 750 1930 praesentem
790 1859 978 1928 virgil.
1020 1860 1191 1913 locum
1230 1862 1324 1912 inf.
1353 1861 1492 1925 xa,
1538 1862 1644 1916 660
1679 1864 1862 1912 Amata
1888 1890 1955 1901 —
1988 1862 2188 1912 dextra
2234 1861 2441 1912 Occidit

192 1931 325 2002 ipsa
358 1946 464 1982 sua
487 1930 762 2010 lucemque
801 1928 1047 1982 exterrita
1065 1928 1244 2001 sugit.
1311 1932 1391 1982 lta
1423 1930 1579 1982 etiam
1617 1930 1777 1982 malis
1801 1931 2041 1983 attonita
2067 1946 2246 1994 mens,
2278 1929 2442 1981 malis

183 2016 471 2119 Kereus-sa
484 2036 501 2066 ,
538 2016 731 2067 passim
771 1997 979 2050 dicitur.

1112 1999 1212 2052 451
1250 2016 1500 2051 connexa
1540 2001 1725 2050 Franc.

1862 1998 1969 2053 452
2003 1999 2289 2066 lumenque
2315 2008 2440 2049 tert.

243 2067 471 2128 ottend„
519 2067 658 2136 quod
705 2075 760 2118 et
796 2067 965 2134 ipsum
1005 2066 1072 2118 de
1115 2068 1263 2120 coelo
1293 2085 1353 2120 ae
1397 2069 1489 2120 die
1526 2067 1833 2136 tandemque
1877 2068 1943 2118 de
1980 2070 2098 2119 vita
2141 2066 2245 2119 dici
2284 2067 2440 2120 solet.

193 2136 418 2203 (Ennius

529 2154 580 2205 g.
621 2136 706 2191 53·
745 2136 872 2188 edit.
913 2135 1153 2187 Hessel.:
1219 2137 1533 2205 „Postquam
1581 2136 1835 2188 lumina
1880 2135 1985 2188 seis
2034 2136 2229 2188 oculeis
2274 2138 2442 2189 bonus

187 2207 371 2259 Aucu’
404 2154 669 2274 relizuit}⁸
704 2206 795 2257 nbi
819 2205 926 2259 vid.
952 2205 1183 2257 Column.
1219 2205 1355 2257 adde
1379 2205 1593 2274 Forbig.
1624 2205 1693 2257 ad
1713 2206 1921 2258 Lucret.
1943 2207 2034 2268 111,
2069 2205 2190 2260 541.
2231 2216 2286 2257 et
2314 2208 2440 2258 Not.

190 2274 268 2327 nd
306 2276 430 2339 XII,
481 2276 568 2331 62.
610 2277 756 2342 Wr.)
827 2275 993 2328 Vides
1047 2284 1260 2343 poetam
1307 2274 1576 2344 vulgarem
1634 2285 1928 2343 temporum
1983 2275 2442 2343 consequutionem

190 2344 342 2397 haud
385 2361 566 2396 curare
590 2382 606 2407 ,
667 2361 799 2412 quae
839 2353 1006 2396 esset:
1067 2362 1174 2413 quo
1223 2346 1400 2414 magis
1437 2358 1734 2417 perageret
1779 2356 1834 2395 ee
1877 2344 2237 2413 relinqueret,
2283 2345 2441 2396 vidie.

192 2412 382 2484 (Ratio
411 2413 566 2465 huius
596 2421 885 2465 structurae
912 2413 1045 2465 haec
1079 2422 1192 2464 est:
1243 2430 1381 2482 „quo
1417 2412 1584 2482 magis
1621 2411 1886 2481 inceptum
1912 2423 2157 2480 peragat,
2194 2430 2271 2464 eo
2318 2413 2443 2464 im-

189 2481 535 2555 pellitur,
580 2482 760 2552 qnod
798 2482 982 2536 vidit.“
1028 2509 1096 2521 —
1156 2481 1276 2539 453.
1314 2482 1503 2536 Medic.
1545 2484 1866 2543 euricrimis,
1912 2480 2007 2533 sed
2047 2480 2220 2534 media
2263 2484 2286 2535 ι’
2325 2481 2376 2533 in
2412 2501 2444 2535 e

191 2563 413 2606 mutata.
451 2552 597 2619 Wr.)

194 2624 253 2692 (n
281 2641 351 2674 m.
379 2639 462 2692 pr.
505 2624 589 2677 W
578 2619 676 2691 1.).

731 2545 838 2609 454
871 2553 1016 2605 dicto
1045 2550 1180 2604 Gnd.
1221 2569 1253 2605 e
1281 2570 1350 2604 m.
1379 2570 1461 2623 pr.
1496 2570 1546 2605 ν.
1579 2554 1751 2604 Burm.
1822 2552 2025 2604 dictum
2056 2551 2243 2620 fragm.
2268 2550 2444 2606 Vatic.

190 2805 347 2858 sunt
425 2793 675 2856 Homeri
742 2795 903 2878 ῥίζαι
969 2797 1283 2877 διηνεκεῖς.
1351 2817 1469 2876 per
1507 2804 1619 2855 etc.
1703 2794 1869 2856 Inter
1915 2793 2200 2855 adversae
2244 2795 2443 2856 tortu-

191 2883 349 2948 448.
377 2903 557 2941 cta-ae
588 2889 735 2942 sunt
758 2881 934 2941 animi
961 2883 1286 2942 aestuantia

191 2978 407 3029 motus
418 2989 438 3044 3
496 2977 563 3026 at
613 2968 901 3026 lacrimae
938 2968 1185 3028 Didonis
1223 2977 1286 3029 et

189 3055 432 3116 Annae.
475 3054 549 3112 cs.
575 3053 780 3112 Burni.
807 3049 897 3133 (et
921 3053 992 3113 V.
1019 3054 1083 3113 L.
1116 3050 1285 3136 Wr.)

287 3139 675 3204 450—473.
732 3137 913 3197 Hunc
949 3139 1150 3199 locum
1191 3139 1285 3199 sa-

194 3224 318 3285 cile
349 3224 510 3283 iuter
534 3222 899 3282 felicissimos
923 3232 986 3282 et
1014 3224 1287 3283 elabora-

191 3310 470 3371 tissimos
523 3308 907 3368 referendum
950 3328 1074 3369 esse
1120 3309 1287 3369 arbi-

192 3406 359 3456 tror.
443 3391 753 3472 Praesagia
787 3394 893 3453 illa
932 3403 995 3453 et
1032 3403 1288 3471 ostenta,

196 3479 551 3560 superstitio
582 3479 660 3538 ad
684 3478 911 3539 animos
931 3480 1100 3559 gravi
1117 3499 1287 3540 moe-

195 3584 347 3628 rore
366 3565 672 3644 perculsos
706 3573 831 3624 tam
869 3565 1289 3626 accommoda-

199 3662 294 3726 ta,
338 3649 567 3730 egregie
592 3649 696 3710 hic
720 3661 1286 3726 commemorantur,

200 3746 619 3816 temperanter
640 3744 842 3795 tamen
874 3756 945 3795 ac
967 3736 1287 3816 pudenter,

203 3843 352 3883 eum
380 3822 523 3881 alias
548 3830 759 3902 poetae
786 3821 852 3881 in
879 3821 952 3880 iis
991 3821 1292 3882 luxuriari

203 3908 479 3985 soleant;
520 3907 715 3967 multo
750 3906 935 3986 magis
965 3907 1192 3967 somnia
1226 3925 1287 3965 v.

206 3992 614 4068 465—468,
664 4011 817 4070 quae
857 4011 935 4051 ex
977 3992 1289 4052 recondita

204 4078 526 4141 hominum
582 4077 751 4157 gravi
797 4096 1082 4138 aerumna
1133 4077 1289 4138 affli-

207 4175 456 4226 ctorum
511 4162 928 4223 observatione
977 4171 1120 4223 sunt
1180 4162 1290 4223 de-

203 4259 470 4333 promta.
528 4249 626 4308 Nil
659 4247 919 4308 divinins
943 4248 1086 4309 illis:
1132 4270 1292 4307 sem-

194 4357 431 4418 perque
467 4336 729 4416 relinqui
756 4334 904 4393 Sola
935 4333 1054 4395 sibi
1069 4377 1088 4410 ‚
1135 4354 1292 4394 eem-

1365 2900 1478 2944 nae
1512 2880 1800 2941 beneficia
1837 2882 2060 2941 referre
2109 2881 2266 2940 forte
2298 2902 2445 2961 pos-

1367 2967 1449 3027 sis
1492 2976 1555 3025 et
1595 2964 1747 3042 hoc,
1791 2965 1956 3045 quod
1996 2964 2210 3026 talium
2242 2985 2445 3026 rerum

1369 3074 1440 3112 ac
1472 3051 1681 3112 talium
1705 3052 1769 3110 in
1800 3050 1991 3132 poetis
2016 3051 2284 3112 locorum
2308 3072 2446 3111 sen-

1367 3158 1502 3197 snm
1533 3146 1595 3197 et
1636 3136 1961 3198 dulciorem
1996 3135 2215 3197 habeas
2255 3147 2318 3198 et
2354 3137 2449 3197 al-

1368 3225 1605 3284 tiorem.

1457 3308 1603 3374 450.
1638 3305 1959 3387 451.sati⁸
1979 3309 2270 3382 exterrita,
2296 3327 2448 3367 con·
2494 3353 2505 3360 .

1372 3401 1638 3453 sternata
1679 3401 1741 3451 et
1784 3401 1981 3452 mente
2025 3392 2253 3452 deiecta
2278 3393 2451 3456 malis

1372 3479 1520 3539 suisz
1576 3496 1729 3555 qnae
1783 3476 2020 3538 doctius
2069 3478 2216 3556 sata
2270 3478 2452 3554 dixit,

1370 3565 1589 3644 quippe
1616 3563 1733 3622 iam
1758 3575 1939 3624 certa.
1987 3564 2139 3623 cons.
2168 3563 2276 3625 inf.
2307 3562 2452 3628 464.

1370 3670 1432 3710 v.
1485 3649 1624 3709 Var.
1676 3649 1836 3709 Lect.
1902 3661 2034 3707 omt
2098 3648 2452 3728 exquisitius

1371 3754 1552 3814 quam
1571 3742 1757 3813 optat,
1776 3732 2093 3794 desiderat.
2135 3736 2288 3795 coeli
2309 3756 2453 3794 con-

1372 3842 1531 3879 vexa
1549 3864 1565 3892 ,
1605 3828 1677 3878 ut
1708 3839 1835 3899 sup.
1864 3819 1984 3881 Ecl.
2018 3818 2119 3896 lv,
2163 3822 2265 3889 50.
2317 3820 2453 3881 Pri-

1372 3925 1509 3965 mus
1556 3905 1761 3964 Cicero
1810 3906 1872 3965 in
1919 3904 2152 3964 Arateis
2202 3925 2262 3964 v.
2312 3904 2454 3969 314.

1373 4011 1553 4051 usum
1610 3989 1778 4051 huuc
1842 3991 2141 4051 invexisse
2190 3988 2455 4066 videtur,

1373 4096 1518 4220 πὲρι
1564 4075 1790 4240 phem-it
1830 4075 2093 4227 virgg?
2139 4075 2361 4219 {Ed}
2398 4082 2459 4133 et

1375 4182 1408 4219 a
1457 4182 1520 4220 is.
1644 4180 1820 4219 unius
1893 4206 1907 4222 .
2070 4204 2084 4220 .
2123 4180 2155 4219 e
2362 4178 2456 4217 es-

1376 4247 1514 4306 sel.:
1604 4245 1812 4323 „Caeli
1848 4182 2137 4325 pingentes
2195 4244 2456 4305 sorni-

1378 4334 1584 4410 ces;“
1652 4331 1817 4411 quod
1872 4331 2176 4412 improbat
2220 4330 2460 4407 Cicer03
