2882 5028
468 322 1074 400 AENEIDOS
1127 323 1335 399 LIB.
1376 324 1527 418 ΙΙΙ,
1578 330 2013 405 268-276

2223 331 2368 404 481

163 515 246 586 Et
278 524 555 586 terram
598 510 953 586 altricem
998 510 1208 585 saevi
1258 532 1758 585 exsecramur
1802 508 2026 586 Ulixi.

162 619 320 690 Mox
354 628 429 690 et
454 620 838 690 Leucatae
876 613 1240 692 nimbosa
1284 613 1688 687 cacumina
1719 614 2040 711 monne,

163 721 245 792 Et
273 715 730 793 formidatus
767 719 1024 793 nautis
1055 717 1403 817 aperitur
1433 715 1747 817 Apollo,

2219 724 2317 797 27
2324 720 2373 795 5

165 825 361 897 Hunc
394 824 742 924 petimus
776 818 999 917 sessi,
1049 833 1128 895 et
1156 844 1447 921 parvae
1477 819 1975 897 succedimus
2004 817 2206 897 urbi.

273 1032 368 1085 273
402 1031 652 1082 ultricem
698 1029 859 1082 Goth.
898 1039 1020 1080 tert.
1063 1031 1256 1082 ·Ulixi
1291 1026 1474 1080 Heius.
1525 1037 1581 1078 et
1632 1027 1687 1079 b.
1726 1027 1764 1079 l.
1804 1046 1834 1079 e
1874 1027 2082 1097 scriptis
2120 993 2398 1096 reposuit.-
2433 1065 2440 1084 .

164 1098 305 1167 Vulgo
336 1102 425 1151 Uel
424 1103 531 1153 sais
553 1100 637 1151 vel
683 1101 775 1150 Uli
776 1101 879 1149 :tis-
950 1101 1079 1165 (Uli
1078 1117 1199 1160 sets,
1239 1109 1296 1149 ut
1323 1098 1480 1157 solet,
1508 1097 1705 1160 Palatq
1741 1098 1843 1150 vid.
1872 1099 1942 1149 ad
1966 1099 2075 1150 Ecl.
2108 1101 2376 1162 V111,70.,

161 1177 248 1217 tam
275 1169 334 1220 ad
362 1175 486 1221 Aen.
513 1172 554 1234 1,
583 1171 668 1224 30
713 1171 779 1232 Π,
825 1172 873 1222 7.
938 1169 1080 1235 Wr.)
1162 1168 1323 1219 Ultxe
1362 1168 1499 1219 Gud.
1540 1186 1570 1219 a
1612 1186 1681 1218 m.
1725 1186 1806 1236 pr.
1890 1167 2082 1218 Ulixes
2118 1169 2308 1220 Moret.
2345 1185 2378 1218 a

161 1253 242 1289 sec.
264 1258 326 1290 m.
404 1240 588 1291 Ulixei
615 1239 804 1289 Medic.
834 1237 1009 1290 Pierii.

161 1318 244 1357 tem
270 1309 470 1360 Oudart.
518 1367 525 1376 ‚

159 1372 258 1427 lich.
287 1396 315 1428 a
341 1397 407 1429 m.
432 1396 513 1447 pr.

156 1535 303 1609 pulos
323 1536 578 1596 Ithacae
606 1534 772 1595 Iliad.
798 1559 855 1618 γ,
885 1541 1027 1601 200.
1058 1539 1206 1600 201

158 1620 506 1725 Λαερτιάδης
573 1618 917 1724 πολύμητις
991 1615 1206 1683 Ὀδυσ-

159 1701 303 1782 σευς,
328 1704 438 1782 ‘⁸09
468 1700 678 1789 τράφη
726 1707 791 1770 ἐν
830 1702 1007 1792 δήμω
1048 1699 1204 1768 Ἰθά-

157 1812 271 1869 κης,
310 1798 585 1875 κραναῆς
621 1816 739 1873 περ
788 1770 1026 1871 ἐούσης.
1110 1793 1206 1851 Ex

157 1876 331 1936 eodem
375 1880 585 1957 itaque
649 1879 779 1938 loco
826 1878 1068 1937 fluxisse
1106 1877 1206 1938 vi-

157 1958 346 2022 dentur
368 1967 630 2024 Laertia
675 1985 862 2042 regna
880 1997 956 2009 -—
972 1967 1055 2022 Ec
1089 1976 1206 2022 tet*-

154 2067 260 2105 mm
283 2052 546 2108 altricem
585 2050 791 2128 Ulyxi.

220 2134 347 2197 274.
377 2138 523 2202 275.
589 2135 897 2210 Leucates,
968 2131 1007 2196 ὅ
1050 2139 1208 2195 Λευ-

153 2212 342 2298 κᾶτης,
406 2221 615 2281 nobile
683 2229 987 2279 amantum
1049 2219 1208 2277 saltu

152 2308 603 2378 promontorium
672 2306 959 2365 Leucadia
985 2348 1004 2381 ,
1102 2323 1210 2364 seu

153 2386 460 2468 Leucadiae,
490 2393 638 2452 olim
658 2392 1018 2472 peninsulae,
1032 2399 1208 2469 post-

153 2492 206 2531 ea
249 2477 484 2540 insulae.
579 2482 722 2539 Hoc
777 2481 1080 2556 aperitur,
1142 2477 1206 2536 in

144 2575 502 2644 conspectum
568 2566 740 2624 venit
803 2562 904 2645 (cf.
968 2564 1072 2623 inf.
1128 2563 1210 2621 ad

152 2645 306 2730 411),
346 2664 402 2709 et
434 2652 1029 2730 Apollisu'sjbnum.
1104 2649 1208 2723 Ine

152 2740 433 2812 terpretes,
479 2759 513 2795 a
549 2737 767 2795 Servio
799 2734 967 2810 inde,
1013 2755 1210 2811 quan-

148 2826 257 2878 tum
284 2822 485 2898 video,
517 2822 677 2882 haec
701 2822 955 2881 iunctim
983 2820 1058 2879 de
1086 2841 1212 2880 uno

151 2900 290 2981 loco,
331 2907 404 2966 de
442 2908 745 2989 Apollinis
782 2907 1006 2987 templo
1050 2906 1212 2965 Leu—

151 2999 291 3051 catae
315 2993 598 3074 imposito
614 3039 632 3070 ,
685 2994 985 3073 accipiunt
1000 3037 1016 3068 ‚
1046 2990 1212 3070 quod

152 3091 268 3133 sane
314 3081 526 3139 Strabo
595 3079 703 3139 lib.
761 3080 842 3154 X,
887 3100 948 3158 p.
993 3075 1119 3143 452
1162 3077 1213 3135 Β

152 3174 429 3241 memorat.
517 3166 749 3225 Verum
784 3163 970 3224 habet
1008 3183 1075 3222 ea
1116 3182 1212 3221 res

152 3240 292 3306 haud
315 3271 497 3312 unam
530 3250 986 3324 difficultatem,
1032 3268 1212 3327 quam

153 3327 474 3415 interpretes
534 3337 786 3396 sensisse
827 3357 949 3397 nou
991 3335 1213 3394 viden-

152 3421 264 3477 tur·
302 3442 434 3483 nam
476 3424 753 3503 primum
810 3443 1018 3500 parva
1074 3419 1211 3479 urbs

152 3518 201 3559 V·
244 3508 362 3575 276
400 3509 569 3568 nulla
628 3508 742 3566 alia
808 3528 932 3567 esse
984 3503 1213 3587 poterit

151 3606 305 3662 ‘luam
358 3597 607 3654 Leucas
682 3595 745 3652 in
810 3593 1227 3675 septentrione

151 3669 348 3735 insulae
376 3681 523 3754 sita,
567 3680 657 3740 ita
700 3698 846 3739 vero
898 3700 1018 3738 non
1066 3679 1219 3737 bene

152 3766 406 3825 convenit
436 3764 731 3825 narratio.
817 3765 997 3825 Hunc
1026 3764 1218 3845 Apol-

151 3840 336 3924 linem,
404 3849 527 3911 boc
602 3851 1086 3932 promontorium
1155 3853 1221 3908 in

152 3937 381 3994 cumuli
430 3946 606 4016 parte
659 3937 916 4018 petimus
975 3946 1035 3996 et
1081 3936 1220 3995 urbi

341 4022 496 4081 imus
525 4024 593 4082 in
637 4021 1089 4102 septentrionali
1126 4022 1217 4079 la-

154 4105 264 4160 tere
289 4106 463 4185 sitae,
509 4109 742 4186 aliquot
772 4108 1006 4169 dierum
1045 4107 1221 4167 navi—

152 4189 363 4259 gatione
393 4194 728 4253 interiecta.
800 4196 988 4254 Porro
1019 4193 1221 4272 sequi-

153 4277 240 4329 tur
273 4275 434 4336 locus
468 4279 545 4338 de
587 4278 749 4338 ludis
779 4279 1033 4340 Actiacis
1062 4281 1219 4339 cele-

153 4352 349 4419 bratis:
392 4384 469 4424 an
513 4384 663 4424 vero
692 4366 776 4424 illi
804 4366 1077 4426 leucade
1117 4385 1218 4425 ce—

241 4460 546 4540 Vmen..
608 4466 817 4544 Tom.
868 4468 963 4543 11.

1145 1238 1251 1293 274
1286 1241 1568 1290 Leucaten
1613 1235 1867 1288 umbrosa
1911 1241 2087 1304 Sprot.
2157 1240 2377 1288 Leuca-

614 1310 717 1363 275
751 1306 1151 1379 formidandus
1189 1307 1326 1359 alter
1362 1308 1571 1374 Menag.

1710 1308 1778 1361 27
1781 1308 1815 1360 6
1865 1307 2235 1358 Successimus
2267 1309 2377 1358 Zu-

1290 1534 1552 1594 lebrati'?
1636 1533 2021 1593 Manifestum
2058 1552 2244 1613 porro
2287 1531 2376 1607 fit,

1289 1630 1532 1700 poetam
1577 1618 1727 1678 haec
1772 1620 2088 1679 inseruisse
2139 1618 2204 1677 in
2247 1617 2378 1677 Au-

1287 1709 1454 1785 gusti
1482 1704 1754 1785 gratiam,
1788 1726 1821 1763 a
1854 1726 1973 1784 quo
1999 1706 2063 1764 in
2088 1703 2379 1765 victoriae

1289 1791 1568 1850 Actiacae
1596 1793 1945 1851 memoriam
1984 1791 2116 1852 ludi
2148 1789 2380 1849 Actiaci

1290 1877 1761 1955 quinquennales
1784 1877 2048 1937 instituti
2069 1885 2260 1935 erant.
2305 1876 2376 1935 cs.

1290 1964 1401 2021 Dio
1425 1963 1504 2022 LI
1526 1985 1619 2044 pr.
1706 1963 1949 2023 Actium
1991 1963 2210 2042 igitur,
2255 1982 2379 2020 non

1292 2049 1547 2126 Leucas,
1603 2049 2192 2108 commemorandum
2231 2057 2377 2106 erat.

1293 2135 1674 2213 Quocunque
1729 2155 1823 2193 me
1871 2145 2153 2208 vertam,
2228 2152 2379 2213 quae

1292 2220 1393 2280 hic
1417 2230 1783 2299 sequuntur:
1834 2222 2001 2300 quod
2022 2222 2112 2279 ad
2130 2220 2246 2279 hoc
2259 2219 2380 2298 sa-

1290 2329 1439 2366 num
1481 2309 1828 2385 appulerint
1845 2351 1863 2381 ‚
1927 2306 2242 2386 urbemque
2282 2309 2381 2363 in—

1292 2396 1598 2466 traverint,
1647 2393 1934 2471 ludosque
1962 2394 2250 2452 Actiacos
2279 2412 2381 2450 ee-

1293 2477 1644 2538 lebraverint
1669 2498 1697 2549 ,-
1781 2497 1914 2537 meo
1980 2477 2382 2557 qualicunque

1292 2565 1516 2624 iudicio
1571 2564 1650 2623 ad
1710 2563 1968 2623 alterum
2017 2572 2383 2645 promonto-

1292 2650 1455 2709 rium
1478 2650 1619 2729 ipsis
1646 2649 1810 2709 sinus
1846 2649 2150 2709 Ambracii
2187 2649 2386 2709 fauci-

1297 2736 1410 2795 bus
1443 2744 1827 2815 praetextum
1870 2737 2137 2796 ducunt:
2179 2735 2242 2793 in
2266 2733 2385 2793 hoc

1297 2824 1433 2881 sinu
1457 2821 1698 2880 Actium
1732 2821 2020 2900 oppidum
2072 2829 2132 2880 et
2169 2828 2385 2901 portus

1297 2916 1472 2967 tutus
1498 2916 1560 2966 et
1585 2907 1793 2965 fanum
1819 2906 2109 2988 Apollinis
2137 2905 2386 2965 Actiaci.

1297 3013 1357 3054 v.
1392 2994 1610 3052 Strabo
1642 2994 1743 3053 lib.
1773 2993 1852 3068 X,
1883 3015 1940 3073 p.
1970 2992 2090 3059 451
2141 2992 2211 3052 D.
2255 2990 2384 3066 vn,

1296 3100 1355 3159 p.
1390 3083 1514 3147 325
1539 3079 1611 3138 A.
1657 3078 1931 3159 Thucyd.
1960 3078 2061 3138 lib.
2101 3078 2145 3153 1,
2189 3098 2240 3137 c.
2282 3081 2385 3141 29.

1297 3164 1482 3239 Quod
1516 3166 1594 3242 si,
1637 3163 1757 3225 hoc
1792 3166 2020 3246 posito,
2067 3164 2181 3223 alia
2223 3162 2388 3222 disfi-

1300 3252 1493 3311 cultas
1531 3251 1873 3329 suboritur,
1931 3250 2099 3329 quod
2146 3249 2388 3309 Actium

1297 3338 1801 3416 promontorium,
1831 3338 1986 3397 intra
2011 3336 2209 3395 sinum
2238 3334 2389 3394 Am-

1297 3422 1566 3482 bracium
1593 3424 1776 3483 situm
1792 3468 1811 3500 ,
1841 3433 1901 3483 et
1926 3423 2089 3481 intra
2115 3421 2388 3481 exterio·-

1298 3528 1424 3567 rem
1470 3518 1717 3589 portum
1763 3509 2080 3584 recedens,
2142 3527 2223 3566 ex
2267 3507 2388 3566 alto

1306 3595 1572 3673 conspici
1592 3603 1653 3653 et
1681 3594 1997 3655 formidari
2039 3593 2238 3655 nautis
2278 3612 2391 3651 ne-

1304 3680 1459 3759 quiit
1534 3685 1627 3752 (v.
1699 3681 2159 3761 descriptionem
2226 3678 2392 3738 sinus

1303 3765 1609 3826 Ambracii
1679 3768 1754 3825 ab
1823 3765 2086 3827 Anvillio
2171 3764 2392 3824 factam

1305 3855 1502 3911 Mem.
1533 3854 1606 3911 de
1634 3852 1690 3910 l’
1693 3856 1895 3912 Acad.
1942 3854 2045 3911 des
2085 3853 2277 3912 Inscr.
2323 3850 2392 3909 Τ.

1303 3939 1562 4013 xxxn,
1628 3959 1686 4018 p.
1731 3938 1914 4021 215):
1978 3935 2392 4017 reputandum

1303 4032 1423 4082 est:
1471 4024 1761 4085 Troianos
1801 4027 1968 4084 lictus
2011 4024 2265 4100 legasse.-
2307 4021 2392 4080 ita

1304 4112 1645 4189 pervenisse
1746 4111 1823 4170 ad
1905 4107 2392 4204 promontorium

1303 4196 1731 4272 Anactorium,
1776 4198 1942 4275 quod
1970 4215 2036 4253 os
2076 4190 2391 4252 exterioris

1304 4282 1468 4341 sinus
1501 4293 1620 4360 est3
1661 4283 1805 4343 hinc
1846 4288 2213 4374 prospectus
2236 4275 2395 4336 Actii

1303 4370 1705 4448 promontorii
1746 4368 2025 4429 habetur.
2114 4361 2245 4422 Erit
2283 4361 2394 4440 igi·

1863 4472 1958 4540 31
