2882 5028
796 290 1737 408 AD'LIBRUM
1837 334 1931 408 11
2335 342 2514 428 435,

257 527 406 580 nota
435 530 730 582 meinorat
763 521 838 599 ss,
879 523 1009 586 299
1050 541 1181 601 sqq.
1264 521 1351 583 At
1382 522 1684 584 Homerus
1725 520 1985 584 Aeneam
2026 522 2102 583 ab
2140 523 2289 584 urbe
2306 537 2312 544 ·
2327 526 2486 587 Dar-

256 604 401 667 dano
439 605 716 685 adduxit,
773 628 837 669 v.
870 605 1042 667 Iliad.
1070 608 1140 681 B,
1181 610 1309 673 819
1344 627 1493 688 sqq„
1531 629 1714 688 quam
1739 627 1879 668 cum
1906 608 2150 688 refflone
2184 610 2485 672 Dardania

253 691 343 751 ille
369 693 639 773 regebat.
669 713 732 754 v.
745 692 965 753 Strabo
983 692 1214 774 xu1‚p
1217 692 1383 774 .596
1403 695 1472 755 l).
1514 696 1642 754 Sita
1662 693 1765 754 illa
1789 692 1906 753 ad
1888 714 2045 774 ipsas
2068 693 2226 755 ldae·
2223 696 2483 774 radices,

255 776 405 839 unde
431 777 729 860 Anchisae
754 776 1089 839 habitatio
1069 798 1137 838 in
1177 778 1310 859 ipso
1337 779 1443 839 lda
1473 780 1549 839 ab
1572 789 1819 840 anctore
1847 779 2115 860 Hymni
2099 800 2164 841 m
2197 781 2485 844 Venerem

249 863 505 942 ponitur,
540 882 605 924 v.
628 867 733 929 68.
759 863 860 930 75.
890 865 964 924 cs.
987 863 1200 939 Quint.
1242 863 1392 941 vm,
1418 869 1521 930 97.
1554 869 1657 930 98.
1701 865 1990 926 Troianos
2016 885 2094 925 ex
2117 866 2400 929 Dardano
2425 877 2485 928 et

250 947 554 1029 Ophrynio
579 948 810 1010 Aeneae
835 949 1121 1030 paruisse,
1148 949 1552 1012 exHellanieo
1574 950 1766 1011 tradit
1784 950 2028 1032 Dionys.
2046 950 2183 1012 Hal.
2196 953 2242 1029 1,
2260 952 2364 1019 46.
2381 954 2484 1030 47.

247 1033 334 1094 Ex
356 1035 565 1095 iisdem
591 1035 739 1096 locis
772 1035 1021 1114 aliisque
1056 1035 1311 1097 urbibus
1351 1036 1654 1115 Troianis,
1712 1038 1892 1096 etiam
1935 1056 2014 1097 ex
2044 1037 2337 1117 Bebrycia
2380 1040 2483 1117 (cf.
2601 1067 2628 1089 κ

245 1119 383 1180 ibid.
427 1141 482 1182 c.
541 1119 674 1200 54),
735 1120 1097 1182 confluxisse
1145 1120 1228 1180 ad
1285 1140 1459 1200 eum,
1525 1143 1665 1183 cum
1716 1122 1783 1182 in
1835 1121 2003 1183 Idam
2036 1141 2098 1181 se
2145 1123 2483 1203 recepisset,

242 1224 514 1286 magnam
540 1206 988 1267 multitudinem
1028 1204 1339 1267 hominum
1352 1251 1371 1284 ,
1417 1207 1578 1269 idem
1609 1206 1952 1269 Hellanicus
1988 1206 2134 1268 ibid.
2166 1210 2487 1286 memoriae

241 1291 623 1372 prodiderat5
664 1292 828 1353 unde
854 1290 1060 1372 virgil.
1074 1292 1150 1370 11,
1194 1295 1321 1359 796
1344 1296 1547 1374 Aeque
1573 1292 1676 1353 hic
1715 1296 2018 1372 ingentem
2048 1297 2350 1354 comitum
2361 1296 2483 1354 ad-

227 1378 489 1456 fluxisse
540 1399 829 1438 novorum
880 1386 1029 1456 etc„
1083 1387 1146 1439 et
1181 1376 1432 1444 illustris
1478 1397 1556 1439 ex
1595 1376 1908 1459 Sophoclis
1945 1378 2285 1440 Laocoonte
2319 1379 2486 1441 locus

238 1462 378 1523 ibid.
408 1483 463 1524 c.
491 1462 581 1529 48
603 1421 1151 1524 AdeuAema's—
1165 1467 1399 1527 Κυκλεῖ
1416 1461 1486 1528 a}
1514 1467 1719 1528 πᾶσαν
1760 1464 2012 1529 οἰκετῶν
2055 1467 2484 1574 παμπληθίαν,

240 1543 661 1624 &munitum
695 1547 763 1613 e}
799 1552 1078 1632 πλῆθος,
1141 1541 1254 1629 οὔχ
1314 1544 1467 1613 οσον
1514 1550 1743 1627 δοκεῖς,
1809 1549 1893 1614 Οἱ
1926 1544 2104 1632 τῆςιῩ
2148 1549 2334 1634 3ρόοι
2373 1555 2487 1633 τῆς

245 1636 511 1750 mv
548 1627 852 1710 ἆπουιίας.

399 1770 667 1830 Aeneam
708 1789 845 1833 cum
881 1768 1124 1833 Achivis
1163 1770 1437 1853 pactione
1476 1771 1631 1830 sacta
1664 1768 1901 1831 salvum
1943 1768 2289 1848 discessisse,
2329 1771 2487 1832 miro

240 1875 537 1918 consensu
600 1855 761 1915 inter
817 1865 1050 1917 veteres
1103 1857 1404 1932 traditur,
1480 1855 1591 1916 etsi
1643 1853 1737 1932 id,
1811 1854 2220 1916 diversissimis
2275 1856 2487 1934 modis,

239 1939 414 2002 modo
455 1939 547 2002 ad
584 1940 944 2021 prudentiae
983 1940 1245 2021 laudem,
1286 1939 1469 2003 modo
1514 1941 1593 2001 ad
1632 1939 1947 2021 perfidiam
1989 1939 2159 2003 ducis
2202 1940 2486 2002 trahitur.

239 2025 331 2087 Ad
370 2037 702 2104 utramque
760 2027 1057 2088 rationem
1107 2027 1233 2089 sive
1274 2026 1634 2088 firmandam
1676 2026 1801 2087 sive
1842 2025 2177 2086 ornandam
2221 2029 2489 2087 caussas-

238 2133 349 2192 que
390 2111 630 2174 consilii
668 2111 1041 2190 reddendas,
1106 2112 1331 2174 scilicet
1394 2120 1469 2173 ut
1509 2111 1575 2172 in
1615 2113 1783 2188 loco,
1838 2112 1941 2191 qui
1998 2132 2033 2170 a
2092 2109 2298 2172 multis
2357 2121 2491 2173 erat

242 2208 568 2272 tractatus,
612 2198 805 2258 multa
851 2219 924 2258 ac
964 2199 1134 2261 varia
1177 2220 1213 2258 a
1257 2197 1564 2260 veteribus
1607 2204 1779 2258 erant
1821 2205 2301 2275 commemorata,
2342 2197 2490 2259 locis

238 2285 412 2354 etiam
447 2282 709 2345 Homeri
749 2282 816 2342 in
859 2303 958 2344 eas
998 2295 1200 2365 partes
1241 2283 1477 2360 tractis,
1526 2283 1601 2343 de
1643 2281 1861 2363 quibus
1901 2282 2137 2362 copiose
2184 2282 2492 2364 disputare

238 2369 382 2431 nihil
411 2367 662 2431 attinet.
748 2369 1096 2430 Occurrunt
1138 2369 1241 2430 iila
1271 2369 1435 2449 apud
1467 2368 1710 2449 Dionys.
1738 2366 1932 2429 Halic.
1969 2369 2168 2431 Strab.
2199 2368 2489 2451 Dictyem,

240 2457 410 2520 Auct.
452 2457 535 2518 de
583 2452 745 2534 Orig.
799 2454 873 2521 G.
917 2456 1095 2517 Rom.
1133 2464 1196 2516 et
1238 2454 1516 2517 Servium
1559 2454 1822 2535 aliosque
1862 2453 2113 2534 passim5
2153 2453 2258 2514 sed
2300 2456 2492 2537 prima

240 2542 472 2623 iniquae
516 2540 705 2603 huius
761 2540 951 2601 famae
992 2540 1216 2602 semina
1269 2541 1552 2623 sparsisse
1591 2541 1837 2604 videtur
1876 2540 2175 2601 Homerus
2217 2541 2384 2602 lliad.
2430 2565 2490 2619 v,

245 2633 361 2696 180
404 2651 517 2710 sq„
587 2625 752 2686 unde
793 2626 1083 2708 suspicari
1121 2627 1293 2705 lieet,
1365 2628 1628 2688 Aeneam
1670 2624 1746 2686 de
1780 2645 1965 2706 regno
2001 2625 2260 2686 Troiano
2308 2646 2493 2687 ooeu-

240 2716 435 2795 pando
481 2712 860 2775 clandestina
896 2711 1142 2774 consilia
1181 2712 1406 2774 iniisse:
1450 2733 1601 2792 quos
1641 2731 1853 2772 versus
1895 2708 2061 2789 quod
2105 2709 2245 2770 olim
2275 2711 2493 2773 Gram-

242 2802 439 2862 matici
482 2798 708 2862 tollere
767 2798 1127 2878 voluerunt,
1195 2799 1273 2860 ad
1332 2796 1493 2858 hanc
1542 2798 1733 2879 ipsam
1791 2795 2263 2857 controversiam
2304 2794 2495 2878 perti-

244 2896 367 2948 net:
408 2897 474 2947 ct
510 2882 686 2948 Iliad.
725 2905 782 2961 ν,
826 2883 952 2949 459
978 2905 1106 2963 sqq.
1152 2883 1228 2945 de
1257 2883 1508 2945 occultis
1548 2882 1699 2943 odiis
1741 2880 1900 2943 inter
1922 2880 2184 2941 Aeneam
2227 2890 2288 2941 et
2320 2884 2494 2942 Pria-

242 2991 422 3034 mum.
468 2973 547 3033 cs.
597 2968 755 3028 dicta
796 2968 862 3029 in
907 2968 1158 3049 Disquis.
1199 2970 1258 3030 11
1302 2992 1349 3030 s.
1395 2968 1494 3029 111.
1576 2969 1797 3030 Poetae
1837 2966 2163 3028 necessario
2181 2966 2324 3028 fuit
2362 2988 2494 3028 me-

241 3056 353 3118 lior
397 3059 475 3118 de
518 3058 758 3118 Aeneae
799 3054 923 3115 fide
962 3056 1119 3116 sama
1161 3056 1482 3135 sequenda,
1523 3053 1590 3115 in
1634 3074 1752 3134 qua
1795 3064 1857 3115 et
1900 3053 2047 3113 alios
2087 3051 2304 3114 habuit
2344 3073 2494 3114 con-

244 3144 592 3219 sentientes,
634 3141 815 3218 inque
856 3140 929 3200 iis
970 3141 1347 3202 Hellanicum
1384 3140 1662 3202 Lesbium
1704 3139 1867 3222 apud
1901 3138 2143 3219 Dionys.
2170 3138 2210 3199 l.
2240 3160 2291 3199 c.
2318 3138 2362 3199 1.
2392 3141 2495 3205 47.

244 3228 434 3290 Fuere
467 3228 619 3289 olim
670 3225 854 3301 adeo,
898 3226 1003 3305 qui
1038 3247 1308 3287 caussam
1349 3228 1584 3288 Aeneae
1621 3244 1869 3308 operose
1923 3223 2344 3302 defenderent,
2387 3233 2496 3285 aut

245 3333 376 3377 eum
401 3311 630 3375 excidii
661 3319 929 3392 tempore
968 3311 1046 3371 ab
1086 3311 1240 3373 urbe
1275 3309 1532 3372 abfuisse
1568 3312 2159 3382 comminiseerentur
2172 3353 2191 3388 ‚
2235 3317 2309 3371 ut
2333 3308 2496 3371 scili-

244 3411 337 3462 cet
381 3410 564 3463 tanto
599 3395 830 3459 facilius
866 3417 902 3456 a
930 3396 1179 3458 crimine
1204 3397 1548 3477 liberarent.

411 3552 515 3613 Ad
578 3552 879 3632 poeticum
933 3561 1137 3613 tamen
1196 3560 1482 3611 ornatum
1539 3547 1838 3628 animique
1895 3547 2170 3608 affectum
2215 3547 2499 3608 dulcissi-

244 3656 409 3698 mum
453 3647 874 3717 comparatum
916 3647 1009 3698 est
1049 3635 1321 3718 inprimis
1360 3634 1544 3712 illud,
1601 3632 1770 3713 quod
1815 3653 1923 3714 per
1964 3632 2188 3693 medias
2232 3633 2502 3694 flammas

242 3720 470 3786 Aeneas
526 3732 768 3803 patrem
822 3721 1090 3784 humeris
1145 3731 1490 3803 susceptum
1548 3738 1686 3782 cum
1730 3717 1843 3779 diis
1885 3718 2094 3799 patriis
2135 3718 2285 3781 urbe
2327 3728 2503 3801 capta

245 3808 432 3870 effert.
540 3809 747 3888 ltaque
807 3807 873 3869 in
926 3828 1058 3868 eam
1113 3827 1240 3868 rem
1292 3808 1564 3867 certatim
1609 3815 1822 3887 poetae
1876 3803 2262 3882 involat-unt,
2333 3824 2502 3865 eam-

247 3914 361 3975 que
418 3892 675 3956 miriiica
733 3895 1025 3956 varietate
1084 3900 1479 3953 exornarunt.
1564 3891 1684 3952 Sed
1742 3891 1870 3951 loca
1930 3888 2010 3949 ad
2059 3884 2502 3951 observandum

246 4000 433 4061 aeque
479 3990 664 4061 atque
707 3980 787 4042 ad
826 3980 1275 4062 intelligendum
1321 3978 1498 4038 obvia
1542 3985 1702 4039 sunt.
1785 3976 1879 4037 Ex
1915 3975 2354 4054 antiquioribus
2386 3980 2503 4036 So-

244 4064 483 4147 phoclis
525 4066 729 4127 locum
770 4085 849 4127 ex
894 4066 1231 4128 Laocoonte
1272 4066 1391 4126 iam
1431 4082 1616 4146 supra
1658 4060 1951 4126 vidimus:
1994 4061 2154 4121 adde
2200 4060 2500 4143 Lycophr.

251 4149 418 4220 1264
463 4172 596 4232 sqq

418 4288 498 4347 In
542 4286 957 4367 Disquisitione
998 4286 1183 4349 modo
1239 4280 1402 4347 dicta
1451 4287 1528 4347 ds
1578 4284 1934 4346 &avenam-ae
1983 4281 2167 4341 laude
2204 4300 2398 4340 mmm
2438 4283 2505 4339 in

248 4373 524 4433 Aeneide
567 4385 957 4434 matarum
1004 4395 1053 4434 s.
1111 4372 1211 4435 111.
1263 4374 1486 4434 famam
1534 4371 1797 4450 aliquam
1852 4375 2158 4446 acceptam
2201 4364 2278 4427 da
2317 4384 2504 4445 ragno

1920 4468 2096 4540 28*
