2882 5028
362 465 374 475 ,
485 386 1099 463 AENEIDos
1156 375 1369 463 ΠΒ.
1421 387 1520 483 11,
1567 392 2005 469 605—616

2229 395 2380 469 353

120 572 362 651 Eruit.
466 574 615 649 Hic
647 577 855 651 Iuno
889 576 1168 650 Scaeas
1192 576 1637 652 saevissima
1668 590 1937 678 portas

120 677 379 753 Prima
409 690 672 772 tenet,
726 680 1199 780 sociumque
1227 678 1508 757 furens
1542 706 1582 755 a
1618 681 1948 758 navibus
1985 706 2274 781 agmen
2333 715 2336 718 ¹

117 783 363 856 Ferro
402 781 760 857 adcincta
792 796 1044 861 vocat.

117 887 284 961 Iam
311 909 667 960 summas
700 887 897 961 arcis
925 887 1314 986 Tritonia,
1369 888 1714 987 respice,
1768 886 2014 964 Pallas

2226 896 2376 973 615

117 987 465 1086 Insedit,
520 989 803 1065 nimbo
838 987 1233 1088 effulgens
1270 1003 1350 1066 et
1379 993 1759 1089 Gorgone
1793 1015 2040 1072 saeva.

246 1216 357 1270 612
395 1217 579 1266 socias
604 1214 845 1281 Dorvill„
880 1234 910 1266 e
946 1234 1098 1267 versu
1129 1232 1275 1283 sequ.

852 1287 1086 1353 (—-615.
1123 1302 1281 1336 arce-5
1303 1286 1498 1337 Medic.
1547 1288 1689 1352 Wr.)

239 1284 504 1337 aoeendic
526 1285 604 1335 ad
632 1287 766 1336 itas.

116 1303 279 1423 {ig-‚2

1415 1214 1522 1272 614
1570 1214 1836 1285 supplevit
1877 1216 2098 1270 Dorvill.
2140 1225 2376 1272 saevas?

1832 1287 1938 1341 616
1969 1287 2188 1339 Insidet
2227 1301 2284 1339 et
2320 1309 2374 1340 n.

360 1351 593 1405 Obsedit
623 1371 726 1406 sec.
755 1356 947 1407 Moret.
968 1394 983 1419 ,
1018 1367 1071 1406 ut
1097 1373 1145 1406 v.
1171 1354 1293 1409 450.
1362 1354 1469 1407 Sed
1507 1367 1558 1407 et
1593 1357 1853 1407 Homerus
1892 1352 2119 1423 ἐφέζετο
2161 1355 2377 1426 Περγά-

118 1441 193 1494 μφ
222 1417 397 1493 ἄκρῃ.
471 1422 652 1473 nimbo
676 1436 733 1475 et
765 1423 871 1495 ful
907 1443 1008 1476 ens
1035 1424 1226 1475 Medic.

1295 1422 1494 1491 nymbo
1522 1423 1765 1496 fulgens
1814 1423 1900 1477 ed.
1947 1426 2168 1478 Mediol.
2239 1429 2377 1497 effic-

115 1497 263 1575 giene
291 1494 385 1575 egl.
421 1493 487 1544 D.
518 1493 701 1545 Heius.
773 1496 866 1546 lim
904 1513 935 1546 ο
963 1496 1157 1575 Mutet:
1180 1510 1284 1545 sec.
1313 1511 1409 1561 pro
1436 1511 1545 1547 var.
1568 1494 1726 1556 lect.,
1761 1505 1820 1545 ut
1857 1494 1959 1576 iam
1991 1496 2128 1575 'olim
2165 1496 2378 1561 lectum,

116 1580 178 1684 ’ἓ
192 1567 757 1704 ὃὲἷίἓῖἴέοὲῗζῖῗῐ
820 1561 1253 1700 ἴέζᾞέῗὲῗὲ.
1268 1581 1299 1615 ⁸
1314 1581 1531 1703 &³:13
1577 1565 2161 1705 {orfssssdffffl'f‘msssst
2191 1567 2378 1703 ‘⁴223

113 1845 336 1904 infestis
382 1843 496 1903 Ilio
539 1844 652 1901 diis
702 1843 1036 1923 praecipui,
1090 1844 1213 1904 Ne-

114 1940 371 2009 ptunus,
440 1930 628 1999 Iuno,
706 1928 960 1989 Athene.
1060 1930 1212 1990 Vide

115 2017 204 2075 vel
229 2015 413 2075 Iliad.
444 2039 509 2090 v,
539 2018 622 2092 33
647 2035 735 2093 sq.

194 2099 588 2166 612—614.
631 2100 785 2160 Iuno
822 2102 1018 2180 praeit
1061 2100 1211 2179 dux,

120 2191 416 2265 —prima
440 2186 669 2266 quippe
692 2187 758 2245 in
785 2188 951 2246 urbis
978 2188 1211 2267 ingres-

124 2292 191 2331 su
221 2271 369 2351 (vid.
400 2274 478 2347 Q.
512 2272 587 2335 V.
620 2273 899 2348 XXVIII,
944 2279 1004 2337 2.
1052 2295 1104 2335 a.
1150 2282 1209 2333 et

125 2358 260 2420 Not.
296 2360 372 2418 ad
418 2358 561 2434 XII,
605 2362 753 2424 577.
800 2358 968 2440 Wr.)
996 2396 1077 2405 —
1105 2382 1209 2419 so-

125 2446 276 2502 cium
300 2465 553 2523 agmen,
583 2443 876 2523 Achivos,
906 2479 994 2491 —
1015 2458 1209 2521 vocat,

127 2539 192 2589 ut
245 2532 411 2613 apud
488 2531 825 2593 Homerum
895 2534 1210 2612 Neptunus

128 2616 281 2676 Iliad.
320 2643 379 2693 ν,
426 2620 513 2681 83
543 2637 670 2696 sqq.
709 2627 771 2676 et
800 2617 1015 2697 Apollo
1047 2618 1210 2699 apud

132 2703 370 2762 eundem
384 2703 681 2762 Troianos
702 2702 777 2763 de
791 2705 978 2764 muris
999 2706 1213 2764 Troiae

138 2787 415 2848 inclamat.
456 2789 745 2849 Imitatur
769 2800 1047 2850 nostrum
1069 2794 1211 2849 Sta-

148 2871 262 2929 tius
296 2873 368 2931 de
403 2875 671 2951 Venere,
728 2876 784 2936 V
833 2876 1019 2936 Theb.
1061 2880 1207 2941 281.

150 2955 312 3029 Quae
338 2978 501 3038 super
528 2960 590 3022 h.
614 2962 657 3021 l.
698 2962 985 3042 Spencius
1022 2962 1209 3042 Poly-

143 3053 279 3103 met.
297 3064 353 3124 p.
381 3048 457 3110 56
483 3046 793 3127 disputat,
839 3048 985 3108 dum
1019 3049 1208 3108 Iuno*

137 3148 270 3191 nem
314 3147 615 3191 armatam
657 3135 950 3210 miratur,
1002 3134 1105 3193 hic
1146 3143 1210 3193 et

131 3214 178 3292 1,
204 3221 278 3282 16
319 3218 509 3278 aliena
537 3228 683 3279 sunt
694 3242 712 3296 3
753 3219 860 3279 sed
884 3220 1209 3280 dicendum

129 3312 282 3380 etat,
339 3305 459 3364 alia
502 3304 723 3365 Iunoni
763 3306 986 3383 tribui,
1048 3327 1207 3385 qua-

124 3396 290 3449 tenus
311 3390 586 3470 religiose
615 3392 868 3469 colitur,
914 3402 1023 3454 aut
1062 3392 1211 3453 artis

124 3477 399 3554 operibus
427 3478 827 3555 exprimitur,
872 3479 1018 3555 alia,
1052 3499 1209 3557 qua-

118 3569 295 3621 tenus
344 3563 647 3642 poeticum
709 3573 801 3623 est
856 3585 1081 3624 numen
1129 3564 1210 3624 ad

114 3666 243 3723 res,
287 3646 553 3708 humana
593 3649 660 3709 vi
704 3650 987 3729 maiores,
1034 3670 1209 3711 exse-

113 3734 385 3813 quendas
408 3735 788 3815 adoptatum.

192 3823 343 3887 615.
378 3825 526 3886 616.
579 3822 775 3882 Pallas
833 3822 1055 3881 insidet
1102 3842 1208 3881 ar-

103 3926 230 3968 eem
251 3909 621 3987 Pergamum
638 3953 654 3983 ,
683 3917 760 3968 ut
788 3907 954 3989 apud
979 3909 1207 3968 Home—

99 4013 238 4055 rum
263 3994 494 4075 Apollo
526 3993 702 4058 Iliad.
739 4017 784 4071 ε,
816 3992 961 4071 460,
989 3993 1095 4053 sed
1123 3993 1207 4053 ibi

94 4082 175 4141 ad
197 4080 542 4157 tuendum,
586 4078 652 4139 h.
708 4080 748 4139 1.
794 4079 873 4138 ad
921 4090 1208 4140 everten-

95 4167 314 4247 dum,
357 4166 573 4226 saltem
623 4176 921 4244 tauquam
982 4165 1210 4226 victrix

88 4253 377 4337 acropoli
400 4262 722 4334 occupata.
794 4251 994 4311 nimbo
1022 4251 1211 4334 effid-

85 4361 243 4419 gene
269 4352 337 4400 et
375 4341 667 4418 Gorgone
709 4358 897 4396 saeva
911 4361 938 4411 ,0
990 4336 1211 4418 aegide.

87 4428 149 4487 Si
190 4437 544 4505 utrumque
588 4422 813 4483 eodem
874 4424 1056 4483 modo
1115 4423 1212 4482 di-

187 4530 522 4608 Vmen..
583 4528 806 4609 Tou.
858 4522 956 4599 H.

1297 1851 1464 1902 ctum
1522 1853 1644 1917 est,
1715 1852 1784 1901 ut
1815 1844 1918 1903 illa
1956 1835 2253 1923 fulgebat,
2310 1857 2379 1906 ut

1296 1928 1532 2007 aegide,
1575 1928 1660 1987 ita
1694 1929 1930 2005 nimbo,
1973 1930 2242 2006 nimbus,
2275 1934 2378 2010 qui

1298 2015 1374 2074 de
1422 2016 1678 2074 obscura
1724 2017 1851 2075 sere
1890 2016 1990 2076 vel
2038 2027 2172 2077 atra
2217 2019 2380 2078 nube

1294 2100 1550 2174 dicitur,
1593 2100 1655 2160 h.
1683 2100 1723 2160 l.
1753 2101 1829 2161 de
1869 2102 2128 2162 candida
2178 2114 2241 2163 et
2274 2105 2376 2164 lu-

1294 2186 1429 2246 cida
1455 2186 1615 2247 nube
1640 2188 2019 2267 accipiendus
2051 2190 2185 2266 erit,
2211 2191 2378 2269 quod

1295 2273 1435 2331 alibi
1489 2293 1612 2332 non
1663 2274 1836 2333 facile
1891 2277 2157 2335 occurrit
2170 2297 2188 2352 ;
2261 2277 2378 2336 nisi

1293 2378 1486 2419 unum
1511 2359 1713 2418 locum
1761 2360 1869 2420 inf.
1907 2361 2013 2436 IX,
2059 2365 2199 2437 110,
2253 2367 2371 2428 111

1292 2443 1416 2504 huc
1461 2444 1693 2504 trabas:
1746 2449 1877 2504 Hie
1907 2450 2182 2524 primum
2217 2470 2379 2508 nova

1295 2532 1403 2590 lux
1463 2534 1649 2591 oeulis
1699 2532 1940 2612 affulsit
1960 2578 1978 2609 ,
2054 2546 2109 2591 et
2165 2523 2379 2612 iligen-s

1303 2620 1492 2677 Visus
1526 2618 1606 2677 ab
1643 2640 1863 2677 aurora
1905 2619 2136 2678 coelum
2176 2632 2378 2678 trans-

1293 2724 1522 2761 currere
1566 2703 1820 2763 nimbus.
1917 2703 2143 2764 Verum
2194 2706 2378 2786 effid-

1287 2809 1444 2868 gens
1469 2799 1561 2847 est
1580 2809 1693 2868 pro
1738 2790 2090 2870 conspicua3
2134 2799 2243 2849 aut
2282 2791 2379 2869 ef-

1272 2874 1491 2953 fulget
1515 2876 1629 2933 illa
1663 2876 1882 2952 aeg-ide
1902 2921 1921 2950 ,
1970 2877 2111 2955 quia
2142 2875 2379 2955 fulgen-

1290 2970 1417 3020 tem
1445 2960 1705 3039 aegidem
1733 2969 1929 3036 tenet,
1975 2983 2009 3019 a
2049 2983 2166 3041 qua
2210 2962 2377 3027 relu-

1289 3055 1388 3105 cet
1413 3045 1675 3121 nimbus‚
1723 3047 1913 3105 nubes
1942 3048 2215 3123 obscura,
2261 3069 2379 3127 qua

1285 3132 1390 3191 illa
1437 3132 1697 3211 cingitur
1709 3153 1727 3209 ;
1769 3133 1936 3211 quod
1973 3135 2237 3215 sollenne
2273 3144 2378 3211 est,

1288 3218 1396 3278 ubi
1428 3218 1504 3277 de
1530 3218 1641 3277 diis
1665 3218 1835 3278 iratis
1867 3220 2081 3299 agitur.
2122 3223 2194 3282 cf.
2233 3221 2378 3281 Exc.

1289 3304 1474 3363 eund.
1511 3305 1652 3364 XIII
1688 3304 1768 3363 ad
1805 3304 1910 3366 lib.
1953 3306 1997 3365 1.
2058 3304 2380 3389 (posterius

1290 3389 1439 3448 mihi
1499 3391 1791 3449 Latinitas
1843 3391 1973 3471 pati
2029 3412 2155 3452 non
2200 3392 2381 3454 vide-

1291 3486 1413 3535 tur.
1472 3475 1696 3557 Wclz.)
1785 3476 1870 3535 De
1923 3477 2129 3538 nimbo
2184 3479 2380 3558 capita

1292 3561 1546 3620 deorum
1569 3561 1868 3620 ambiente
1891 3563 1951 3621 in
1969 3573 2148 3643 poeta
2171 3573 2381 3624 nostro

1290 3648 1552 3726 cogitare
1623 3667 1748 3706 non
1819 3647 1977 3709 licet.
2068 3647 2383 3732 (effulgere

1288 3732 1563 3815 proprie:
1590 3733 1977 3812 conspicuum
2005 3753 2128 3794 esse
2154 3736 2380 3816 fulgido

1291 3829 1355 3879 et
1396 3818 1690 3878 rutilante
1724 3819 2074 3898 splendore,
2117 3832 2192 3882 ut
2230 3822 2381 3898 auri,

1287 3906 1607 3980 flammae;
1706 3906 1951 3966 nimbus*
2010 3907 2194 3986 igitur
2260 3909 2379 3984 ille,

1290 4010 1508 4070 quem,
1570 3998 1641 4049 ut
1700 3989 1890 4050 iratae
1947 3991 2122 4069 deae,
2179 4004 2381 4054 atrum

1291 4078 1473 4136 fuisse
1514 4087 1984 4138 consentaneum
2026 4089 2147 4155 est,
2190 4081 2382 4159 fulge-

1290 4163 1401 4222 bat
1449 4172 1511 4222 et
1543 4162 1835 4222 rutilabat
1880 4164 1969 4222 ab
2020 4165 2381 4225 incendii

1293 4249 1650 4310 flammis.
1719 4250 1970 4325 Parum,
2013 4261 2086 4309 ut
2110 4250 2381 4310 mihivi-

1297 4336 1497 4410 detur,
1528 4335 1774 4415 proprie
1800 4334 1903 4396 Sil.
1932 4336 2064 4395 Ital.
2092 4335 2195 4411 111,
2221 4335 2379 4400 695:

1296 4431 1515 4498 „veste
1597 4421 1876 4481 sacerdos
1941 4421 2379 4498 ,Essulgens
