2882 5028
372 330 524 404 296
858 321 939 395 Ρ.
1002 316 1529 394 VIRGILII
1584 314 2147 390 MARONIS

481 505 807 583 Talibus
841 504 1141 583 insidiis
1173 503 1646 604 periurique,
1679 514 1844 577 arte
1877 501 2194 576 Sinonis
2483 506 2634 580 195

380 610 698 689 Credita
729 634 895 703 reS,
955 609 1320 710 captique
1354 607 1558 682 dolis
1590 605 2092 706 lacrimisque
2128 606 2440 703 coactiS‚

380 721 603 810 Quos
639 738 909 814 neque
936 709 1317 811 Tydides,
1360 734 1530 786 ⁴nec
1558 710 1998 785 Larissaeus
2038 708 2403 805 Achilles,

375 825 560 897 Non
593 817 776 892 anni
805 816 1197 892 domuere
1230 813 1516 890 decem
1536 873 1557 909 ,
1603 837 1771 887 non
1797 811 2024 889 mille
2057 814 2387 891 carinae.

479 921 628 996 Hic
663 918 876 998 aliud
907 920 1162 995 maius
1188 918 1502 993 miseris
1525 917 1953 1017 multoque
1980 916 2506 993 tremendum

381 1024 794 1102 Obiicitur'
852 1022 1100 1119 magis
1122 1082 1143 1118 ,
1239 1036 1477 1124 atque
1560 1019 1980 1121 inprovida
2061 1034 2386 1122 pectora
2461 1035 2633 1096 tur-

1550 1123 1704 1201 bat.
2478 1134 2632 1205 200

521 1316 622 1371 196
653 1315 857 1367 coactis
901 1312 1117 1378 Heinsio
1148 1325 1418 1384 acceptum
1454 1311 1758 1377 ferendum,
1807 1314 1897 1381 qui
1938 1312 2168 1365 Medicei
2207 1314 2632 1383 optimorumque

380 1384 535 1437 codd.
564 1394 619 1434 et
645 1385 1140 1448 Grammaticorum,
1175 1384 1345 1436 Servii
1364 1382 1637 1452 inprimis,
1672 1382 1814 1433 forte
1838 1394 1893 1433 et
1918 1382 2112 1433 Donati
2144 1382 2515 1434 auctoritatem
2543 1401 2631 1434 re-

380 1465 462 1505 cte
489 1464 737 1522 sequutus
781 1462 878 1505 est.
926 1456 1145 1507 ‘Probat
1190 1471 1397 1523 quoque
1436 1451 1720 1521 Tyrwhitt.
1762 1452 1903 1519 apud
1944 1454 2127 1504 Dawes
2169 1453 2319 1504 Misc.
2357 1453 2482 1506 crit.
2522 1471 2631 1504 cum

378 1525 618 1591 Burgess.
644 1524 712 1576 V.
739 1522 794 1574 C.
825 1542 880 1594 p.
908 1524 1033 1579 886.
1101 1522 1187 1576 Sic
1214 1535 1267 1575 et
1291 1542 1322 1575 a
1345 1525 1476 1576 Pom
1516 1521 1640 1574 onio
1665 1520 1856 1573 lectum
1888 1531 1943 1572 et
1976 1521 2030 1572 in
2054 1523 2239 1591 fragm.
2269 1517 2450 1576 Vatic'.
2504 1522 2631 1573 nlu-

380 1604 510 1644 strat
537 1593 796 1644 lacrimas
835 1605 1055 1644 coactas
1080 1591 1262 1645 Heius.
1290 1601 1347 1643 et
1374 1591 1430 1643 h.
1539 1609 1624 1642 eas
1650 1591 1888 1641 defendit
1914 1591 2031 1659 ipsa
2061 1610 2231 1643 rerum
2276 1593 2419 1644 ratio
2450 1611 2513 1644 ac
2541 1609 2632 1644 ve-

378 1661 527 1714 ritas.
594 1661 771 1729 Vulgo
806 1665 997 1725 coacti,
1031 1661 1208 1730 sicque
1239 1679 1420 1713 omnes
1447 1660 1626 1713 Pierii.
1663 1660 1843 1728 (etiam
1877 1662 2038 1712 Paris.
2067 1663 2119 1715 7.
2148 1662 2197 1714 8.
2223 1663 2274 1715 9.
2317 1668 2402 1716 10.
2436 1673 2490 1712 et
2518 1662 2630 1713 Alb.

387 1731 528 1798 Wr.)
634 1732 737 1787 199
772 1734 899 1783 Huc
925 1732 1081 1782 aliud
1110 1733 1299 1783 Donat.
1369 1732 1582 1782 miseris
1607 1731 1785 1781 maius
1809 1747 1891 1799 pr.
1916 1732 2103 1782 Hamb.
2154 1732 2455 1783 timendum
2481 1731 2632 1783 idem.
2670 1776 2678 1785 .

379 1800 590 1869 vulgata
625 1811 708 1851 est
740 1800 881 1869 apud
919 1800 1149 1852 Nonium
1190 1800 1246 1851 iu
1290 1814 1538 1851 tremere.
1675 1800 1784 1853 200
1820 1798 2082 1852 Obiicitur
2117 1814 2425 1852 monstrum
2467 1801 2629 1869 Bigot.

376 1872 485 1923 Sed
509 1870 565 1921 id
590 1870 691 1922 iam
724 1869 835 1939 peti
911 1879 1085 1922 oterat
1112 1887 1175 1921 ex
1204 1871 1321 1925 171..
1371 1870 1490 1922 Nec
1517 1865 1697 1920 dubiis
1722 1887 1791 1920 ea
1819 1871 1982 1940 signa
2007 1870 2161 1921 dedit
2193 1872 2452 1923 Tritonia
2480 1889 2626 1923 mon-

380 1942 528 1992 stris.
594 1938 705 1992 Sed
733 1938 814 1990 ali
922 1949 1005 1996 est
1032 1938 1136 1991 alia
1161 1957 1265 1991 res.
1315 1957 1381 1990 ac
1409 1939 1569 2011 impr.
1588 1938 1738 1990 Leid.
1765 1955 1868 1992 un..
2235 1963 2242 1968 ·

379 2112 622 2178 —194.
679 2114 781 2172 Sin
827 2134 859 2171 a
914 2113 1086 2174 vobis
1130 2113 1194 2173 in
1244 2113 1460 2173 urbem
1543 2113 1821 2172 ianorum
1869 2112 2078 2173 animis
2123 2077 2402 2174 debebat.
2488 2113 2631 2174 Vide

379 2199 666 2259 inductus
712 2209 864 2258 esset
893 2219 1098 2278 equus,
1151 2197 1462 2274 Troianos,

381 2286 683 2345 conversis
728 2286 896 2362 fatis,
938 2286 1127 2365 Argos
1156 2304 1277 2343 esse
1303 2285 1463 2344 bello

380 2374 677 2451 petituros
708 2381 767 2429 et
796 2368 1320 2452 excisuros.(ultro,
1338 2370 1464 2430 vid.

382 2458 458 2533 Q.
470 2458 541 2518 V.
555 2457 802 2535 XXVII,
829 2460 888 2522 2.
911 2459 1017 2519 W
1005 2455 1078 2538 r.)

470 2585 689 2652 195-
709 2589 850 2649 198.
876 2584 1191 2663 Egregium
1208 2584 1465 2664 epipho-

381 2691 554 2732 nema
572 2715 588 2746 ‚
645 2671 943 2730 inclusum
996 2671 1292 2730 sententia
1355 2671 1466 2730 ali-

382 2779 503 2836 qua
556 2757 948 2836 inprimisque
993 2755 1073 2815 ad
1126 2757 1465 2816 miseratio-

381 2863 521 2903 nem
550 2852 774 2923 aptum.
816 2843 1089 2902 Achilles
1104 2846 1467 2901 Larissaeus

381 2929 575 3008 simpl.
620 2928 966 3002 Thessalu83
1011 2928 1152 2986 alias
1196 2948 1319 2987 non
1365 2949 1466 2986 sa·-

382 3017 463 3074 tis
512 3025 825 3090 accurate5
878 3034 1020 3072 nam
1059 3014 1289 3072 Larissa
1334 3024 1467 3072 tum

384 3099 600 3160 Achilli
641 3122 763 3159 non
779 3100 1062 3179 parebat,
1109 3098 1215 3157 sed
1242 3098 1468 3175 Letho;

382 3197 448 3245 et
484 3206 514 3243 a
559 3185 814 3264 Pelasgis
856 3184 1263 3244 habitabatur.
1338 3184 1466 3245 vicl.

383 3270 554 3331 Iliad.
590 3271 648 3350 β.
691 3271 817 3334 840
849 3289 976 3347 sqq.
1033 3270 1198 3327 mille
1224 3273 1470 3328 carinae

344 3416 347 3419 Α
383 3374 636 3417 numero
658 3355 860 3435 paullo
894 3354 1138 3414 liberius
1169 3374 1469 3434 expresso,

382 3452 457 3503 ut
492 3443 687 3501 solent
734 3450 966 3519 poetae.
1026 3460 1086 3499 v.
1110 3439 1358 3519 Popium
1392 3440 1472 3498 ad

382 3526 550 3588 Iliad.
580 3528 638 3609 β.
698 3528 940 3586 Barnes.
977 3525 1055 3585 ad
1097 3526 1300 3605 Eurip.
1340 3527 1472 3585 An-

386 3614 583 3675 drom.
617 3617 756 3678 106.
796 3611 1109 3673 Munckcr.
1136 3611 1216 3670 ad
1251 3612 1471 3691 Hygiu.

386 3703 472 3764 97
520 3698 637 3757 sab.
695 3698 872 3757 etiam
917 3697 1171 3759 Cei-dam
1208 3696 1285 3756 ad
1327 3697 1388 3757 h.
1429 3698 1472 3758 l.

387 3793 449 3844 et
475 3783 674 3843 Ursin.
714 3803 911 3863 nuper
936 3802 1174 3861 quoque
1219 3784 1471 3844 Werns-

388 3870 542 3930 dors.
591 3870 662 3930 v.
687 3871 752 3928 c,
780 3871 846 3931 P.
876 3869 957 3928 M.
987 3870 1054 3929 T.
1091 3870 1189 3945 ιν,
1231 3889 1292 3949 p.
1325 3868 1468 3936 645.

476 4000 616 4062 199.
660 3996 945 4075 Sequitur
978 3996 1147 4055 locus
1190 3994 1266 4055 de
1294 3999 1470 4056 Lao-

385 4096 615 4158 coonte,
693 4083 758 4142 in
805 4102 927 4162 quo
980 4081 1472 4142 animadverten-

388 4170 567 4245 dum,
610 4189 790 4248 quam
820 4167 1266 4226 accommodate
1292 4178 1474 4248 poeta

388 4256 587 4314 omnia
659 4255 751 4314 ad
826 4267 1097 4313 tert-orem
1170 4254 1473 4331 extulerit,

386 4362 565 4420 quem
593 4347 892 4401 ostentum
925 4337 1043 4398 hoc
1057 4338 1300 4399 iniicere
1314 4340 1475 4401 Tro-

1545 2219 1606 2344 ζ.
1638 2202 1764 2263 228
1808 2219 1935 2277 sqq.
2011 2198 2146 2259 vid.
2181 2200 2435 2260 Excurs.
2471 2201 2527 2260 V
2558 2199 2630 2258 ad

1595 2329 1607 2341 .
1637 2305 1697 2343 v.

1640 2457 1781 2520 199.
1824 2453 2209 2514 Homericum
2235 2455 2441 2514 locum
2472 2454 2626 2514 Iliad.

1553 2543 1610 2622 β,
1655 2540 1779 2606 305
1824 2561 1969 2619 sqq„
2015 2562 2134 2619 quo
2177 2542 2398 2602 Nestor
2435 2552 2630 2602 osten-

1549 2638 1683 2686 tum
1722 2624 1965 2686 Achivis
1994 2625 2209 2687 Aulide
2236 2629 2486 2688 occlusis
2523 2626 2629 2687 ob-

1548 2714 1772 2772 iectum
1822 2723 2149 2788 memorat,
2209 2714 2457 2794 Virgilio
2498 2722 2628 2773 ante

1551 2799 1755 2859 oculos
1781 2798 1961 2858 fuisse
1977 2844 1996 2876 ,
2040 2801 2385 2860 coniectura
2418 2811 2508 2859 est
2535 2800 2625 2857 in·-

1549 2884 1769 2964 geniosi
1809 2884 1965 2961 viri,
2020 2881 2280 2944 Her-Heri
2323 2883 2627 2967 (Cr-dische

1556 2973 1662 3032 W
1654 2969 1821 3028 AElder
1858 2971 1922 3030 P.
1965 2972 2022 3047 I,
2067 2992 2127 3050 p.
2162 2974 2245 3036 98
2291 2970 2465 3052 sqq.).
2519 2972 2626 3029 Res

1548 3057 1712 3137 ipsae
1755 3054 1916 3116 inter
1947 3077 2008 3116 se
2045 3058 2187 3116 satis
2217 3058 2482 3138 dispares
2507 3072 2621 3117 esse

1550 3141 1870 3218 videntum
1917 3144 2208 3202 formulae
2236 3151 2474 3218 tamen,
2515 3159 2622 3221 qua

1553 3226 1792 3287 orditur
1812 3236 2064 3307 uterque
2091 3229 2511 3303 narrationem,
2538 3232 2617 3282 cst

1553 3313 1752 3391 aliqua
1780 3314 2130 3375 similitudo.
2206 3315 2479 3373 obiicilur
2504 3311 2613 3368 ele-

1553 3408 1793 3478 ganter,
1857 3411 1927 3459 ut
1960 3401 2034 3461 de
2075 3401 2328 3460 ostentis
2358 3398 2420 3460 et
2459 3396 2617 3458 rebus

1553 3485 1721 3544 miris
1762 3486 1860 3544 vel
1888 3487 2243 3567 inopinatiS,
2287 3507 2433 3565 pro,
2496 3502 2618 3541 eve·-

1550 3574 1660 3629 ηιῖι.
1739 3574 2081 3650 improvida
2123 3585 2368 3651 pectora
2388 3618 2406 3647 ‚
2484 3567 2542 3627 h.
2577 3584 2621 3623 e.

1551 3656 1860 3733 Troianos,
1889 3659 2131 3738 qui‘tale
2159 3656 2305 3736 quid
2321 3678 2440 3717 non
2459 3671 2624 3735 prae·

1550 3742 1851 3803 viderant.
1913 3742 2163 3826 (rectius
2197 3736 2620 3804 Wunderlich:

1557 3831 1776 3905 ,‚impr.
1805 3851 1875 3906 p.
1910 3829 1971 3888 h.
2007 3850 2056 3890 e.
2091 3830 2383 3889 Troianos
2420 3824 2622 3886 credu-

1555 3914 1646 3973 los
1676 3922 1737 3972 et
1764 3936 1798 3972 a
1815 3915 2182 3975 Graecorum
2214 3915 2353 3974 dolo
2378 3913 2487 3974 sibi
2512 3927 2621 3969 nou

1558 4004 1894 4061 caventes.“
1982 4002 2117 4062 vid.
2161 4001 2348 4060 eiusd.
2385 3996 2619 4060 Praesat.

1555 4106 1616 4165 p.
1644 4086 1828 4146 xvn.
1880 4085 2055 4169 PVr.)
2145 4088 2537 4166 Repentinum
2570 4086 2623 4137 et

1551 4170 1934 4252 ‘inopinatum
2010 4169 2388 4255 prodigium,
2471 4163 2619 4248 quod

1560 4257 1708 4317 adeo
1737 4268 1912 4317 tanto
1947 4260 2128 4339 magis
2163 4260 2389 4319 animos
2428 4253 2621 4318 turbat

1561 4363 1632 4403 ac
1662 4345 1950 4424 percellit.
1999 4346 2073 4405 cf.
2103 4345 2313 4405 Cerda.
