2882 5028
835 317 1032 391 AD
1139 315 1922 393 LIBRUMI
2359 325 2514 398 245

216 507 564 568 refectione
583 551 604 584 ,
645 527 712 567 v.
736 504 843 571 74.·
870 507 979 582 75,
1023 515 1085 566 et
1107 506 1388 588 tetigerat
1429 526 1568 566 eum
1596 506 1745 567 deus
1776 503 2086 565 discedens
2113 516 2353 588 sceptro
2382 530 2508 571 suo.

217 594 507 653 Imitatus
547 592 678 653 hoc
724 591 1061 666 estQuint.
1109 594 1228 653 Cal.
1287 590 1845 669 x1,142—144.
1944 590 2130 652 Aliud
2170 595 2509 675 exemplum

213 678 413 738 habes
458 679 638 739 Iliad.
688 702 751 753 υ,
799 681 1073 743 81.110
1120 678 1412 759 Apollinis
1450 677 1712 737 Aeneam
1747 675 2151 745 restituentis:
2186 677 2291 754 Ὡς
2318 678 2510 745 εἰπων

219 764 536 845 ἔμπνευσε
591 764 782 845 μένος
823 762 976 844 μέγα
1033 764 1278 846 ποιμένι
1328 769 1528 840 λαῶν,
1572 773 1635 823 et
1676 763 1891 844 Odyss.
1937 787 2012 841 α,
2066 768 2193 831 820
2234 765 2507 828 Minerva

219 851 552 910 discedens
597 849 960 910 Telemacho
997 870 1122 909 non
1171 851 1354 911 modo
1393 852 1662 926 incessu,
1717 850 1823 909 sed
1861 857 1925 908 et
1963 868 2039 907 ex
2086 869 2156 910 eo
2195 854 2506 913 manifesta

219 937 334 995 fit:
374 941 464 1000 tei
514 930 586 999 δ’
629 936 728 1000 §vt
765 940 957 1021 θυμῷ
1007 939 1174 1016 Θῆκε
1205 935 1386 1018 μένος
1423 936 1530 999 καὶ
1573 895 1832 1018 θέρσος.
1918 934 2054 994 Hoc
2081 936 2240 996 idem
2274 940 2505 1000 faciunt

222 1001 543 1082 interdum
584 1021 677 1081 dii
708 1022 892 1081 tacite
930 1029 991 1080 et
1028 1024 1292 1099 occulte,
1349 1032 1422 1082 ut
1456 1022 1648 1082 Pallas
1687 1021 2025 1082 Menelaum
2068 1025 2241 1083 novis
2273 1025 2504 1086 viribus

220 1117 475 1168 recreat
515 1108 691 1167 Iliad.
730 1132 787 1188 ρ,
832 1109 976 1173 569.

410 1192 974 1271 Quandoquidem
958 1214 1022 1252 ιιι
1060 1194 1190 1274 ipso
1235 1193 1500 1253 discessu
1539 1192 1745 1253 divina
1783 1195 2005 1294 species
2041 1192 2341 1253 humanae
2370 1196 2502 1256 sor-

218 1300 363 1339 mae
385 1279 695 1355 succedit,
739 1298 1106 1339 commemor
1108 1290 1290 1341 antur
1315 1299 1555 1359 quoque
1582 1280 1717 1357 illa,
1759 1301 1911 1359 quae
1955 1281 2020 1340 in
2061 1280 2255 1359 specie
2294 1280 2500 1341 divina

215 1366 645 1425 memorabilia
687 1373 866 1424 sunt.
938 1386 1171 1425 summa
1212 1366 1331 1426 oris
1373 1365 1725 1446 pulcritudo
1765 1376 1874 1426 aut
1916 1368 2224 1442 maiestas,
2280 1387 2501 1467 corpus

216 1449 509 1511 humano
553 1452 745 1510 maius
789 1461 850 1510 et
900 1453 1237 1531 augustius,
1293 1472 1433 1511 cum
1479 1451 1887 1532 pulcritudine
1943 1451 2173 1511 candor
2212 1454 2499 1533 corporis,

221 1538 454 1596 cervix
479 1538 709 1616 pulcra,
753 1557 971 1596 comae·
986 1539 1333 1619 promissae,
1376 1538 1582 1617 quales
1607 1548 1967 1618 perpetuam
1998 1537 2252 1598 deorum
2279 1538 2499 1599 iuven·-

231 1631 373 1681 tam
401 1621 642 1699 decent,
685 1632 755 1682 ιιι
795 1624 862 1682 in
902 1625 1151 1701 Cerere,
1194 1624 1418 1704 Hymn.
1461 1645 1524 1687 v.
1563 1628 1710 1689 277.
1743 1628 1892 1701 278,
1936 1633 1997 1683 et
2036 1624 2101 1683 in
2128 1624 2261 1683 loco
2287 1634 2497 1684 nostro

231 1707 498 1787 virgilii.

414 1792 596 1868 Quod
644 1795 807 1854 inter
849 1794 1188 1875 praesentis
1238 1793 1505 1855 numinis
1551 1793 1716 1874 signa
1762 1796 2027 1855 refertur
2078 1802 2286 1873 gratus
2324 1794 2496 1870 odor,

224 1898 410 1959 quem
457 1879 585 1939 sive
622 1890 827 1941 totum
874 1900 1097 1959 corpus
1146 1881 1271 1940 sive
1316 1900 1487 1940 coma
1514 1879 1783 1940 exhalat:
1825 1881 1921 1941 uti
1957 1882 2023 1940 in
2068 1881 2329 1956 Venere,
2371 1878 2433 1940 h.
2452 1881 2493 1940 l.

218 1965 682 2047 ambrosiaeque
723 1986 935 2026 comae
960 1966 1237 2025 divinem»
1263 1969 1479 2026 vertice
1518 1968 1755 2026 odorem
1781 1967 2133 2046 Spimveoe5
2175 1975 2236 2025 et
2277 1966 2495 2025 Dianae

220 2070 333 2110 nec
357 2053 423 2111 in
454 2051 820 2131 adspectum
844 2051 1208 2132 prodeuntis
1244 2052 1582 2132 praesentia
1624 2071 1702 2111 ex
1744 2052 1952 2112 divino
1991 2052 2178 2112 odore
2219 2053 2492 2131 agnosci-

220 2146 328 2197 tur
367 2138 444 2197 ab
485 2136 830 2219 Hippolyto
874 2136 1042 2218 apud
1068 2137 1275 2217 Eurip.
1319 2137 1562 2218 Hippol.
1615 2141 1805 2204 1391:
1856 2138 1924 2198 id
1957 2137 2198 2218 quidem
2238 2139 2492 2198 ductum

223 2232 318 2281 est
345 2242 421 2282 ex
445 2224 706 2303 antiqua
739 2224 898 2299 vita,
939 2223 1183 2303 quando
1213 2223 1408 2302 regiae
1437 2223 1779 2303 opulentiae
1807 2232 1955 2299 erat,
1998 2225 2320 2302 unguentis
2346 2245 2490 2283 sua-

223 2308 400 2370 vibus
434 2308 781 2369 delibutum
835 2329 1057 2388 corpus
1102 2307 1325 2369 habere
1339 2355 1358 2385 ,
1413 2318 1738 2387 antequam
1780 2310 2284 2389 frequentioribus
2318 2330 2488 2370 com-

219 2395 454 2455 merciis
485 2396 667 2475 copia
688 2396 915 2456 maiore
953 2405 1015 2454 et
1038 2395 1406 2476 expeditiore
1434 2404 1640 2455 sumtu
1666 2405 1969 2475 unguenta
1996 2394 2168 2454 Asiae
2193 2396 2255 2456 in
2286 2395 2488 2456 Euro-

213 2501 358 2561 pam
397 2482 569 2542 illata
598 2492 767 2547 suut.
854 2480 909 2541 A
934 2501 1146 2562 regum
1173 2491 1376 2542 autem
1411 2481 1599 2559 luxu,
1643 2481 1835 2561 qualis
1866 2491 2001 2541 tum
2041 2490 2205 2558 erat,
2266 2481 2487 2543 adum-

213 2567 391 2628 brata
432 2568 696 2628 deorum
748 2567 910 2644 vita,
958 2568 1226 2648 adeoque
1248 2568 1313 2627 in
1350 2588 1483 2626 eam
1519 2567 1866 2628 traductum
1904 2569 2083 2627 etiam
2115 2577 2488 2649 unguentum

215 2654 516 2713 ambrosia
550 2655 808 2714 dictum.
894 2655 995 2714 Sic
1039 2654 1114 2713 de
1146 2655 1376 2715 lunone
1400 2654 1572 2716 iliad.
1606 2655 1656 2729 ξ,
1705 2658 1827 2719 170
1872 2674 1998 2733 sqq.
2045 2662 2106 2712 et
2139 2654 2215 2712 de
2258 2654 2487 2714 Venere

218 2739 437 2820 Odyss.
464 2746 535 2811 θ,
581 2741 732 2807 364
761 2741 890 2807 365
916 2750 980 2800 et
1004 2760 1135 2820 sup.
1163 2742 1375 2820 Georg.
1401 2740 1502 2816 lv,
1545 2736 1675 2805 416
1719 2758 1871 2818 sqq.
1934 2739 2128 2799 Etiam
2156 2739 2321 2818 apud
2354 2739 2484 2798 He-

227 2823 377 2884 siod.
412 2827 575 2885 Scut.
616 2825 801 2886 Herc.
846 2831 906 2892 7.
965 2829 1025 2890 8.
1071 2826 1390 2887 Alcmenae
1444 2845 1482 2883 a
1526 2824 1719 2904 capite
1775 2833 1839 2883 et
1896 2824 2229 2905 superciliis
2272 2843 2485 2884 suaves

227 2909 448 2969 odores
473 2911 742 2990 spirant,
785 2920 1074 2991 tanquam
1111 2933 1147 2970 a
1183 2914 1433 2974 venei-‚e
1480 2908 1620 2992 (etsi
1659 2928 1874 2971 versus
1906 2910 2020 2971 vix
2050 2930 2085 2969 a
2115 2911 2312 2990 primo
2343 2930 2483 2970 car-

224 2996 406 3054 minis
435 3006 679 3057 auctore
711 2995 903 3081 sunt.)
991 2998 1187 3058 Ducta
1212 2997 1357 3058 hinc
1399 3005 1545 3056 sunt
1572 3015 1641 3055 ea
1656 3040 1676 3075 ,
1720 3015 1874 3075 quae
1912 2996 1989 3055 de
2023 3004 2186 3057 veste
2222 2996 2482 3076 stragula

223 3080 445 3141 Bacchi
494 3081 681 3143 habet
720 3083 998 3164 Apollon.
1048 3084 1149 3161 lv,
1191 3084 1320 3149 480
1358 3104 1447 3162 sq.
1534 3082 1668 3142 Hoc
1700 3092 1907 3142 tamen
1939 3082 2181 3143 divinae
2225 3091 2480 3142 naturae

222 3178 644 3249 argumentum
673 3190 798 3229 non
844 3170 956 3229 nisi
990 3169 1054 3229 in
1087 3169 1555 3251 elegantioribus
1595 3168 1707 3228 diis
1745 3170 1947 3229 locum
1989 3166 2213 3229 habere
2245 3177 2478 3249 potest,

219 3262 289 3314 ιιι
329 3254 400 3314 iu
443 3254 680 3314 Venere
708 3264 771 3314 et
799 3255 1106 3335 Apolline3
1167 3257 1231 3316 in
1274 3256 1463 3315 Diam
1505 3255 1685 3315 etiam
1731 3254 1897 3334 apud
1938 3254 2146 3335 Eurip.
2190 3254 2231 3313 l.
2280 3275 2361 3330 ας
2411 3255 2477 3314 in

217 3339 398 3400 Flora
441 3341 610 3421 apud
645 3341 826 3401 Ovid.
870 3342 1029 3401 Fast.
1061 3343 1145 3418 ·V,
1190 3347 1348 3408 376:
1407 3341 1522 3400 alia
1546 3341 1821 3421 exempla
1858 3361 1919 3401 v.
1960 3340 2125 3420 apud
2150 3340 2475 3399 Burmann.

223 3424 302 3484 ad
328 3424 582 3490 Antinoi.
615 3426 745 3487 Lat.
770 3427 872 3503 IV,
920 3432 1019 3504 18,
1065 3431 1167 3494 80.
1251 3427 1545 3506 insignius
1587 3426 1799 3486 ceteris
1836 3435 1927 3486 est
1960 3425 2027 3485 in
2066 3425 2310 3506 Hymno
2339 3425 2477 3485 Ho-

225 3529 371 3571 mer.
394 3512 455 3570 in
481 3513 612 3572 Cer.
643 3517 774 3578 276
800 3531 947 3591 sqq„
993 3513 1159 3592 quod
1182 3533 1515 3594 apponam,
1571 3513 1712 3592 quia
1750 3512 1983 3591 reliqua
2014 3530 2254 3590 quoque
2292 3532 2475 3592 prae-

223 3597 412 3656 sentis
441 3599 702 3658 numinis
726 3608 1076 3677 argumente
1100 3600 1211 3659 sub
1245 3599 1572 3658 discessum
1612 3598 1913 3658 continet.
1957 3621 2043 3672 ως
2069 3597 2328 3661 εἰποῦσα
2353 3593 2475 3660 esa

219 3677 505 3790 pipo&
495 3708 555 3748 τε
579 3684 684 3748 καὶ
729 3679 893 3758 εἶδος
913 3680 1209 3791 αμειψε,
1230 3689 1320 3746 Γ
1274 3708 1433 3767 ηρας
1478 3676 1877 3788 ἆπωσαμένη·
1921 3683 2064 3764 περί
2106 3678 2167 3745 τ’
2212 3676 2374 3762 οἷμφί
2410 3704 2474 3746 τι

214 3766 505 3844 καλῶς’
461 3793 641 3852 amo,
689 3763 879 3850 Ὀδμή
920 3771 957 3833 δ
1019 3764 1386 3875 ἱμερόεσσα
1391 3767 1714 3872 θυηέντων
1761 3762 1887 3832 ἀπὸ
1912 3767 2160 3831 πέπλων
2200 3771 2468 3831 Σκίδνα-

214 3879 294 3921 το.
352 3859 505 3959 τῆλε
547 3854 620 3920 δὲ
674 3854 904 3957 φέγγος
963 3847 1087 3918 ἄπο
1127 3852 1299 3937 χροὸς
1342 3847 1689 3918 ἆθανᾶτοιο
1740 3849 1965 3957 Λάμπε
2009 3857 2195 3934 θεῆς,
2267 3851 2470 3957 ξανθή

212 3937 455 4048 δέκόμη
502 3935 937 4023 κατενήνοθεν
979 3936 1212 4020 ὤμους·
1269 3937 1488 4045 Αὐτῆς
1527 3932 1590 4003 δ’
1639 3933 1925 4021 έπλήσθη
1965 3964 2227 4014 πυκινος
2262 3934 2464 4020 δόμος,

203 4022 637 4177 ἴέραωέηῶ.
637 4021 1091 4172 ‘sssrfflnf'a‘s‘w‘
1092 4025 1226 4172 ...ᾖ
1248 4021 1615 4191 twa.
1633 4024 2467 4187 ”fliffissaii‘ssn‘ss‘fbffl

194 4203 337 4265 niun
393 4203 698 4276 odorem,
760 4196 1026 4257 candens
1078 4217 1328 4278 corpus,
1393 4218 1625 4258 comam
1667 4133 2065 4278 1promissium
2118 4198 2313 4258 lucem
2357 4216 2467 4276 per

187 4290 426 4352 deorum
469 4292 706 4351 susam.
796 4282 1135 4343 imitatione
1168 4303 1407 4362 quoque
1445 4302 1726 4362 expressa
1766 4305 1862 4344 res
1893 4286 1959 4344 in
2001 4283 2266 4362 templis:
2313 4303 2369 4342 v.
2412 4303 2462 4341 c.

178 4378 247 4442 de
278 4379 390 4442 dee
418 4374 621 4459 Syria
647 4380 716 4431 et
757 4370 827 4430 in
866 4367 1090 4428 teletis:
1132 4379 1203 4430 ιιι
1227 4369 1390 4449 apud
1417 4368 1647 4449 Apulei.
1674 4368 1779 4434 XI.
