<?xml version="1.0" encoding="UTF-8"?>
<!DOCTYPE html PUBLIC "-//W3C//DTD XHTML 1.0 Transitional//EN"
    "http://www.w3.org/TR/xhtml1/DTD/xhtml1-transitional.dtd">
<html xmlns="http://www.w3.org/1999/xhtml" xml:lang="en" lang="en">
 <head>
  <title>
</title>
<meta http-equiv="Content-Type" content="text/html;charset=utf-8" />
  <meta name='ocr-system' content='tesseract 3.04.00' />
  <meta name='ocr-capabilities' content='ocr_page ocr_carea ocr_par ocr_line ocrx_word'/>
</head>
<body>
  <div class='ocr_page' id='page_1' title='image "./pvblivsvirgiliv00sillgoog_0047.png"; bbox 0 0 2882 5028; ppageno 0'>
   <div class='ocr_carea' id='block_1_1' title="bbox 424 276 2410 370">
    <p class='ocr_par' dir='ltr' id='par_1_1' title="bbox 424 276 2410 370">
     <span class='ocr_line' id='line_1_1' title="bbox 424 276 2410 370; baseline -0.001 -14"><span class='ocrx_word' id='word_1_1' title='bbox 424 284 525 356; x_wconf 83' lang='lat'><strong>36</strong></span> <span class='ocrx_word' id='word_1_2' title='bbox 730 276 1068 370; x_wconf 80' lang='lat' dir='ltr'><strong>msQu</strong></span> <span class='ocrx_word' id='word_1_3' title='bbox 1122 276 1159 350; x_wconf 92' lang='lat'>1</span> <span class='ocrx_word' id='word_1_4' title='bbox 1211 277 1347 350; x_wconf 86' lang='lat' dir='ltr'><strong>DE</strong></span> <span class='ocrx_word' id='word_1_5' title='bbox 1403 276 1715 354; x_wconf 83' lang='lat' dir='ltr'><strong>CARM.</strong></span> <span class='ocrx_word' id='word_1_6' title='bbox 1767 276 2080 353; x_wconf 74' lang='lat' dir='ltr'><strong>Emco</strong></span> <span class='ocrx_word' id='word_1_7' title='bbox 2137 278 2410 356; x_wconf 87' lang='lat' dir='ltr'>VIRG.</span> 
     </span>
    </p>
   </div>
   <div class='ocr_carea' id='block_1_2' title="bbox 414 462 2686 2528">
    <p class='ocr_par' dir='ltr' id='par_1_2' title="bbox 414 462 2686 2528">
     <span class='ocr_line' id='line_1_2' title="bbox 425 462 2686 561; baseline -0 -21"><span class='ocrx_word' id='word_1_8' title='bbox 425 489 526 540; x_wconf 93' lang='lat' dir='ltr'><strong>eo</strong></span> <span class='ocrx_word' id='word_1_9' title='bbox 563 487 734 539; x_wconf 89' lang='lat' dir='ltr'><strong>non</strong></span> <span class='ocrx_word' id='word_1_10' title='bbox 782 462 1239 541; x_wconf 86' lang='lat' dir='ltr'><strong>absolutum</strong></span> <span class='ocrx_word' id='word_1_11' title='bbox 1270 462 1462 561; x_wconf 87' lang='lat' dir='ltr'><strong>fuit,</strong></span> <span class='ocrx_word' id='word_1_12' title='bbox 1514 487 1796 540; x_wconf 86' lang='lat' dir='ltr'><strong>verum</strong></span> <span class='ocrx_word' id='word_1_13' title='bbox 1841 463 2107 540; x_wconf 89' lang='lat' dir='ltr'><strong>iudicii</strong></span> <span class='ocrx_word' id='word_1_14' title='bbox 2143 462 2465 539; x_wconf 86' lang='lat' dir='ltr'><strong>alicuius</strong></span> <span class='ocrx_word' id='word_1_15' title='bbox 2494 463 2686 539; x_wconf 89' lang='lat' dir='ltr'><strong>sub-</strong></span> 
     </span>
     <span class='ocr_line' id='line_1_3' title="bbox 425 565 2686 667; baseline 0 -24"><span class='ocrx_word' id='word_1_16' title='bbox 425 568 682 643; x_wconf 82' lang='lat' dir='ltr'><strong>tilitati</strong></span> <span class='ocrx_word' id='word_1_17' title='bbox 716 568 1069 643; x_wconf 83' lang='lat' dir='ltr'><strong>tribuere</strong></span> <span class='ocrx_word' id='word_1_18' title='bbox 1111 567 1467 644; x_wconf 86' lang='lat' dir='ltr'><strong>voluere.</strong></span> <span class='ocrx_word' id='word_1_19' title='bbox 1575 570 1780 645; x_wconf 83' lang='lat' dir='ltr'><strong>Casu</strong></span> <span class='ocrx_word' id='word_1_20' title='bbox 1811 565 1986 642; x_wconf 90' lang='lat' dir='ltr'><strong>fieri</strong></span> <span class='ocrx_word' id='word_1_21' title='bbox 2020 579 2319 667; x_wconf 87' lang='lat' dir='ltr'><strong>potest,</strong></span> <span class='ocrx_word' id='word_1_22' title='bbox 2373 580 2464 643; x_wconf 82' lang='lat' dir='ltr'><strong>ut</strong></span> <span class='ocrx_word' id='word_1_23' title='bbox 2503 592 2686 643; x_wconf 86' lang='lat' dir='ltr'><strong>ver-</strong></span> 
     </span>
     <span class='ocr_line' id='line_1_4' title="bbox 422 670 2684 772; baseline -0.001 -26"><span class='ocrx_word' id='word_1_24' title='bbox 422 696 555 748; x_wconf 90' lang='lat' dir='ltr'><strong>sus</strong></span> <span class='ocrx_word' id='word_1_25' title='bbox 610 670 1123 771; x_wconf 88' lang='lat' dir='ltr'><strong>imperfectus</strong></span> <span class='ocrx_word' id='word_1_26' title='bbox 1183 686 1264 747; x_wconf 91' lang='lat' dir='ltr'><strong>et</strong></span> <span class='ocrx_word' id='word_1_27' title='bbox 1327 672 1707 772; x_wconf 83' lang='lat' dir='ltr'><strong>abruptus</strong></span> <span class='ocrx_word' id='word_1_28' title='bbox 1767 671 1847 745; x_wconf 92' lang='lat' dir='ltr'><strong>in</strong></span> <span class='ocrx_word' id='word_1_29' title='bbox 1908 695 2284 746; x_wconf 80' lang='lat' dir='ltr'>sermone</span> <span class='ocrx_word' id='word_1_30' title='bbox 2339 672 2684 772; x_wconf 83' lang='lat' dir='ltr'><strong>abrupto</strong></span> 
     </span>
     <span class='ocr_line' id='line_1_5' title="bbox 422 772 2683 877; baseline -0 -27"><span class='ocrx_word' id='word_1_31' title='bbox 422 788 818 872; x_wconf 83' lang='lat' dir='ltr'><strong>occurrat,</strong></span> <span class='ocrx_word' id='word_1_32' title='bbox 874 775 1243 877; x_wconf 82' lang='lat' dir='ltr'>adeoque</span> <span class='ocrx_word' id='word_1_33' title='bbox 1272 774 1597 850; x_wconf 86' lang='lat' dir='ltr'><strong>laudem</strong></span> <span class='ocrx_word' id='word_1_34' title='bbox 1634 777 1905 850; x_wconf 88' lang='lat' dir='ltr'><strong>nescio</strong></span> <span class='ocrx_word' id='word_1_35' title='bbox 1939 800 2180 875; x_wconf 83' lang='lat' dir='ltr'><strong>quam</strong></span> <span class='ocrx_word' id='word_1_36' title='bbox 2227 787 2516 874; x_wconf 84' lang='lat' dir='ltr'><strong>poetae</strong></span> <span class='ocrx_word' id='word_1_37' title='bbox 2563 772 2683 849; x_wconf 81' lang='lat' dir='ltr'><strong>fa-</strong></span> 
     </span>
     <span class='ocr_line' id='line_1_6' title="bbox 424 879 2686 979; baseline -0 -25"><span class='ocrx_word' id='word_1_38' title='bbox 424 903 604 954; x_wconf 90' lang='lat' dir='ltr'><strong>cere</strong></span> <span class='ocrx_word' id='word_1_39' title='bbox 656 879 941 979; x_wconf 84' lang='lat' dir='ltr'><strong>possit,</strong></span> <span class='ocrx_word' id='word_1_40' title='bbox 992 905 1060 956; x_wconf 80' lang='lat' dir='ltr'><strong>v,</strong></span> <span class='ocrx_word' id='word_1_41' title='bbox 1120 904 1181 957; x_wconf 90' lang='lat' dir='ltr'><strong>c.</strong></span> <span class='ocrx_word' id='word_1_42' title='bbox 1233 883 1427 957; x_wconf 91' lang='lat' dir='ltr'><strong>Aen.</strong></span> <span class='ocrx_word' id='word_1_43' title='bbox 1476 882 1610 970; x_wconf 82' lang='lat' dir='ltr'><strong>lv,</strong></span> <span class='ocrx_word' id='word_1_44' title='bbox 1666 888 1813 958; x_wconf 83' lang='lat'><strong>361</strong></span> <span class='ocrx_word' id='word_1_45' title='bbox 1868 885 2182 954; x_wconf 78' lang='lat' dir='ltr'><strong>Italiam</strong></span> <span class='ocrx_word' id='word_1_46' title='bbox 2230 908 2373 954; x_wconf 80' lang='lat' dir='ltr'><strong>non</strong></span> <span class='ocrx_word' id='word_1_47' title='bbox 2425 894 2686 978; x_wconf 77' lang='lat' dir='ltr'><strong>sponte</strong></span> 
     </span>
     <span class='ocr_line' id='line_1_7' title="bbox 428 982 2684 1082; baseline -0.001 -23"><span class='ocrx_word' id='word_1_48' title='bbox 428 1010 733 1082; x_wconf 78' lang='lat' dir='ltr'><strong>sequor,</strong></span> <span class='ocrx_word' id='word_1_49' title='bbox 780 982 1119 1081; x_wconf 80' lang='lat' dir='ltr'><strong>abrupto</strong></span> <span class='ocrx_word' id='word_1_50' title='bbox 1150 987 1471 1059; x_wconf 81' lang='lat' dir='ltr'><strong>Aeneae</strong></span> <span class='ocrx_word' id='word_1_51' title='bbox 1500 1007 1918 1073; x_wconf 84' lang='lat' dir='ltr'><strong>sermone;</strong></span> <span class='ocrx_word' id='word_1_52' title='bbox 1970 982 2110 1057; x_wconf 91' lang='lat' dir='ltr'><strong>ubi</strong></span> <span class='ocrx_word' id='word_1_53' title='bbox 2142 984 2496 1058; x_wconf 83' lang='lat' dir='ltr'><strong>Servius:</strong></span> <span class='ocrx_word' id='word_1_54' title='bbox 2550 995 2684 1074; x_wconf 81' lang='lat' dir='ltr'><strong>„et</strong></span> 
     </span>
     <span class='ocr_line' id='line_1_8' title="bbox 423 1084 2683 1184; baseline -0.002 -19"><span class='ocrx_word' id='word_1_55' title='bbox 423 1085 767 1165; x_wconf 82' lang='lat' dir='ltr'><strong>oratorie</strong></span> <span class='ocrx_word' id='word_1_56' title='bbox 808 1085 918 1161; x_wconf 91' lang='lat' dir='ltr'><strong>ibi</strong></span> <span class='ocrx_word' id='word_1_57' title='bbox 947 1084 1220 1182; x_wconf 86' lang='lat' dir='ltr'><strong>finivit,</strong></span> <span class='ocrx_word' id='word_1_58' title='bbox 1274 1085 1415 1162; x_wconf 85' lang='lat' dir='ltr'><strong>uhi</strong></span> <span class='ocrx_word' id='word_1_59' title='bbox 1451 1087 1565 1161; x_wconf 86' lang='lat' dir='ltr'><strong>vis</strong></span> <span class='ocrx_word' id='word_1_60' title='bbox 1593 1085 2036 1184; x_wconf 84' lang='lat' dir='ltr'><strong>argumenti</strong></span> <span class='ocrx_word' id='word_1_61' title='bbox 2071 1088 2489 1162; x_wconf 87' lang='lat' dir='ltr'><strong>consistit.“</strong></span> <span class='ocrx_word' id='word_1_62' title='bbox 2544 1091 2683 1162; x_wconf 83' lang='lat' dir='ltr'><strong>At·-</strong></span> 
     </span>
     <span class='ocr_line' id='line_1_9' title="bbox 422 1187 2683 1291; baseline 0 -28"><span class='ocrx_word' id='word_1_63' title='bbox 422 1191 559 1291; x_wconf 88' lang='lat' dir='ltr'><strong>qui</strong></span> <span class='ocrx_word' id='word_1_64' title='bbox 621 1189 782 1265; x_wconf 91' lang='lat' dir='ltr'><strong>hoc</strong></span> <span class='ocrx_word' id='word_1_65' title='bbox 842 1213 1179 1291; x_wconf 73' lang='lat' dir='ltr'><strong>acumen</strong></span> <span class='ocrx_word' id='word_1_66' title='bbox 1250 1203 1369 1264; x_wconf 83' lang='lat' dir='ltr'><strong>est</strong></span> <span class='ocrx_word' id='word_1_67' title='bbox 1440 1187 1976 1266; x_wconf 83' lang='lat' dir='ltr'>declamatore</span> <span class='ocrx_word' id='word_1_68' title='bbox 2052 1188 2422 1286; x_wconf 86' lang='lat' dir='ltr'><strong>dignum,</strong></span> <span class='ocrx_word' id='word_1_69' title='bbox 2510 1213 2683 1264; x_wconf 92' lang='lat' dir='ltr'><strong>non</strong></span> 
     </span>
     <span class='ocr_line' id='line_1_10' title="bbox 419 1291 2683 1394; baseline -0.001 -26"><span class='ocrx_word' id='word_1_70' title='bbox 419 1305 706 1394; x_wconf 78' lang='lat' dir='ltr'><strong>poeta3</strong></span> <span class='ocrx_word' id='word_1_71' title='bbox 795 1291 1057 1368; x_wconf 88' lang='lat' dir='ltr'><strong>multo</strong></span> <span class='ocrx_word' id='word_1_72' title='bbox 1097 1293 1345 1390; x_wconf 82' lang='lat' dir='ltr'><strong>magis</strong></span> <span class='ocrx_word' id='word_1_73' title='bbox 1404 1292 1502 1367; x_wconf 83' lang='lat' dir='ltr'><strong>ab</strong></span> <span class='ocrx_word' id='word_1_74' title='bbox 1574 1294 1795 1393; x_wconf 84' lang='lat' dir='ltr'><strong>epica</strong></span> <span class='ocrx_word' id='word_1_75' title='bbox 1853 1292 2227 1390; x_wconf 83' lang='lat' dir='ltr'><strong>gravitate</strong></span> <span class='ocrx_word' id='word_1_76' title='bbox 2277 1292 2683 1388; x_wconf 83' lang='lat' dir='ltr'><strong>abhorret,</strong></span> 
     </span>
     <span class='ocr_line' id='line_1_11' title="bbox 419 1395 2682 1497; baseline -0 -25"><span class='ocrx_word' id='word_1_77' title='bbox 419 1421 570 1473; x_wconf 86' lang='lat' dir='ltr'><strong>nec</strong></span> <span class='ocrx_word' id='word_1_78' title='bbox 601 1408 869 1497; x_wconf 89' lang='lat' dir='ltr'><strong>potest</strong></span> <span class='ocrx_word' id='word_1_79' title='bbox 896 1396 1213 1497; x_wconf 87' lang='lat' dir='ltr'><strong>placere</strong></span> <span class='ocrx_word' id='word_1_80' title='bbox 1257 1397 1336 1470; x_wconf 91' lang='lat' dir='ltr'><strong>in</strong></span> <span class='ocrx_word' id='word_1_81' title='bbox 1369 1398 1730 1472; x_wconf 80' lang='lat' dir='ltr'><strong>oratione</strong></span> <span class='ocrx_word' id='word_1_82' title='bbox 1768 1410 2035 1472; x_wconf 87' lang='lat' dir='ltr'><strong>metro</strong></span> <span class='ocrx_word' id='word_1_83' title='bbox 2078 1395 2363 1495; x_wconf 81' lang='lat' dir='ltr'><strong>illigata</strong></span> <span class='ocrx_word' id='word_1_84' title='bbox 2402 1421 2682 1472; x_wconf 85' lang='lat' dir='ltr'><strong>versus</strong></span> 
     </span>
     <span class='ocr_line' id='line_1_12' title="bbox 417 1498 2686 1602; baseline -0 -28"><span class='ocrx_word' id='word_1_85' title='bbox 417 1512 683 1575; x_wconf 83' lang='lat' dir='ltr'><strong>metro</strong></span> <span class='ocrx_word' id='word_1_86' title='bbox 723 1498 1201 1600; x_wconf 87' lang='lat' dir='ltr'><strong>imperfecto</strong></span> <span class='ocrx_word' id='word_1_87' title='bbox 1239 1498 1602 1597; x_wconf 84' lang='lat' dir='ltr'><strong>relictus,</strong></span> <span class='ocrx_word' id='word_1_88' title='bbox 1655 1507 1934 1597; x_wconf 77' lang='grc' dir='ltr'><em>μέτρον</em></span> <span class='ocrx_word' id='word_1_89' title='bbox 1974 1505 2321 1602; x_wconf 79' lang='grc' dir='ltr'><em>ἄμετρον.</em></span> <span class='ocrx_word' id='word_1_90' title='bbox 2426 1500 2686 1576; x_wconf 82' lang='lat' dir='ltr'><strong>Aliter</strong></span> 
     </span>
     <span class='ocr_line' id='line_1_13' title="bbox 417 1602 2680 1705; baseline -0 -27"><span class='ocrx_word' id='word_1_91' title='bbox 417 1627 548 1679; x_wconf 90' lang='lat' dir='ltr'><strong>res</strong></span> <span class='ocrx_word' id='word_1_92' title='bbox 577 1627 662 1679; x_wconf 92' lang='lat' dir='ltr'><strong>se</strong></span> <span class='ocrx_word' id='word_1_93' title='bbox 695 1602 943 1679; x_wconf 83' lang='lat' dir='ltr'><strong>habet</strong></span> <span class='ocrx_word' id='word_1_94' title='bbox 972 1604 1054 1679; x_wconf 89' lang='lat' dir='ltr'><strong>in</strong></span> <span class='ocrx_word' id='word_1_95' title='bbox 1090 1604 1451 1679; x_wconf 86' lang='lat' dir='ltr'><strong>oratione</strong></span> <span class='ocrx_word' id='word_1_96' title='bbox 1496 1602 1887 1705; x_wconf 81' lang='lat' dir='ltr'><strong>pedestri,</strong></span> <span class='ocrx_word' id='word_1_97' title='bbox 1946 1628 2184 1703; x_wconf 82' lang='lat' dir='ltr'><strong>quae,</strong></span> <span class='ocrx_word' id='word_1_98' title='bbox 2240 1629 2425 1679; x_wconf 89' lang='lat' dir='ltr'><strong>cum</strong></span> <span class='ocrx_word' id='word_1_99' title='bbox 2459 1604 2540 1678; x_wconf 88' lang='lat' dir='ltr'><strong>in</strong></span> <span class='ocrx_word' id='word_1_100' title='bbox 2587 1628 2680 1678; x_wconf 81' lang='lat' dir='ltr'><strong>ea</strong></span> 
     </span>
     <span class='ocr_line' id='line_1_14' title="bbox 419 1705 2679 1807; baseline -0.001 -25"><span class='ocrx_word' id='word_1_101' title='bbox 419 1708 1061 1807; x_wconf 85' lang='lat' dir='ltr'><strong>propositionum</strong></span> <span class='ocrx_word' id='word_1_102' title='bbox 1111 1705 1211 1783; x_wconf 83' lang='lat' dir='ltr'><strong>ad</strong></span> <span class='ocrx_word' id='word_1_103' title='bbox 1261 1707 1573 1783; x_wconf 84' lang='lat' dir='ltr'><strong>aurium</strong></span> <span class='ocrx_word' id='word_1_104' title='bbox 1614 1706 1996 1782; x_wconf 89' lang='lat' dir='ltr'><strong>iudicium</strong></span> <span class='ocrx_word' id='word_1_105' title='bbox 2027 1731 2403 1782; x_wconf 83' lang='lat' dir='ltr'><strong>mensura</strong></span> <span class='ocrx_word' id='word_1_106' title='bbox 2446 1708 2544 1782; x_wconf 89' lang='lat' dir='ltr'><strong>sit</strong></span> <span class='ocrx_word' id='word_1_107' title='bbox 2582 1706 2679 1780; x_wconf 90' lang='lat' dir='ltr'><strong>li-</strong></span> 
     </span>
     <span class='ocr_line' id='line_1_15' title="bbox 416 1809 2683 1911; baseline -0.001 -25"><span class='ocrx_word' id='word_1_108' title='bbox 416 1810 724 1904; x_wconf 90' lang='lat' dir='ltr'><strong>berior,</strong></span> <span class='ocrx_word' id='word_1_109' title='bbox 775 1811 1050 1899; x_wconf 62' lang='lat' dir='ltr'><strong>variari</strong></span> <span class='ocrx_word' id='word_1_110' title='bbox 1092 1823 1378 1910; x_wconf 85' lang='lat' dir='ltr'><strong>potest.</strong></span> <span class='ocrx_word' id='word_1_111' title='bbox 1483 1818 1587 1885; x_wconf 85' lang='lat' dir='ltr'><strong>At</strong></span> <span class='ocrx_word' id='word_1_112' title='bbox 1627 1810 1710 1884; x_wconf 89' lang='lat' dir='ltr'><strong>in</strong></span> <span class='ocrx_word' id='word_1_113' title='bbox 1755 1809 2114 1885; x_wconf 89' lang='lat' dir='ltr'><strong>Aeneide</strong></span> <span class='ocrx_word' id='word_1_114' title='bbox 2164 1811 2466 1911; x_wconf 86' lang='lat' dir='ltr'><strong>ubique</strong></span> <span class='ocrx_word' id='word_1_115' title='bbox 2506 1836 2683 1884; x_wconf 79' lang='lat' dir='ltr'><strong>ma-</strong></span> 
     </span>
     <span class='ocr_line' id='line_1_16' title="bbox 415 1910 2682 2014; baseline 0 -26"><span class='ocrx_word' id='word_1_116' title='bbox 415 1910 797 1989; x_wconf 84' lang='lat' dir='ltr'><strong>nifestum</strong></span> <span class='ocrx_word' id='word_1_117' title='bbox 840 1911 934 1988; x_wconf 84' lang='lat' dir='ltr'><strong>fit</strong></span> <span class='ocrx_word' id='word_1_118' title='bbox 979 1913 1333 1989; x_wconf 91' lang='lat' dir='ltr'><strong>studium</strong></span> <span class='ocrx_word' id='word_1_119' title='bbox 1378 1926 1667 2014; x_wconf 85' lang='lat' dir='ltr'><strong>poetae</strong></span> <span class='ocrx_word' id='word_1_120' title='bbox 1701 1913 2203 2013; x_wconf 81' lang='lat' dir='ltr'><strong>properantis</strong></span> <span class='ocrx_word' id='word_1_121' title='bbox 2238 1915 2334 1988; x_wconf 84' lang='lat' dir='ltr'><strong>ad</strong></span> <span class='ocrx_word' id='word_1_122' title='bbox 2381 1939 2682 1990; x_wconf 82' lang='lat' dir='ltr'><strong>novam</strong></span> 
     </span>
     <span class='ocr_line' id='line_1_17' title="bbox 416 2015 2684 2112; baseline 0 -21"><span class='ocrx_word' id='word_1_123' title='bbox 416 2016 894 2097; x_wconf 84' lang='lat' dir='ltr'><strong>sententiam</strong></span> <span class='ocrx_word' id='word_1_124' title='bbox 941 2030 1022 2093; x_wconf 89' lang='lat' dir='ltr'><strong>et</strong></span> <span class='ocrx_word' id='word_1_125' title='bbox 1068 2015 1341 2092; x_wconf 88' lang='lat' dir='ltr'><strong>locum</strong></span> <span class='ocrx_word' id='word_1_126' title='bbox 1383 2041 1728 2105; x_wconf 80' lang='lat' dir='ltr'><strong>novum3</strong></span> <span class='ocrx_word' id='word_1_127' title='bbox 1785 2041 1967 2092; x_wconf 90' lang='lat' dir='ltr'><strong>cum</strong></span> <span class='ocrx_word' id='word_1_128' title='bbox 2021 2018 2433 2112; x_wconf 86' lang='lat' dir='ltr'><strong>ingenium</strong></span> <span class='ocrx_word' id='word_1_129' title='bbox 2483 2042 2684 2093; x_wconf 90' lang='lat' dir='ltr'><strong>con-</strong></span> 
     </span>
     <span class='ocr_line' id='line_1_18' title="bbox 416 2118 2681 2220; baseline -0 -24"><span class='ocrx_word' id='word_1_130' title='bbox 416 2144 738 2198; x_wconf 87' lang='lat' dir='ltr'><strong>sumere</strong></span> <span class='ocrx_word' id='word_1_131' title='bbox 788 2118 1170 2196; x_wconf 62' lang='lat' dir='ltr'><strong>nollet‘in</strong></span> <span class='ocrx_word' id='word_1_132' title='bbox 1215 2118 1606 2220; x_wconf 81' lang='lat' dir='ltr'><strong>explenda</strong></span> <span class='ocrx_word' id='word_1_133' title='bbox 1649 2132 1729 2195; x_wconf 84' lang='lat' dir='ltr'><strong>et</strong></span> <span class='ocrx_word' id='word_1_134' title='bbox 1767 2119 2243 2220; x_wconf 82' lang='lat' dir='ltr'><strong>expolienda</strong></span> <span class='ocrx_word' id='word_1_135' title='bbox 2284 2122 2681 2197; x_wconf 79' lang='lat' dir='ltr'><strong>sententia</strong></span> 
     </span>
     <span class='ocr_line' id='line_1_19' title="bbox 417 2222 2680 2324; baseline 0 -26"><span class='ocrx_word' id='word_1_136' title='bbox 417 2222 987 2319; x_wconf 77' lang='lat' dir='ltr'><strong>antecedente,</strong></span> <span class='ocrx_word' id='word_1_137' title='bbox 1045 2223 1265 2299; x_wconf 89' lang='lat' dir='ltr'><strong>cuius</strong></span> <span class='ocrx_word' id='word_1_138' title='bbox 1296 2248 1609 2297; x_wconf 83' lang='lat' dir='ltr'><strong>summa</strong></span> <span class='ocrx_word' id='word_1_139' title='bbox 1660 2224 1908 2323; x_wconf 83' lang='lat' dir='ltr'><strong>capita</strong></span> <span class='ocrx_word' id='word_1_140' title='bbox 1943 2239 2439 2324; x_wconf 83' lang='lat' dir='ltr'><strong>apposuerat.</strong></span> <span class='ocrx_word' id='word_1_141' title='bbox 2511 2224 2680 2301; x_wconf 91' lang='lat' dir='ltr'><strong>Sed</strong></span> 
     </span>
     <span class='ocr_line' id='line_1_20' title="bbox 414 2324 2680 2433; baseline 0.002 -33"><span class='ocrx_word' id='word_1_142' title='bbox 414 2327 613 2403; x_wconf 93' lang='lat' dir='ltr'><strong>nolo</strong></span> <span class='ocrx_word' id='word_1_143' title='bbox 691 2327 777 2402; x_wconf 90' lang='lat' dir='ltr'><strong>in</strong></span> <span class='ocrx_word' id='word_1_144' title='bbox 844 2326 966 2401; x_wconf 91' lang='lat' dir='ltr'><strong>his</strong></span> <span class='ocrx_word' id='word_1_145' title='bbox 1029 2326 1383 2401; x_wconf 81' lang='lat' dir='ltr'><strong>taedium</strong></span> <span class='ocrx_word' id='word_1_146' title='bbox 1452 2324 1750 2415; x_wconf 81' lang='lat' dir='ltr'><strong>facere3</strong></span> <span class='ocrx_word' id='word_1_147' title='bbox 1830 2327 2043 2424; x_wconf 78' lang='lat' dir='ltr'><strong>attigi</strong></span> <span class='ocrx_word' id='word_1_148' title='bbox 2103 2352 2431 2433; x_wconf 87' lang='lat' dir='ltr'><strong>quoque</strong></span> <span class='ocrx_word' id='word_1_149' title='bbox 2497 2353 2680 2405; x_wconf 91' lang='lat' dir='ltr'><strong>rem</strong></span> 
     </span>
     <span class='ocr_line' id='line_1_21' title="bbox 417 2429 2047 2528; baseline 0 -22"><span class='ocrx_word' id='word_1_150' title='bbox 417 2435 650 2508; x_wconf 87' lang='lat' dir='ltr'><strong>Tom.</strong></span> <span class='ocrx_word' id='word_1_151' title='bbox 678 2433 718 2509; x_wconf 94' lang='lat'>1</span> <span class='ocrx_word' id='word_1_152' title='bbox 752 2429 853 2508; x_wconf 83' lang='lat' dir='ltr'><strong>ad</strong></span> <span class='ocrx_word' id='word_1_153' title='bbox 885 2430 1177 2507; x_wconf 84' lang='lat' dir='ltr'><strong>Donati</strong></span> <span class='ocrx_word' id='word_1_154' title='bbox 1207 2431 1473 2508; x_wconf 82' lang='lat' dir='ltr'><strong>Vitam</strong></span> <span class='ocrx_word' id='word_1_155' title='bbox 1509 2429 1807 2528; x_wconf 84' lang='lat' dir='ltr'><strong>Virgilii</strong></span> <span class='ocrx_word' id='word_1_156' title='bbox 1836 2439 1893 2526; x_wconf 61' lang='grc' dir='ltr'><strong>ς.</strong></span> <span class='ocrx_word' id='word_1_157' title='bbox 1925 2437 2047 2509; x_wconf 87' lang='grc'><strong>59.</strong></span> 
     </span>
    </p>
   </div>
  </div>
 </body>
</html>
