2882 5028
803 391 988 462 AD
1094 387 1755 462 LIBRUM
1860 387 1946 461 11
2370 392 2521 467 405

235 601 371 639 mos
414 579 624 641 Iliadis
680 599 909 660 parvae
949 579 1135 639 libros
1167 577 1279 639 'eos
1332 580 1530 639 fuisse.
1631 577 1775 637 Fuit
1824 579 2010 638 Sinon
2058 577 2233 638 etiam
2281 580 2519 641 fabulae

233 666 623 746 Sophocleae
683 675 1107 745 argumentum
1165 665 1468 744 Hesychia
1530 665 1829 725 laudatae.
1928 666 2021 723 Ex
2074 664 2190 724 hac
2242 678 2351 727 aut
2404 670 2521 728 alia
2579 721 2584 726 .

237 753 553 831 tragoedia
601 753 931 831 profecisse
990 750 1238 811 videtur
1282 752 1558 831 Virgilius
1606 752 1672 814 in
1715 750 1952 810 Sinonis
2004 753 2308 828 oratione,
2365 774 2519 831 quae

234 839 621 898 Graecarum
680 838 1135 918 tragoediarum
1188 838 1592 917 eloquentiam
1652 846 1712 895 et
1765 855 2014 896 acumen
2061 838 2312 898 redolet.
2410 842 2520 900 Est

234 944 389 984 vero
453 925 707 984 omnino
751 924 915 1005 apud
957 923 1267 1003 Virgilium
1311 933 1481 983 totus
1532 923 1633 982 hic
1682 923 1850 982 locus
1892 923 1968 981 de
2016 924 2238 983 Sinone
2301 927 2516 985 eximie

233 1010 588 1070 elaboratus
654 1018 717 1068 et
778 1020 1059 1082 ornatus,
1133 1011 1316 1069 etiam
1371 1010 1450 1070 ad
1508 1009 1993 1089 probabilitatem
2051 1015 2235 1090 magis
2253 1055 2271 1087 ,
2336 1032 2516 1090 quam

234 1096 411 1176 apud
457 1107 715 1156 ceteros.
802 1096 895 1156 Ita
941 1095 1106 1176 apud
1155 1095 1460 1170 Quintum
1501 1115 1562 1156 v.
1622 1096 1747 1161 355
1806 1116 1994 1175 prope
2042 1116 2264 1175 equum
2314 1098 2515 1158 adstat

230 1183 472 1259 Sinon,
535 1180 706 1262 quod
763 1182 964 1241 minus
1010 1182 1348 1263 probabile,
1421 1202 1601 1262 quam
1641 1181 1744 1241 hic
1794 1181 1867 1257 Π,
1912 1183 1996 1248 57
2039 1203 2166 1261 sqq.
2252 1184 2323 1243 ln
2366 1185 2512 1244 Cod.

232 1268 436 1328 vatic.
482 1269 733 1349 pictura
773 1289 834 1348 p.
889 1268 972 1332 43
1026 1268 1369 1328 revinctum
1407 1269 1555 1328 fune
1594 1268 1717 1327 suis
1769 1267 2031 1328 brachiis
2075 1269 2248 1328 ducit
2290 1289 2514 1349 equum

234 1355 450 1413 Sinon.
544 1354 737 1413 Porro
775 1353 940 1434 apud
991 1352 1249 1414 eundem
1297 1354 1599 1429 Quintum
1643 1354 2047 1434 interrogatus
2088 1354 2164 1414 de
2220 1375 2374 1434 equo
2411 1375 2512 1416 re-

238 1439 552 1520 spondere
587 1448 856 1514 recusat,
918 1458 1028 1498 nec
1068 1439 1182 1499 nisi
1228 1434 1605 1522 αἰκιζόμενος
1624 1484 1641 1515 ,
1686 1440 2067 1515 verberibus,
2112 1443 2359 1501 naribus
2397 1463 2511 1502 au-
2583 1511 2590 1520 ι

233 1527 532 1604 ribusque
583 1526 876 1601 rescissis,
937 1525 1213 1585 fraudem
1253 1526 1488 1586 effatur.
1574 1525 1658 1585 At
1698 1526 1863 1605 apud
1904 1527 1954 1585 Τ
1955 1525 2235 1605 ryphiod.
2278 1532 2398 1593 211
2450 1537 2511 1588 et

234 1613 492 1672 Cedren.
544 1610 704 1670 nist.
754 1632 818 1692 p.
870 1615 983 1675 131
1032 1611 1084 1670 D
1120 1632 1184 1671 se
1225 1612 1425 1693 ipsum
1464 1612 1821 1673 verberibus
1861 1613 2117 1688 lacerat,
2175 1623 2245 1672 ut
2292 1616 2342 1674 T
2344 1614 2508 1674 roia-

234 1719 344 1757 nos
391 1698 583 1757 sallat.
670 1697 1013 1777 Sapientius
1059 1698 1260 1757 omnia
1302 1698 1618 1777 Virgilius;
1678 1699 1854 1757 etiam
1903 1697 2023 1758 hoc
2074 1700 2242 1777 quod
2285 1701 2347 1762 in
2397 1720 2508 1780 pa-

232 1784 374 1843 lude
430 1803 498 1841 se
541 1783 854 1842 delituisse
893 1793 1134 1859 narrat,
1207 1805 1268 1844 v.
1314 1785 1456 1848 185.
1544 1785 1627 1844 At
1680 1784 1844 1863 apud
1886 1784 2101 1858 Quint.
2133 1806 2192 1845 v.
2234 1787 2360 1853 375
2410 1786 2508 1844 Si-

233 1891 356 1930 non
398 1870 482 1929 ad
523 1870 766 1948 Equum
811 1878 1120 1948 tamquam
1163 1870 1239 1929 ad
1289 1870 1521 1949 asylum
1564 1890 1628 1930 se
1667 1870 1896 1950 recipit.

1166 2170 1578 2181 ψ

788 2387 1633 2486 EXCURSUS
1728 2390 1948 2478 IV*

946 2558 1093 2628 De
1173 2562 1787 2630 Palamede.

386 2732 464 2808 Π,
509 2734 825 2801 81-85.
912 2733 1131 2793 Fando
1155 2735 1413 2815 aliquod
1447 2740 1506 2793 εἰ
1526 2735 1695 2815 forte
1738 2747 1876 2793 tuas
1895 2738 2168 2812 pervenit
2195 2735 2285 2793 ad
2322 2756 2496 2793 ames

246 2817 483 2876 Belidae
512 2839 738 2877 nomen
773 2820 1143 2880 Palamedis
1159 2865 1177 2895 ,
1241 2834 1298 2879 et
1322 2821 1553 2880 ita-luta
1574 2820 1772 2900 fama
1816 2821 2033 2879 Gloria
2048 2843 2073 2893 ,·
2120 2841 2297 2900 quem
2307 2820 2495 2896 falsa

248 2899 343 2957 sub
370 2904 712 2978 proditione
746 2906 1006 2982 Pelasgi
1039 2907 1344 2964 Insontem
1365 2952 1381 2979 ,
1429 2906 1688 2985 infando
1716 2905 1964 2980 indicio,
2013 2912 2161 2987 quia
2196 2904 2354 2974 bella
2386 2925 2492 2962 ve-

250 2984 401 3044 tabae
415 3033 432 3061 ,
476 2991 797 3047 Demisere
833 2994 968 3048 neci
984 3013 1007 3049 .-
1051 3013 1209 3051 nunc
1254 3013 1496 3051 cassum
1526 2993 1752 3050 huniae
1788 2992 2018 3069 hagene.
2109 2989 2493 3050 Memorabile

244 3070 550 3133 Palamedis
587 3095 813 3134 nomen
854 3084 945 3134 est
984 3096 1122 3134 cum
1169 3077 1300 3136 aliis
1346 3077 1421 3136 de
1466 3079 1713 3153 caussis,
1774 3085 1907 3157 tum
1953 3075 2117 3155 quod
2176 3078 2243 3137 in
2282 3096 2350 3136 eo
2388 3076 2491 3135 in—

237 3158 379 3237 signe
432 3160 785 3241 exemplum
845 3161 1135 3221 habemus
1191 3164 1460 3223 variatae
1528 3183 1635 3244 per
1688 3163 1975 3242 tragicos,
2016 3163 2159 3222 inde
2205 3182 2315 3242 per
2343 3161 2489 3222 rhe-

233 3252 409 3322 tores,
479 3246 735 3305 tandem
790 3268 903 3327 per
954 3250 1407 3328 grammaticos,
1465 3249 1720 3310 fabulae.
1782 3247 2038 3331 (Diserte
2086 3269 2155 3308 ea
2214 3250 2488 3328 exposita

227 3331 379 3411 apud
417 3331 631 3391 Schol.
698 3334 900 3413 Eurip.
942 3336 1140 3394 Orest-
1203 3336 1332 3400 482
1384 3346 1445 3394 et
1505 3336 1584 3395 ad
1625 3334 1924 3415 Lycophr.
1980 3338 2125 3400 386.
2170 3335 2389 3415 Hygin.
2443 3337 2484 3396 s.

230 3418 360 3494 105,
405 3427 473 3476 et
513 3417 663 3477 ibid.
705 3420 937 3495 laudd.,
982 3421 1262 3480 Servium
1322 3419 1401 3479 ad
1441 3420 1587 3480 Aen.
1637 3422 1712 3497 11,
1756 3424 1860 3497 81,
1904 3421 2194 3501 Pompon.
2241 3421 2378 3482 Sab.
2406 3421 2485 3480 ad

208 3521 268 3561 ne.
304 3502 370 3585 l.)
462 3504 732 3563 Omnino
779 3505 1079 3565 Homerus
1117 3525 1232 3564 nec
1286 3518 1524 3586 patrem
1557 3505 1882 3587 Nauplium
1922 3526 2035 3566 nec
2079 3507 2270 3567 filium
2306 3507 2482 3566 Pala-

218 3589 449 3648 medem
499 3592 804 3669 agnoscit;
874 3592 958 3651 ita
999 3600 1073 3650 ut
1109 3592 1435 3652 obscurum
1480 3601 1664 3667 esset,
1724 3590 1887 3651 unde
1933 3590 2037 3651 hic
2078 3592 2144 3651 in
2182 3612 2280 3652 res
2320 3595 2480 3653 Tro-

215 3675 377 3735 ianas
400 3676 618 3735 illatus
646 3677 749 3736 sit:
807 3679 916 3737 uisi
949 3677 1170 3758 partim
1216 3698 1248 3736 e
1287 3679 1462 3738 Paus.
1492 3680 1572 3753 X,
1609 3681 1689 3743 81
1712 3697 1807 3755 pr.
1833 3679 2055 3757 partim
2084 3698 2117 3736 e
2141 3677 2263 3739 MS.
2294 3680 2479 3738 Esco-

211 3761 451 3821 rialensi
503 3762 705 3821 Procli
748 3762 869 3821 iam
924 3784 1106 3843 supra
1145 3774 1477 3823 memorato
1524 3765 1743 3824 docere
1787 3782 2054 3843 possem,
2127 3765 2479 3843 Qypn‘omm

208 3852 550 3907 caminum
587 3856 901 3908 auctorem
942 3851 1208 3929 primum
1249 3854 1304 3909 ei
1332 3849 1568 3909 aditum
1608 3857 1671 3908 et
1713 3869 1934 3909 nomen
1966 3850 2029 3908 in
2065 3849 2283 3910 fabulis
2319 3852 2478 3911 Tro·

207 3933 357 3993 ianis
396 3936 628 3994 fecisse.
714 3935 867 3993 Nam
921 3934 987 3993 in
1048 3935 1243 4014 primo
1301 3935 1437 3994 belli
1498 3944 1793 4015 apparatu
1842 3955 1982 3996 cum
2025 3936 2263 4016 Ulysses
2316 3938 2478 3997 mili-

206 4020 348 4079 tiam
393 4024 815 4099 detrectaret,
888 4018 1135 4079 Atridae
1179 4024 1510 4100 μαίνεσθαι
1561 4016 2134 4103 προςπονησᾶμενον
2188 4018 2476 4087 Ὀδυσσέα

202 4104 302 4167 ἐπὶ
346 4111 435 4192 τῷ
474 4103 568 4189 μή
618 4106 834 4168 θέλειν
876 4100 1435 4189 συστρατεύσασθαι
1476 4103 1832 4191 ἐφώρασαν,
1880 4102 2296 4190 Παλαμήδους
2321 4108 2472 4172 ὕπο-

201 4191 504 4271 θεμένου,
584 4188 700 4256 ro'v
737 4187 888 4254 υἷόν
939 4191 1283 4273 Τηλέμαχον
1322 4191 1422 4256 ἐπὶ
1459 4187 1711 4257 κόλασιν
1751 4189 2212 4276 ἐξαρπάσαντες,
2270 4204 2333 4254 et
2358 4194 2470 4254 sub

196 4274 374 4339 finem
418 4279 746 4339 carminis:
799 4275 1000 4339 ἔπειτα
1044 4276 1169 4340 ἐστὶ
1216 4274 1629 4360 Παλαμήδους
1672 4273 1980 4354 θάνατος·
2035 4281 2121 4339 ita
2164 4291 2238 4341 ut
2277 4279 2469 4339 omnis

191 4362 265 4422 de
307 4366 631 4426 Palamede
686 4361 967 4423 narratio
1020 4362 1099 4422 ad
1154 4362 1614 4425 Antehomerica
1665 4373 1956 4445 spectasse
1995 4364 2192 4425 videri
2234 4365 2464 4424 debeat.

180 4448 310 4514 Em·
358 4463 566 4515 autem
583 4498 603 4529 ,
640 4458 645 4461 '
694 4448 926 4529 quibus
967 4449 1163 4508 modis
1212 4450 1415 4510 fabula
1461 4459 1717 4512 tractata
1779 4458 1819 4510 a
1859 4450 2099 4511 Stasino
2139 4461 2203 4510 et
2250 4458 2466 4511 ornata
