2882 5028
447 410 603 484 430
910 400 1809 480 EXCURSUS
1905 403 2287 480 x1.x11

447 591 768 741 ῗοαὼὶ.)
854 592 1007 654 vide
1046 593 1255 674 Eurip.
1287 593 1512 656 Troad.
1554 593 1700 659 482.
1744 594 1890 660 488.
1918 593 2302 670 Pausan.'IV,
2350 596 2448 669 17,
2473 615 2529 676 p.
2554 598 2676 661 821.

578 683 681 748 26.
723 701 784 760 p.
827 681 976 756 865,
1019 678 1179 739 adde
1219 680 1293 756 ΙΙ,
1335 685 1422 745 24
1470 678 1600 761 (ubi
1645 688 1887 754 narrat,
1945 680 2118 744 lovis,
2149 679 2330 740 huius
2366 679 2575 741 Hercei
2608 681 2680 741 si-

446 787 631 847 gnum
673 764 849 825 trinis
902 765 1091 826 oculis
1146 764 1359 843 fuisse,
1423 774 1904 845 transportatum
1968 764 2164 843 Argos
2208 786 2242 824 a
2284 764 2592 843 Sthene103
2637 767 2679 825 is

449 853 609 912 enim
651 851 804 911 illud
859 851 925 911 in
967 851 1227 931 praedae
1268 861 1439 932 parte
1489 861 1832 932 acceperat:
1907 851 2008 910 lib.
2053 852 2222 926 VIII,
2281 852 2388 928 46,
2433 874 2490 932 p.
2533 852 2679 934 694).

449 933 751 1013 Quintum
792 937 916 997 cal.
958 938 1116 1013 XIII,
1161 940 1307 1014 222,
1358 938 1466 998 ubi
1512 947 1638 998 not.
1685 935 2018 1017 Tryphiod.
2063 942 2210 1013 622,
2267 939 2487 997 Tzetza
2527 938 2683 997 Post-

447 1023 613 1085 hom.
651 1027 798 1100 788,
837 1023 947 1083 ubi
988 1024 1068 1084 cf.
1110 1024 1249 1084 Not.
1334 1024 1457 1084 Nec
1500 1024 1675 1084 aliter
1714 1019 1864 1095 Διὸς
1894 1019 2099 1104 βωμὸς
2119 1022 2395 1102 Ἑρκείου
2435 1026 2498 1084 iu
2525 1025 2680 1104 Ulys-

449 1111 530 1171 εἰει
573 1109 781 1170 domot
839 1119 974 1169 erat
1034 1110 1096 1168 in
1142 1111 1307 1169 aula:
1367 1110 1584 1191 Odyss.
1629 1133 1683 1190 χ,
1740 1111 1884 1174 885-
1930 1113 2077 1175 376.
2116 1112 2265 1174 879.
2353 1111 2473 1170 Sed
2515 1111 2682 1212 primo

450 1198 584 1257 loco
625 1196 936 1257 nominare
977 1195 1118 1254 licet
1156 1195 1478 1256 Arctinum
1518 1197 1559 1255 l.
1603 1195 1665 1269 l.,
1726 1212 1758 1252 e
1800 1213 1924 1272 quo
1967 1195 2248 1278 Proclus·
2297 1195 2407 1258 καὶ
2452 1191 2682 1259 Neontei-

450 1288 630 1364 λεμος
664 1280 776 1386 μὲν
801 1277 1144 1346 ἀποκτείνει
1174 1285 1457 1364 Πρίαμον
1484 1280 1584 1345 ἐπὶ
1615 1277 1717 1343 τὸν
1739 1284 1852 1343 τοῦ
1878 1277 2032 1354 Διός
2057 1285 2171 1344 τοῦ
2202 1279 2479 1364 Ἑρκείου
2507 1278 2684 1364 βωμὸν

450 1363 897 1451 καταφυγόντα.
982 1367 1263 1447 Virgilius
1319 1387 1397 1428 ex
1438 1375 1614 1448 parte
1664 1364 1779 1425 hon
1827 1376 2104 1426 auctores
2160 1378 2303 1427 ante
2348 1370 2550 1428 oculos
2586 1367 2682 1426 ha-

452 1454 615 1532 buit,
660 1474 740 1514 ex
793 1454 947 1513 atrio
989 1463 1193 1513 tamen
1236 1455 1301 1514 in
1344 1456 1709 1532 impluvium
1747 1471 1878 1511 rem
1919 1451 2233 1528 traduxit,
2293 1465 2359 1513 et
2400 1475 2513 1534 pro
2551 1453 2683 1513 lovis

454 1562 557 1601 ara
605 1545 872 1601 Penates
913 1550 1238 1600 memorat:
1298 1538 1567 1599 Aedibus
1609 1542 1674 1596 in
1717 1540 1971 1613 mediis,
2017 1540 2311 1618 ⁴nudoque
2354 1541 2464 1599 sub
2504 1539 2681 1599 aethe-

451 1630 535 1686 ria
576 1648 693 1686 axe
733 1629 961 1705 Ingens
1004 1647 1119 1685 am
1142 1626 1284 1706 fuit
1298 1670 1315 1701 ,
1370 1629 1661 1705 iuxtaque
1714 1628 2028 1683 veterrima
2084 1626 2302 1683 laurus
2360 1625 2682 1685 Incumhem

451 1734 629 1788 arae,
684 1725 865 1792 atque
918 1711 1131 1771 umbra
1187 1714 1505 1790 complexa
1562 1714 1849 1770 Penates.
1942 1710 2055 1768 Per
2111 1711 2350 1770 medias
2391 1714 2593 1787 aedes,
2642 1709 2683 1768 si

454 1799 534 1858 ad
593 1808 944 1859 nostrarum
998 1797 1238 1858 aedium
1293 1817 1524 1857 morem
1581 1796 1836 1869 referas,
1912 1794 2111 1855 videri
2167 1806 2407 1877 potest,
2480 1799 2680 1858 intimas

454 1885 697 1958 aedium
737 1892 942 1964 partes
985 1886 1096 1943 sub
1142 1884 1242 1944 dio
1286 1892 1562 1965 patentes
1608 1882 1944 1959 declam-e,
2014 1900 2164 1960 quas
2214 1884 2330 1943 sub
2389 1904 2534 1944 voce
2568 1879 2692 1960 Hqs

453 1971 864 2050 intelligimus,
909 1980 973 2029 et
1014 1990 1123 2049 per
1167 1973 1531 2048 impluvium
1571 1967 1910 2043 reddimus;
1946 1988 2162 2027 verum
2203 1968 2271 2028 in
2308 1972 2680 2031 Romanorum

454 2056 700 2116 aedibus
740 2056 1103 2137 impluvium
1157 2076 1295 2115 cum
1339 2076 1490 2115 cavo
1535 2055 1792 2129 aedium,
1836 2053 2005 2132 quod
2051 2055 2244 2116 Varro
2293 2056 2369 2116 de
2411 2058 2474 2117 L.
2503 2057 2563 2116 L.
2598 2053 2681 2130 IV,

456 2141 766 2217 disertius,
809 2162 992 2220 quam
1035 2142 1375 2219 Vitruvius,
1426 2141 1640 2215 docet,
1686 2147 1820 2199 erat
1859 2139 1924 2198 in
1967 2141 2096 2220 ipso
2141 2144 2333 2217 etrio;
2376 2143 2440 2203 in
2470 2143 2681 2203 interio-

458 2228 625 2288 ribus
671 2227 908 2287 aedium
955 2228 1366 2309 peristylium,
1419 2226 1737 2304 mediaque
1778 2225 1906 2284 eius
1947 2245 2085 2284 aree
2126 2227 2439 2288 interdum
2477 2227 2682 2289 arbori·

454 2314 568 2373 bus
610 2314 861 2374 consita.
943 2313 1151 2374 Potuit
1188 2324 1369 2394 poeta
1411 2312 1533 2372 hoc
1582 2311 1957 2392 peristylium
2014 2320 2151 2371 ante
2213 2316 2424 2375 oculos
2478 2314 2682 2389 habere,

455 2401 739 2479 quoniam
780 2401 1021 2459 laurum
1063 2408 1391 2476 memoret3
1432 2399 1500 2458 in
1541 2417 1758 2476 eoque,
1801 2406 2108 2475 tamquam
2151 2398 2371 2462 domus
2410 2398 2680 2481 penetmli,

458 2486 783 2560 Penatibus
832 2506 999 2547 aram
1042 2487 1355 2546 collocare.
1439 2485 1625 2546 Forte
1681 2483 1846 2544 dicas
1885 2484 2060 2544 illum
2104 2494 2213 2545 aut
2272 2486 2422 2569 (quo
2474 2486 2682 2547 Servius

457 2572 649 2654 ducit)
693 2574 895 2632 Iovem
935 2592 1043 2652 per
1085 2575 1336 2634 Penates
1391 2590 1517 2631 esse
1559 2572 2028 2650 interpretatum
2072 2568 2206 2653 (etsi
2246 2575 2428 2655 plura
2470 2572 2681 2634 simula-

457 2679 596 2733 cra,
671 2680 797 2719 non
838 2678 1034 2719 unum
1076 2660 1236 2721 Iovis
1277 2660 1543 2738 signum,
1599 2656 1852 2717 videtur
1911 2677 2229 2737 agnoscere
2272 2681 2336 2721 v.
2381 2663 2517 2727 517.
2554 2656 2679 2719 cont

455 2744 638 2806 Ovid.
684 2745 826 2805 Met.
871 2745 1032 2821 XIII,
1076 2750 1221 2811 412.
1268 2743 1445 2828 413),
1490 2751 1599 2803 aut
1641 2744 1890 2802 Penates
1937 2763 2050 2822 pro
2080 2744 2210 2824 ipsa
2254 2744 2437 2806 domo
2479 2745 2678 2817 dixisse,

457 2852 639 2910 quem
684 2832 1071 2892 inumbrabat
1113 2832 1350 2892 laurus·
1336 2874 1355 2907 ,
1423 2840 1498 2890 ut
1558 2829 1751 2889 Cerda
1795 2837 2125 2910 acceperat.
2210 2833 2334 2892 Sed
2376 2831 2518 2892 haec
2556 2832 2680 2891 dun

456 2928 632 2995 sunt5
673 2927 735 2977 et
776 2918 1142 2978 manendum
1185 2926 1274 2977 est
1301 2917 1366 2977 in
1408 2915 1560 2977 hoe.
1602 2914 1915 2995 Virgilium
1953 2917 2297 2976 Romanum
2339 2937 2558 2979 morem
2583 2931 2681 2975 eene

456 3014 815 3083 sequutum,
872 3004 1220 3082 posthabito
1263 3022 1452 3081 more„
1477 3003 1874 3061 Graecorum.
1942 3021 2124 3079 quem
2167 3004 2404 3084 Tragici
2440 3010 2679 3076 aervmt3

457 3099 530 3149 ut
572 3089 898 3194 Sophocles
941 3090 1126 3151 Elect.
1175 3093 1335 3154 1891
1387 3086 1773 3165 (Br.1374.)
1813 3094 2033 3169 χωρεῖν
2077 3087 2211 3165 ἔσω,
2251 3096 2499 3191 πατρῷα
2532 3109 2682 3169 προς·

456 3169 729 3238 κύσανθ’
774 3173 882 3254 ἕδη
931 3179 1135 3249 θεαῖν,
1219 3168 1470 3254 οσοιπερ
1513 3166 1804 3255 πρόπυλα
1862 3173 2149 3236 ναίουσιν
2192 3170 2358 3239 τάδε.
2441 3178 2679 3236 Ceterum

457 3259 506 3318 si
550 3261 678 3335 alii,
718 3269 791 3319 ut
831 3260 1101 3334 Quintus
1146 3259 1602 3335 ca1.v1,147
1645 3258 1804 3333 XIII,
1848 3261 2009 3332 486,
2074 3280 2241 3320 aram
2299 3263 2452 3322 Iovis
2502 3256 2679 3321 Hercei

456 3345 519 3404 in
579 3365 715 3406 arce
767 3355 1041 3426 ponunt,
1098 3354 1264 3406 recte
1325 3343 1539 3425 utique
1588 3344 1709 3405 hoc
1770 3343 2030 3422 faciunt3
2086 3367 2227 3407 nam
2284 3349 2441 3429 regia
2496 3340 2678 3408 Priami

364 3436 367 3441 ’
457 3441 592 3492 erat
633 3432 697 3491 in
740 3450 894 3492 arce.

1385 3628 1800 3637 Μ

1008 3854 1859 3948 EXCURSUS
1957 3858 2173 3947 XII

790 4024 965 4095 De
1090 4026 1642 4096 Helena
1769 4042 2388 4119 receptu.

629 4197 703 4275 11,
749 4199 878 4265 567
908 4220 1036 4279 sqq.
1120 4200 1387 4262 Helenae
1412 4201 1939 4281 recuperationem
1961 4202 2135 4265 varie
2165 4223 2200 4262 a
2231 4198 2525 4265 veteribus
2551 4204 2670 4274 Ρω-

457 4283 537 4345 tin
579 4284 759 4346 fuisse
803 4288 1182 4366 expositam,
1242 4288 1343 4347 vel
1383 4305 1464 4346 ex
1508 4287 1610 4347 lib.
1654 4288 1756 4363 vl,
1802 4290 1949 4366 626,
2009 4290 2114 4350 ubi
2160 4289 2266 4350 illa
2306 4298 2369 4347 et
2407 4282 2594 4345 urbem
2624 4277 2671 4329 ἅ

454 4373 744 4433 man'tum
798 4372 1179 4452 Deiphobum
1234 4371 1484 4433 Achivis
1538 4373 1777 4453 prodit,
1834 4384 1900 4434 et
1953 4395 2034 4436 ex
2074 4372 2501 4444 imitatoribus,
2548 4374 2670 4454 ‘1¹¹⁰‘

455 4456 779 4537 ιιιιωω,
828 4468 1108 4542 apparet.
1148 4479 1212 4523 v.
1255 4458 1475 4536 Quint.
1515 4460 1640 4521 eal.
1683 4461 1844 4539 xm,
1886 4462 2017 4529 364
2055 4482 2186 4543 sqq.
2231 4460 2354 4528 386
2393 4475 2511 4536 ‚qq
2549 4440 2694 4531 (ὢν.
