2882 5028
485 301 496 310 ’
681 343 1871 430 ADLIBRUMIH
2251 343 2399 430 &1

188 545 808 629 antiquis'Argivorum
837 541 1103 621 regibus,
1144 535 1362 618 Lyncei
1392 537 1431 596 s.
1472 535 1600 613 ipse
1642 542 1815 614 peter
1849 528 2062 589 Acrisii
2097 537 2159 588 et
2184 528 2402 603 Proeti,

188 639 279 716 qui
315 635 486 696 ermis
513 636 670 692 inter
702 651 762 689 se
789 637 1100 688 certantes
1129 624 1414 702 clipeum,
1474 619 1816 697 Argolicum
1860 616 2099 690 saltem,
2152 613 2404 673 invene-

188 732 346 782 runt:
387 742 447 781 v.
473 717 749 798 Apollod.
777 716 849 790 11,
878 719 936 789 2,
974 718 1028 789 1,
1061 719 1123 769 et
1151 709 1233 768 ibi
1261 708 1398 766 Not.
1422 727 1482 786 p.
1513 710 1657 769 276.
1687 708 1830 768 277.
1916 703 2040 761 lam
2064 708 2255 779 poeta
2297 707 2404 758 sut

187 815 478 888 acceperat
499 805 619 864 hoc
646 801 972 874 traditum,
1019 806 1126 857 aut
1156 795 1376 873 [ingere
1409 791 1590 850 tacite
1614 789 1841 869 potuit,
1885 788 2065 845 fuisse
2098 804 2289 844 unum
2328 803 2405 842 ex

188 893 402 973 Argivis
432 889 829 973 principibus,
873 886 973 964 qui
1017 883 1093 943 ab
1128 880 1358 940 Abante
1397 877 1477 936 ad
1516 896 1578 934 se
1619 873 1950 934 hereditate
1995 870 2407 930 transmissum

191 979 422 1059 clipeum
487 983 739 1050 estaret3
782 991 958 1050 quem
996 990 1029 1027 a
1070 986 1132 1026 se
1168 983 1399 1026 caesum
1443 960 1672 1022 Aeneas
1710 958 2074 1040 spoliaverit.
2160 954 2408 1015 Abantis

191 1074 375 1124 sutem
421 1086 453 1124 c
475 1065 646 1143 ipeus
702 1059 877 1117 aliem
931 1054 1192 1114 habebat
1224 1052 1440 1110 famam
1485 1063 1561 1107 ex
1604 1067 1704 1122 eo,
1754 1043 1919 1124 quod
1955 1042 2055 1102 ille
2095 1062 2129 1099 s
2172 1042 2407 1121 Lynceo

188 1149 391 1211 Abanti
429 1150 689 1210 donatus
714 1142 1080 1203 occasionem
1115 1137 1365 1198 dederat
1391 1134 1551 1194 ludis
1588 1134 1654 1192 in
1689 1131 1840 1192 urbe
1890 1127 2187 1208 Argorum
2231 1126 2408 1184 insti-

186 1237 411 1297 tuendis
440 1236 530 1318 (in
562 1229 810 1292 Iunonis
838 1227 1082 1308 quidem
1114 1223 1439 1296 honorem,
1482 1215 1557 1281 vui
1583 1217 1823 1299 Ἡραῖα,
1861 1214 1925 1275 in
1963 1213 2180 1292 quibus
2208 1211 2406 1272 victor

189 1342 249 1382 eo
272 1322 495 1383 honore
518 1317 925 1397 afficiebatur,
968 1322 1039 1374 ut
1064 1311 1316 1389 clipeum
1339 1307 1403 1366 in
1432 1304 1674 1364 Iunonis
1697 1301 1916 1382 templo
1949 1298 2199 1358 affixum
2231 1296 2408 1356 tolle-

187 1418 270 1469 ret
311 1418 372 1468 et
412 1408 475 1468 in
523 1424 743 1487 pompa
782 1401 1059 1474 duceret,
1117 1414 1263 1454 mox
1308 1391 1505 1472 prisco
1553 1390 1686 1450 loco
1724 1385 2155 1468 reponendum.
2238 1380 2411 1440 Unde

188 1504 319 1555 note
343 1515 433 1574 sp.
461 1490 692 1552 Zenob;
723 1497 785 1548 et
812 1486 886 1545 al.
915 1482 960 1565 ἦ
988 1483 1052 1547 ἐν
1068 1478 1270 1566 ’Ἀργει
1299 1472 1501 1550 ἀσπίς.
1543 1496 1603 1535 v,
1642 1475 1798 1554 inpr.
1827 1469 2049 1552 Spanh.
2077 1467 2156 1527 sd
2185 1467 2410 1526 Callim.

187 1581 244 1640 in
278 1582 337 1641 P.
374 1581 440 1640 L.
487 1575 623 1659 35).
705 1570 993 1632 Fabulam
1037 1574 1248 1627 narret
1281 1563 1499 1642 Hygin.
1556 1561 1600 1620 f.
1642 1564 1785 1635 170,
1828 1558 1933 1618 ubi
1975 1575 2038 1615 v.
2081 1553 2411 1628 Muncker.,

187 1667 335 1726 unde
355 1668 534 1726 etiam
563 1659 851 1721 Serviane
883 1658 1078 1717 lucem
1117 1653 1521 1713 foenerantur.
1552 1697 1561 1708 .
1607 1643 1842 1704 Alludit
1878 1640 2056 1706 ovid.
2098 1639 2241 1699 Met.
2279 1637 2413 1712 XV,

194 1751 319 1816 164.
366 1751 473 1811 ubi
514 1745 884 1828 Pythagoras
927 1738 1171 1820 agnovit
1213 1736 1470 1814 clipeum
1515 1728 1824 1811 Euphorbi
1863 1726 2152 1787 Abanteis
2197 1723 2414 1801 templo

190 1840 417 1897 Iunonis
449 1840 517 1896 in
555 1834 767 1910 Argis.
856 1828 926 1888 In
955 1824 1123 1906 clipei
1149 1831 1352 1881 autem
1389 1816 1762 1877 dedicatione
1798 1809 2262 1874 Holdsworthus
2305 1808 2415 1866 de-

192 1922 399 1983 dicatas
424 1924 499 1982 ab
529 1919 801 1997 Augusto
827 1922 965 1994 post
991 1929 1249 1992 pugnam
1277 1904 1581 1965 Actiacam
1605 1903 1666 1961 X
1694 1919 1876 1962 naves
1903 1919 1938 1957 s
1981 1906 2159 1977 poeta
2203 1893 2415 1972 respici

189 2010 437 2089 putabat.
526 2005 837 2068 veriorem
867 1998 1166 2061 rationem
1190 1992 1420 2052 dedisse
1445 1987 1592 2049 mihi
1616 1986 1828 2048 videor
1866 2003 2047 2065 supra
2092 1984 2347 2042 Excurs.
2387 1977 2417 2036 1

190 2095 260 2155 sd
284 2095 347 2160 h.
370 2094 471 2156 lib.
501 2111 640 2175 pag.
668 2087 812 2154 473.

669 2442 1740 2547 EXCURSUS
1835 2437 1937 2525 X

262 2616 571 2685 Heleni
612 2623 689 2680 et
742 2605 1409 2678 Andromachae
1462 2615 1859 2665 occursus
1913 2589 1997 2655 in
2040 2584 2334 2673 Epiro.

345 2774 445 2851 111,
486 2769 624 2839 294
648 2788 775 2848 sqq.
817 2768 946 2826 Hic
972 2759 1331 2823 mcv-edibilis
1362 2775 1558 2817 rer-um
1580 2752 1775 2832 sama
1803 2754 2060 2823 occupat
2093 2741 2261 2799 auris
2305 2744 2419 2795 etc.

194 2859 630 2921 commentatur
656 2855 723 2915 in
765 2852 830 2913 h.
855 2851 897 2912 l.
935 2859 1148 2910 auctor
1189 2845 1264 2905 de
1305 2839 1558 2923 Augusti
1604 2831 1884 2918 progenie
1924 2850 1973 2890 c.
2025 2831 2121 2893 12.
2205 2823 2421 2883 Poetae

196 2955 368 3007 artem
401 2966 480 3006 ex
501 2944 625 3004 hoc
652 2939 915 3001 aestima.
1000 2933 1268 3011 Antiqua
1308 2936 1440 2988 erat
1476 2921 1677 2985 sabula
1729 2919 1803 2978 de
1838 2915 2078 2975 Aeneae
2113 2909 2202 2968 ad
2247 2908 2425 2985 Epiri

196 3032 376 3091 liuor-a
399 3029 696 3110 appulsu.
745 3045 807 3089 V.
838 3023 1087 3083 Excurs.
1122 3018 1197 3080 de
1235 3014 1470 3075 Aeneae
1503 3011 1707 3071 Error.
1725 3049 1744 3082 ,
1797 3000 1902 3081 qui
1943 2997 2172 3079 primus
2212 3000 2302 3051 est
2345 2989 2423 3049 ad
2537 3049 2543 3067 ι

198 3113 253 3177 h.
277 3117 373 3177 lib.
457 3117 610 3177 Erat
632 3131 817 3194 porro
840 3106 1109 3168 narratio
1131 3105 1196 3163 in
1225 3096 1486 3171 Νόστοις
1510 3139 1528 3172 ,
1569 3098 1631 3153 et
1660 3089 1850 3151 multo
1874 3083 2053 3164 magis
2083 3080 2149 3141 in
2185 3087 2424 3157 tragoe-

199 3201 331 3279 diis,
371 3202 551 3262 etism
578 3201 644 3260 in
682 3196 909 3277 lyrico,
949 3190 1121 3254 Pina.
1144 3187 1310 3249 Nem.
1342 3183 1404 3262 4,
1431 3185 1534 3247 82.
1562 3183 1624 3256 7,
1652 3175 1756 3250 50,
1797 3170 1905 3233 ubi
1943 3190 2004 3231 v.
2048 3163 2278 3241 Schol.,
2323 3179 2423 3221 oe-

197 3285 412 3347 lebrsts
443 3286 686 3369 (relicto
706 3281 972 3342 Homero
986 3322 1004 3354 ‚
1047 3272 1376 3335 secundum
1417 3285 1594 3347 quem
1634 3258 1904 3342 Pyrrhus
1947 3255 2104 3314 inter
2136 3269 2238 3309 eos
2272 3255 2423 3324 erat,

200 3372 289 3451 qui
310 3374 637 3434 incolumes
662 3374 725 3428 in
746 3366 1002 3447 patriam
1023 3361 1328 3423 redierant
1344 3401 1360 3430 ,
1392 3353 1608 3432 Odyss.
1631 3371 1686 3431 y,
1720 3347 1862 3410 188.
1888 3337 2038 3418 189)
2073 3336 2148 3396 de
2180 3334 2419 3413 Pyrrhi,

201 3459 442 3519 Achillis
462 3459 535 3538 s.
564 3502 584 3533 ,
632 3475 816 3533 regno
856 3455 922 3510 in
956 3450 1146 3527 Epiro
1183 3442 1514 3504 constituto
1536 3481 1554 3513 ‚
1610 3451 1788 3513 quem
1834 3429 1948 3508 ipsi
1988 3420 2258 3483 historici
2295 3419 2424 3478 fre-

566 3588 584 3617 ,
675 3584 690 3599 .
875 3536 951 3596 ..1
1001 3538 1073 3599 11
1129 3531 1181 3591 11
1228 3531 1331 3594 23.
1371 3523 1581 3584 lustin.
1612 3516 1800 3589 XVII,
1830 3519 1890 3577 3.
1932 3511 2006 3572 cf.
2051 3508 2125 3567 de
2156 3505 2425 3580 Nicolay

201 3629 334 3688 diss.
371 3634 437 3689 in
473 3631 679 3689 Me'm.
733 3625 807 3683 de
843 3624 871 3681 l
892 3618 1116 3680 ’Aead.
1235 3637 1264 3673 s
1301 3614 1490 3673 Inscr.
1538 3608 1708 3666 Tom.
1747 3596 1962 3671 xvm,
2004 3600 2062 3675 p'.
2114 3592 2238 3658 529
2278 3608 2422 3667 sqq„

202 3714 303 3773 etsi
329 3714 569 3775 Molossi
599 3710 767 3791 Epiri
792 3706 874 3766 sd
908 3725 970 3766 se
1002 3700 1343 3764 traduxisse
1377 3694 1699 3765 videntur,
1741 3703 1892 3765 quae
1927 3677 2197 3741 Molossis
2234 3674 2424 3734 Thes—

203 3799 362 3858 uliae
389 3800 779 3860 debebantur.
828 3793 904 3856 cs.
925 3790 1130 3869 Dictys
1149 3787 1251 3859 vl,
1277 3789 1318 3849 7
1337 3814 1415 3828 -
1436 3784 1498 3856 9,
1524 3793 1703 3857 quem
1726 3772 1927 3832 locum
1957 3786 2034 3826 ex
2056 3760 2249 3824 veteri
2276 3777 2425 3840 poe-

205 3891 262 3940 ta
293 3884 658 3967 descriptum
690 3898 810 3941 esse
842 3884 1116 3958 apperet3
1159 3870 1315 3931 adde
1353 3887 1403 3926 c.
1446 3870 1529 3929 12
1553 3882 1630 3921 ex
1672 3854 1970 3936 Euripidis
2006 3842 2424 3911 Andromacha

206 3982 558 4051 excerptum.
617 3986 678 4028 v·
719 3968 966 4027 Excurs.
1015 3960 1146 4022 XII.
1231 3956 1359 4016 Alia
1401 3959 1531 4012 erat
1576 3943 1839 4008 narratio
1878 3941 1952 3998 de
1996 3929 2425 3997 Andromacha

208 4056 424 4131 Pyrrho
450 4058 637 4115 dueta
658 4097 674 4127 ,
722 4061 785 4112 et
810 4050 884 4110 de
907 4044 1335 4127 superinducta
1360 4035 1683 4098 Hermione
1696 4075 1712 4107 ,
1744 4025 2095 4109 Pyrrhoque
2120 4020 2193 4077 ab
2216 4019 2426 4077 Oreste

208 4158 388 4219 (2880,
427 4144 503 4203 de
527 4138 746 4220 quibus
768 4132 1044 4216 inprimis
1087 4149 1147 4191 v.
1195 4123 1494 4205 Euripidis
1537 4111 1972 4181 Andromache.
2022 4104 2201 4167 Ovid.
2240 4100 2422 4181 Epist.

207 4223 345 4285 vlu.
395 4226 695 4288 *Tandem
722 4225 793 4283 de
825 4222 1050 4280 Heleni
1073 4220 1138 4276 in
1179 4216 1436 4292 Epirum
1483 4207 1745 4267 adventu
1766 4246 1784 4277 ‚
1842 4198 1969 4259 sive
2005 4195 2069 4254 in
2101 4186 2423 4268 captivita-

209 4316 318 4369 tem
356 4332 389 4370 e
430 4309 668 4393 Pyrrho
709 4305 956 4368 abducti
1000 4299 1192 4384 (quod
1229 4305 1408 4380 poeta
1450 4291 1721 4372 sequitur
1770 4285 1879 4346 inf.
1913 4284 2038 4349 329
2058 4272 2310 4356 famulo
2337 4298 2424 4313 -

207 4395 470 4471 Heluam·
530 4395 688 4457 adde
735 4389 1047 4472 Polygnoti
1089 4385 1357 4447 tabulam
1403 4400 1498 4459 sp.
1540 4378 1790 4438 Psussn.
1822 4370 1902 4444 X,
1944 4364 2046 4439 25,
2074 4381 2132 4441 p.
2173 4359 2318 4429 860,
2363 4360 2424 4411 et
