2882 5028
502 361 654 435 860

996 356 1077 429 Ρ.
1129 354 1650 431 VIRGILII
1711 356 2247 433 MARONIS

498 544 717 619 Iussa
747 542 922 639 viri)
957 545 1312 616 Teucros
1342 555 1570 616 vocat
1604 539 1752 615 alta
1784 542 1865 614 in
1894 541 2187 641 templa
2218 539 2570 618 sacerdos,

496 645 859 722 Excisum
892 645 1292 720 Euboicae
1324 644 1523 720 latus
1557 647 1834 741 ingens
1857 646 2076 744 rupis
2113 645 2188 719 in
2222 657 2549 719 antrum:

500 751 682 842 Quo
712 747 845 823 lati
876 746 1180 823 ducunt
1215 746 1468 822 aditus
1502 761 1865 843 centum,
1923 749 2116 823 ostia
2142 759 2491 840 centum3

496 849 732 928 Unde
759 864 1005 927 ruunt
1028 848 1366 926 totidem
1399 875 1667 947 voces»,
1720 874 2101 950 responsa
2133 849 2482 948 Sibyllae.

494 959 846 1032 Ventum
941 968 1108 1031 erat
1192 953 1291 1030 ad
1365 952 1648 1050 limen,
1728 979 1981 1054 quum
2055 956 2273 1052 virgo
2295 1012 2316 1048 ‚
2397 957 2663 1030 Poscere

496 1164 889 1261 Tempus»,
944 1161 1079 1237 ait:
1134 1159 1367 1257 deus»,
1424 1184 1645 1255 ecce,
1699 1159 1915 1239 deus,

1649 1054 1806 1132 fata
2600 1057 2663 1131 45

2023 1159 2170 1238 Cui
2206 1159 2388 1235 talia
2422 1157 2589 1235 fanti

632 1352 697 1406 41
748 1353 807 1402 in
850 1353 1050 1424 templa
1085 1352 1206 1403 alea
1244 1370 1324 1433 pr.
1371 1350 1658 1419 Hamburg.
1730 1349 1993 1418 (Dubitavi
2033 1349 2379 1418 aliquamdiu,
2435 1368 2496 1402 an
2525 1347 2572 1399 iu
2601 1345 2664 1395 fiae

493 1420 650 1472 huius
692 1437 873 1472 verane
907 1431 1160 1473 commate
1204 1421 1612 1487 distinguerem3
1677 1431 1787 1471 tum
1840 1420 2001 1471 verba
2058 1420 2214 1470 latus
2267 1423 2462 1501 ingens
2494 1426 2662 1498 uppem

495 1501 650 1542 erunt
679 1489 796 1541 hin:
831 1490 949 1541 alea
974 1493 1032 1541 in
1062 1489 1292 1560 templa;
1328 1489 1361 1540 i.
1395 1506 1443 1540 e.
1488 1489 1769 1557 templum,
1805 1488 1944 1557 quod
1985 1487 2158 1539 exciso
2208 1489 2409 1557 ingenti
2447 1504 2568 1556 rupis
2597 1486 2662 1532 Ea-

492 1559 678 1611 boicee
717 1559 884 1610 latere
926 1559 1166 1611 efficitur.
1237 1563 1312 1611 Ae
1349 1557 1528 1610 nescio
1546 1598 1562 1622 ,
1622 1577 1689 1611 an
1742 1558 1820 1610 ita
1877 1557 2044 1609 oratio
2084 1557 2253 1608 multo
2306 1557 2484 1609 evadat
2514 1570 2663 1608 conm-
2741 1623 2742 1648 Χ

490 1628 626 1711 nior.
669 1628 810 1696 Wr.)

490 1707 761 1749 vanetate.

478 1767 639 1840 santi
677 1766 856 1820 Schol.
891 1771 1023 1820 Stat.
1065 1767 1240 1819 Theb.
1277 1769 1352 1832 X,
1400 1765 1519 1820 164.

490 1909 803 1988 Templum
847 1906 1137 1988 Apollinis
1190 1917 1323 1967 erat
1372 1908 1567 1967 monti

486 1996 864 2073 impositum,
911 1994 1012 2071 qui
1054 2014 1199 2053 mox
1237 1993 1374 2054 urbi
1418 2013 1569 2052 con-

488 2080 649 2139 ditae
684 2100 796 2159 pro
835 2079 1099 2158 acropoli
1146 2080 1282 2139 fuit.
1383 2078 1568 2152 Quod

485 2185 651 2224 nunc
690 2174 1056 2224 memoratur
1094 2177 1333 2222 anu-mn
1365 2163 1568 2244 Sibyl-

484 2252 620 2325 lae,
666 2251 726 2309 in
763 2250 948 2308 latere
971 2251 1096 2307 eius
1139 2251 1361 2308 montis
1399 2250 1566 2308 exci-

485 2356 648 2409 eum,
692 2356 814 2394 non
844 2336 1016 2414 longe
1053 2334 1127 2391 ab
1167 2355 1236 2394 eo
1282 2337 1414 2394 loco
1453 2336 1563 2393 ab-

482 2440 607 2478 esse
649 2421 871 2480 debuit.
916 2419 1051 2481 vid.
1097 2422 1247 2480 Exc.
1285 2422 1377 2480 111.
1465 2420 1562 2479 Ad

480 2505 599 2567 hoc
648 2528 812 2567 nunc
870 2527 947 2566 ex
996 2507 1288 2585 Apollinis
1337 2507 1559 2585 templo

483 2594 727 2653 abducit
779 2594 1038 2652 Aeneam
1088 2594 1328 2672 Sibylla.
1415 2593 1560 2650 Fal-

479 2681 618 2739 lunt
665 2680 827 2739 viros
881 2679 1090 2739 doctos
1130 2681 1260 2737 alla
1305 2679 1553 2755 templa,

480 2785 633 2844 quae
680 2786 846 2826 nunc
906 2787 1028 2824 non
1085 2773 1228 2823 sunt
1268 2762 1559 2841 Apollinis

479 2851 652 2910 aedes
681 2895 699 2926 ‚
785 2851 889 2909 sed
960 2860 1203 2908 antrum
1282 2849 1557 2928 Sibyllae.

480 2936 630 3018 (vid.
660 2937 728 2996 V.
761 2938 823 2995 L.
853 2937 933 2995 ad
958 2957 1042 2996 vs.
1070 2934 1171 2998 41.
1223 2933 1400 3015 Wr.)

563 3024 646 3087 42
674 3056 759 3068 —
789 3021 889 3084 44.
962 3021 1265 3080 Euboicae
1335 3022 1504 3097 rupis
1534 3044 1552 3077 .-

475 3108 770 3167 montium
812 3108 1215 3167 Cumanorum
1255 3108 1337 3180 (v.
1382 3106 1461 3163 ad
1497 3126 1557 3164 v.

474 3192 577 3275 2),
622 3195 684 3252 in
733 3184 947 3270 quibua
984 3201 1072 3250 est
1126 3201 1400 3264 antrum,
1445 3209 1558 3247 ex-

473 3279 662 3337 cisum
686 3279 748 3338 in
773 3280 958 3338 latere
990 3278 1245 3353 monti83
1288 3276 1556 3334 doctius:

470 3365 629 3424 latus
659 3365 922 3424 excisum
960 3365 1023 3423 in
1058 3374 1321 3424 antrum.
1408 3362 1555 3420 adi-

473 3462 604 3523 tus,
653 3460 802 3530 puta
825 3495 842 3525 ,
888 3448 1262 3510 subterranei
1299 3457 1550 3521 meatuS,

472 3528 774 3617 σύριγγες,
819 3545 892 3595 ut
934 3537 994 3595 in
1026 3535 1296 3614 Aegypto
1343 3532 1550 3631 appel-

467 3620 769 3680 labantur.
821 3621 934 3680 hos
972 3632 1232 3695 meatuS,
1277 3640 1305 3677 s
1441 3638 1553 3675 en-

470 3705 616 3765 dum
653 3715 743 3765 est
786 3708 1028 3766 duxisse
1079 3707 1158 3766 ad
1200 3725 1389 3765 unum
1437 3705 1550 3761 ali-

468 3791 632 3870 quod
678 3793 980 3873 penetrale
1029 3794 1200 3852 cuius
1244 3799 1333 3848 est
1369 3791 1552 3848 limen

467 3898 553 3938 va.
583 3878 685 3943 45.
717 3888 778 3937 et
785 3877 959 3957 sores
984 3897 1070 3937 va.
1107 3882 1207 3941 47.
1242 3884 1300 3933 et
1326 3897 1432 3934 ora
1461 3895 1547 3933 va.

466 3968 566 4031 53.
615 3968 769 4023 ostia
808 3983 895 4023 va.
942 3966 1043 4026 81.
1129 3962 1300 4021 Conf.
1340 3960 1415 4019 de
1452 3959 1548 4018 his

465 4049 771 4131 disputata
816 4050 1091 4109 Excursu
1146 4048 1245 4107 ΠΙ.
1287 4045 1364 4104 ad
1397 4045 1462 4104 h.
1505 4045 1544 4103 l.

460 4135 567 4196 ubi
613 4138 685 4195 de
730 4138 865 4195 luco
907 4135 1169 4193 Diviae.
1263 4131 1450 4204 Quod
1497 4131 1543 4188 ai

461 4223 665 4300 itaque
693 4223 756 4282 in
784 4219 1069 4281 interiore
1090 4227 1265 4277 antro
1282 4263 1298 4292 ‚
1342 4216 1547 4296 adyto,

461 4308 687 4386 Sibylla
745 4306 1024 4369 vaticinia
1079 4304 1388 4378 effaretur,
1444 4320 1544 4363 re·

462 4393 696 4452 meabat
720 4413 845 4454 vox
869 4410 978 4473 per
1004 4389 1270 4451 infinitos
1290 4387 1403 4447 hoa
1441 4400 1546 4446 ca-

947 1628 1018 1683 42
1052 1632 1315 1680 exc-issum
1342 1644 1423 1695 pr.
1449 1628 1698 1680 Rottend.
2165 1665 2180 1678 .

898 1698 967 1752 45
1005 1711 1118 1750 tum
1152 1700 1308 1769 virgo
1338 1697 1548 1766 quidam
1573 1717 1658 1769 ap.
1687 1702 1828 1751 Serv.
1860 1698 1932 1747 111
1969 1702 2097 1747 Aen.
2135 1697 2265 1752 370.

1649 1906 1935 1966 naliculos
1982 1926 2090 1967 seu
2139 1877 2466 1986 spiramina
2504 1912 2554 1962 et
2577 1899 2660 1958 exi-

1652 2002 1780 2067 tus;
1810 2012 1959 2070 quae
1987 2012 2083 2051 ree
2110 1993 2194 2051 ad
2222 1995 2542 2073 religiosum
2565 1985 2664 2044 hor-

1649 2098 1850 2137 rorem
1900 2078 2075 2137 valde
2116 2077 2548 2138 accommodata
2584 2086 2664 2127 ωε

1654 2163 1879 2223 debuit.
1911 2163 2190 2243 (Paolum
2223 2159 2586 2224 deseroinhis
2601 2157 2664 2213 in·

1655 2250 2070 2328 terpretandia.
2115 2270 2180 2310 v.
2214 2253 2463 2329 Antiqq.
2491 2242 2661 2305 Pareo!-

1647 2335 1753 2393 fol.
1784 2332 1910 2413 29.)
1980 2333 2157 2413 (Mihi
2192 2336 2435 2396 videtur
2459 2353 2518 2391 ea
2541 2327 2664 2388 huin

1648 2421 1808 2478 antri
1835 2420 2012 2479 facies
2041 2421 2249 2497 fuisse,
2290 2430 2363 2481 ut
2386 2439 2499 2479 non
2526 2424 2663 2475 totum

1644 2507 1948 2583 utrimque
2017 2506 2296 2566 excisum
2363 2513 2504 2566 esset
2549 2496 2663 2576 rupis

1645 2592 1803 2650 illius
1845 2593 2030 2666 latus,
2077 2594 2190 2651 sed
2230 2602 2303 2653 ut
2351 2590 2512 2651 multi
2545 2596 2661 2665 pata-

1642 2686 1782 2736 rent
1825 2678 1885 2736 in
1947 2688 2215 2756 utroque
2273 2680 2456 2738 latere
2501 2672 2660 2737 adium

1641 2783 1782 2822 nam
1821 2764 1946 2822 viae
1988 2765 2285 2839 quasdam
2320 2764 2659 2823 subtemina

1640 2868 1718 2906 ne
1759 2848 2078 2927 significari
2129 2847 2231 2908 hia
2276 2849 2470 2910 verbis
2511 2837 2658 2901 exi-ti·

1640 2953 1867 2993 memus
1891 2980 1907 3009 ‚
1952 2945 2164 2993 vetare
2214 2935 2520 3005 videntur,
2558 2940 2660 3003 φη*

1640 3021 1795 3078 insra
1821 3020 2064 3097 legimus
2101 3041 2196 3080 vs,
2241 3024 2319 3085 81
2363 3040 2476 3096 sq.:
2511 3008 2659 3090 „035¹

1640 3105 1876 3182 iamque
1914 3106 2128 3165 domus
2172 3116 2426 3184 patuere
2465 3094 2659 3178 ingenti·

1641 3202 1883 3250 centum
1944 3193 2173 3270 Sponte
2243 3210 2350 3249 sua
2381 3236 2399 3263 ‚
2455 3188 2660 3258 vatisqoe

1638 3278 1843 3335 serunt
1883 3296 2166 3356 responsa
2222 3296 2360 3355 per
2414 3268 2657 3339 aui-2⁸3⁶*

1636 3382 1998 3440 quamquam
2026 3362 2190 3439 quod
2234 3361 2415 3420 hodie
2451 3351 2658 3416 ostendi-

1636 3458 1740 3506 tur
1768 3456 2006 3507 antrum
2035 3447 2320 3526 Sibyllae,
2350 3445 2424 3503 ad
2454 3440 2653 3518 effigiem,

1633 3551 1784 3610 quae
1805 3543 1895 3592 est
1915 3534 1979 3591 in
2003 3553 2215 3612 mappa
2235 3527 2656 3615 Devonshin'wff:

1632 3619 1695 3679 in
1721 3627 1938 3696 quarto
1979 3618 2262 3677 editionis
2301 3610 2654 3696 splendidion·

1633 3704 1948 3763 Volumine
1977 3724 2138 3762 nunc
2172 3723 2206 3760 a
2237 3722 2334 3761 me
2366 3711 2652 3778 repraesen-

1631 3790 1747 3848 tari
1775 3791 2000 3848 iussum
2022 3837 2039 3865 ‚
2087 3808 2213 3847 uno
2239 3786 2541 3846 conficitur
2574 3782 2652 3837 iss-

1631 3876 1791 3933 mani
1819 3874 2003 3935 hiatu.
2055 3871 2234 3950 Wr.)

1716 3960 2010 4026 45—54.
2064 3960 2325 4037 Tempus
2366 3955 2443 4014 ad
2485 3964 2651 4010 oract-

1628 4046 1757 4104 lum
1789 4046 2065 4124 precibus
2087 4041 2481 4123 poscendum,
2521 4043 2580 4094 ut
2599 4046 2650 4088 6

1629 4151 1688 4190 V·
1724 4132 1799 4195 51
1829 4140 2106 4211 apparet3
2145 4130 2319 4200 deus,
2365 4122 2649 4183 eet-edan:

1629 4216 1827 4275 Sentit
1853 4216 2010 4274 enim
2035 4215 2132 4274 iun
2170 4215 2375 4273 surore
2401 4206 2584 4266 divino
2608 4214 2650 4254 Β

1631 4301 1852 4381 corripi
1880 4302 1992 4360 sub
2023 4302 2217 4381 ipsum
2234 4295 2431 4375 templi
2446 4290 2648 4382 adiltp-

1628 4386 1821 4448 Locua
1849 4386 1923 4446 de
1950 4387 2154 4446 surore
2186 4393 2394 4446 vatum
2419 4385 2650 4455 W
