2882 5028
498 346 651 420 270

501 526 897 606 Classibus
927 524 1057 599 hic
1082 524 1343 614 locus;
1385 521 1517 596 hic
1545 522 1711 596 acie
1751 502 2050 598 certare
2086 520 2474 600 solebant.

962 341 1044 414 P.
1112 307 1649 414 vinoun
1713 335 2282 411 MARole

2665 528 2782 601 80

498 636 688 707 Pars
723 640 990 728 stupet
1018 627 1401 726 innuptae
1444 624 1752 702 donum
1799 624 2103 702 exitiale
2135 626 2571 721 Minervae,

498 737 603 810 Et
656 730 966 808 molem
1004 732 1398 806 mirantur
1438 731 1669 832 equig
1705 789 1709 794 .
1747 731 2217 832 primusque
2264 730 2783 829 Thymoetes

638 959 712 1014 30
747 957 862 1009 acie
900 955 1080 1007 Heius.
1118 972 1149 1006 e
1183 943 1524 1019 melioribus,
1557 952 1797 1024 inprimis
1833 956 1985 1007 Rom.
2018 954 2211 1008 Medic.
2245 953 2380 1006 Gud.
2414 953 2575 1022 vulgo
2603 971 2785 1017 σακε,

501 1028 645 1097 qnod
679 1046 772 1097 pra
744 1038 858 1078 acet
831 1044 887 1077 er
921 1026 1096 1088 codd„
1126 1025 1265 1076 iernt

505 1116 575 1149 ιιιι
577 1115 602 1148 s
640 1096 707 1148 de
741 1101 806 1148 Sc
810 1096 877 1145 he
849 1113 946 1145 e.m
982 1096 1091 1146 Lex

506 1184 719 1218 mannus
780 1174 1055 1248 utrumque
1059 1114 1198 1215 xsspu

505 1253 621 1288 esse
661 1254 723 1288 ex
724 1253 813 1303 qm
817 1233 968 1285 sitinus
1002 1234 1102 1286 ade
1072 1250 1240 1302 eoque
1274 1242 1436 1317 poeta
1473 1232 1528 1283 di
1511 1232 1653 1315 ignia

1299 1042 1430 1092 quos
1468 1042 1588 1076 omn
1592 1023 1934 1076 easGothni.
1999 1024 2271 1092 (etPalat.
2330 1024 2473 1088 Wr.)
2521 1023 2786 1076 Rufinia-

1233 1043 1335 1156 83(1
1367 1113 1434 1145 ne
1437 1111 1606 1145 cnon
1640 1095 1765 1146 Pom
1808 1094 1895 1144 oni
1900 1094 2150 1145 uisSabu
2119 1112 2212 1145 uus
2248 1110 2441 1163 agnose
2414 1103 2552 1146 cun.t
2629 1097 2786 1145 Bur-

1201 1173 1350 1214 strat.
1433 1163 1541 1215 Sed
1597 1163 1682 1215 dic
1655 1182 1749 1215 cen

2290 1175 2475 1215 εννοεα
2511 1164 2634 1215 sole
2636 1163 2789 1218 bane

2492 1233 2565 1288 ³2
2609 1235 2785 1301 Thy-

1790 1181 1899 1215 ιιιιι·
1962 1163 2052 1214 Ιιιό
2090 1166 2208 1215 acie

1658 1251 1716 1298 s3
1774 1233 1997 1285 alterum
2031 1231 2339 1301 prosaicum.

504 1325 621 1358 moe
591 1318 707 1356 eees
735 1304 877 1356 varie
915 1313 1168 1373 corrupta
1200 1319 1302 1354 vox
1340 1302 1396 1354 in
1429 1300 1600 1353 libris.
1651 1321 1699 1356 v.
1752 1319 1838 1372 ap.
1874 1302 1974 1362 Hei
1958 1319 2054 1355 ms.
2104 1311 2160 1353 et
2193 1303 2467 1354 Burmann.
2535 1303 2650 1355 Sed
2692 1313 2786 1355 est

508 1373 726 1442 Θνμοίτ
695 1391 810 1442 tw

503 1551 708 1610 littore
782 1548 1027 1608 australi
1085 1547 1404 1608 stationem
1471 1567 1588 1607 na-

502 1636 706 1713 vium,
751 1654 903 1712 quae
946 1654 1153 1693 earum
1198 1642 1586 1713 conspectum

505 1721 691 1782 oculis
773 1739 850 1778 ex
923 1720 1031 1780 llio
1095 1720 1586 1800 prospicientium

505 1807 737 1888 eripiat.

587 1893 892 1957 25—30.
947 1893 1249 1970 Mycenas
1289 1910 1402 1970 pro
1443 1889 1590 1949 vul-

503 1979 660 2057 gari,
718 1976 1046 2036 Graeciam.
1143 1987 1344 2050 vento,
1402 1984 1588 2035 vento

504 2062 786 2129 secundo.
848 2061 956 2143 (At
990 2074 1163 2121 vento
1191 2074 1390 2139 petere
1432 2064 1588 2140 My.-

504 2170 684 2208 cenas
732 2157 820 2207 est
864 2148 1108 2208 omnino
1164 2147 1417 2207 navibus
1473 2147 1588 2205 ad-

507 2233 651 2294 vehi
688 2234 987 2314 Myoenas.
1074 2233 1295 2293 Similis
1334 2253 1587 2313 compo-

504 2320 641 2380 sitio
660 2330 768 2380 est
802 2320 967 2399 apud
1005 2319 1136 2381 val.
1181 2319 1271 2379 ΕΙ.
1317 2319 1363 2393 1,
1404 2323 1587 2383 391.2

503 2428 663 2466 remo
678 2419 879 2484 petere
909 2405 1177 2468 Colchos.
1233 2404 1408 2465 Adde
1433 2403 1583 2470 Aen.

407 2528 414 2537 ·
503 2492 607 2568 IV,
660 2496 805 2567 382.
867 2489 1094 2574 Wclz.)
1181 2492 1373 2550 omnis
1427 2493 1605 2549 Tem·

505 2582 634 2638 cria
658 2599 739 2640 sc.
764 2599 951 2656 gens,
1016 2578 1101 2637 ait
1140 2579 1336 2653 Serv„
1384 2596 1590 2638 omnes

503 2666 714 2743 utique
766 2663 1028 2724 Troiani.
1115 2663 1320 2722 Malim
1377 2662 1453 2721 de
1491 2685 1588 2720 re-

500 2755 684 2831 gione
718 2750 1003 2830 accipere.
1087 2749 1188 2808 Sic
1226 2749 1582 2823 Dardania,

503 2858 564 2898 v.
611 2858 663 2897 c.
707 2840 873 2911 282,
948 2855 1062 2915 pro
1118 2835 1263 2915 ipsis
1322 2834 1586 2894 Teucris.

502 2925 682 3003 solvit
702 2945 764 2980 se
782 2924 950 2982 luctu
969 2945 989 2979 .·
1033 2921 1389 2999 exquisitius.
1404 2940 1587 2999 quam

502 3009 768 3084 solvere,
853 3008 1181 3086 deponere,
1250 3006 1425 3069 finire
1482 3006 1583 3064 lu-

504 3103 690 3154 ctum.
774 3095 997 3152 solvere
1036 3092 1240 3152 autem
1291 3092 1368 3151 de
1420 3092 1587 3151 luctu

503 3179 735 3239 dictum
751 3221 770 3252 ‚
812 3177 1098 3256 quoniam
1142 3177 1347 3253 dolor,
1389 3176 1587 3237 tristi-

501 3264 587 3325 tia
605 3308 624 3339 ,
697 3283 971 3339 moeror,
1031 3263 1340 3341 congelare
1358 3306 1374 3337 ,
1430 3284 1584 3322 con-

447 3359 451 3363 ’
501 3348 745 3409 trahere
761 3392 779 3427 ,
853 3348 1219 3428 adstringere
1234 3392 1253 3425 ,
1337 3348 1585 3422 vincire,

504 3435 811 3495 dicuntur.
878 3435 952 3494 cs.
986 3435 1191 3495 Burm.
1273 3431 1417 3515 (sed
1467 3433 1587 3493 hoe

502 3530 595 3580 est
620 3523 845 3580 solvere
888 3522 1216 3593 Ζιιοιιιηις
1260 3530 1326 3579 at
1359 3520 1587 3578 solvere

499 3628 564 3665 se
589 3608 756 3665 luctu
779 3606 972 3666 valet:
1030 3607 1286 3666 liberare
1328 3624 1391 3664 se
1424 3625 1459 3663 a
1484 3605 1587 3664 lu-

501 3701 621 3752 ctu.
660 3694 767 3755 W
756 3690 839 3772 r.)
904 3726 986 3738 —-
1064 3697 1170 3760 27.
1210 3694 1446 3752 Dorica
1478 3713 1586 3750 ca-

500 3791 647 3837 stra.
752 3778 952 3839 Habet
1002 3777 1123 3837 hoe
1184 3799 1218 3836 a
1262 3777 1588 3838 serior-ibus

498 3863 710 3943 poetis.
794 3864 1094 3925 Homerus
1120 3863 1419 3938 Achaeos,
1464 3864 1588 3922 Ar-

498 3949 665 4029 givos
750 3950 849 4009 vel
917 3951 1152 4010 Danaos
1178 3995 1195 4026 ,
1277 3959 1588 4015 memorat.

498 4038 736 4094 Dorum
775 4035 976 4095 nullae
1018 4037 1185 4101 suere
1225 4055 1399 4114 opes,
1471 4034 1589 4095 nisi

500 4128 813 4201 postquam
831 4142 969 4181 cum
982 4120 1313 4181 Heraclidis
1332 4122 1396 4181 in
1409 4121 1588 4180 Pelo-

497 4225 828 4286 ponnesum
865 4206 1317 4281 descenderant,
1357 4206 1588 4266 LXXX

497 4293 670 4353 annis
687 4302 826 4372 post
854 4292 1100 4355 Troiam
1133 4303 1390 4373 captam.
1435 4291 1589 4352 Por-

494 4399 567 4441 ro
620 4378 874 4442 observa
928 4379 1235 4461 poeticum
1305 4387 1588 4441 ornatum

1669 1568 1730 1608 v.
1757 1551 1862 1611 27.
1891 1550 1995 1611 28.
2023 1567 2158 1627 pro,
2211 1558 2414 1606 castra
2440 1547 2681 1606 clesma
2720 1560 2781 1606 et

1669 1633 1896 1693 relt'eta.
1967 1632 2268 1693 Homerus
2296 1633 2472 1691 etiam
2501 1630 2625 1691 hoc
2651 1633 2772 1691 ad-

1672 1718 1783 1795 dit,
1827 1719 2037 1779 castris
2070 1719 2145 1777 ab
2169 1719 2311 1798 ipsis
2331 1716 2580 1779 Achivis
2610 1720 2772 1779 fuis-

1673 1824 1733 1863 se
1770 1804 1968 1884 ignem
2005 1804 2375 1881 subiectum,
2432 1804 2656 1884 Odyss.
2701 1812 2771 1879 θ,

1673 1892 1820 1956 501.
1905 1892 2191 1969 Sequitur
2230 1890 2296 1949 id
2335 1891 2612 1965 Quintus
2644 1891 2768 1949 Cal.

1670 1977 1819 2051 XII,
1865 1981 1984 2041 881
2036 1986 2100 2036 et
2139 1980 2243 2051 30,
2306 1975 2644 2056 Tryphiod.
2705 1996 2765 2036 v.

1676 2066 1818 2127 188.
1877 2067 2005 2129 207
2047 2083 2174 2142 sqq.
2226 2070 2288 2119 et
2341 2064 2540 2125 ceteri.
2663 2065 2765 2128 80.

1670 2147 1996 2224 classibus,
2048 2145 2112 2208 h.
2156 2167 2207 2207 e.
2234 2150 2490 2208 navibus
2522 2149 2590 2208 in
2633 2157 2763 2208 ter-

1667 2249 1828 2295 ram<
1850 2233 2181 2294 subductis.
2248 2233 2325 2294 cf.
2367 2235 2417 2294 F
2419 2235 2645 2295 abrett.
2687 2232 2767 2293 ad

1667 2320 1793 2380 tab.
1823 2319 1985 2378 Iliae.
2034 2341 2094 2399 p.
2139 2322 2282 2383 323.
2358 2322 2682 2399 Dolopum
2702 2340 2763 2380 v.

1675 2405 1755 2463 ad
1781 2425 1842 2466 v.
1871 2409 1931 2469 7.
2020 2404 2306 2483 Sequitur
2347 2414 2552 2466 autem
2582 2414 2763 2486 poeta

1672 2510 1805 2568 eos,
1863 2498 2014 2570 q'uos
2060 2488 2410 2553 Eustathius
2463 2501 2762 2553 memorat

1672 2578 1927 2658 Dolopes
1981 2576 2465 2658 Myrmidonibus
2512 2577 2758 2641 Achilli·

1673 2683 1950 2723 accensos
2002 2663 2354 2723 credidisse:
2428 2666 2540 2725 etsi
2581 2663 2752 2724 Iliad.

1671 2751 1729 2831 β,
1776 2752 1904 2815 684
1950 2770 2074 2810 non
2104 2758 2535 2812 memorantur.
2623 2747 2757 2831 (Di-

1670 2836 1821 2896 visio
1876 2854 1985 2914 per
2057 2836 2346 2896 adverbia
2405 2837 2509 2895 Ιιίε
2538 2869 2629 2885 --
2661 2837 2758 2895 lu'c

1671 2922 2042 2995 contrarium
2082 2921 2228 2982 mihi
2272 2922 2545 3000 flagitare
2583 2922 2759 2982 vide-

1670 3016 1792 3068 tur.
1807 3000 2015 3067 Haud
2039 3008 2161 3068 scio
2186 3029 2265 3067 an
2290 3009 2534 3069 serioris
2563 3009 2758 3069 Grae-

1671 3113 1883 3155 eomm
1939 3092 2220 3155 historiae
2275 3093 2457 3154 fidem
2514 3104 2758 3154 secutus

1669 3179 1806 3259 plus
1871 3179 2168 3258 Dolopum
2227 3180 2483 3256 viribus,
2572 3200 2756 3257 quam

1669 3264 1916 3325 Homeri
1964 3275 2126 3326 aetas
2142 3311 2160 3343 ‚
2230 3266 2513 3325 tribua-it
2552 3265 2754 3343 Virgi-

1667 3349 1803 3410 lius.
1854 3348 2082 3432 nscia.)
2167 3350 2252 3410 At
2293 3353 2404 3411 sub
2440 3350 2591 3411 Pelei
2647 3350 2753 3410 di-

1670 3436 1834 3496 tione
1903 3437 2159 3517 Dolopes
2229 3437 2411 3497 fuisse
2431 3482 2450 3514 ,
2532 3435 2753 3515 quibus

1669 3520 1942 3582 Phoenix
1974 3523 2357 3602 praeficitur,
2399 3522 2755 3602 intelligitur

1672 3626 1750 3667 ex
1789 3608 1957 3668 Iliad.
1991 3633 2032 3683 ι,
2063 3608 2210 3674 480.
2257 3609 2560 3686 tendebat}
2615 3618 2751 3669 teu-

1669 3693 1891 3753 torium
1939 3693 2218 3755 habebat.
2299 3694 2556 3756 militare
2613 3714 2752 3755 ver-

1669 3779 1835 3841 bum.
1880 3780 1951 3839 cs.
1978 3781 2188 3842 Gerda.
2221 3786 2250 3807 '
2275 3781 2561 3841 Ceterum
2588 3801 2754 3841 eom-

1671 3865 1977 3945 parandus
2016 3886 2154 3927 cum
2195 3875 2410 3945 poetae
2453 3886 2753 3929 verecun-

1674 3950 1774 4011 dia
1812 3961 1996 4013 notus
2039 3952 2247 4013 Ovidii
2280 3952 2448 4013 lusus
2479 3955 2666 4035 Epist.
2709 3954 2752 4029 1,

1674 4041 1753 4102 81
1819 4058 1947 4116 899.
2002 4040 2207 4119 Atque
2273 4039 2501 4119 aliquis
2556 4044 2751 4119 posita

1672 4135 1961 4184 monstrat
1980 4125 2134 4203 fera
2162 4125 2404 4203 praelia
2442 4148 2656 4187 mensa
2679 4156 2748 4173 —-

1673 4210 1823 4269 Hae
1844 4209 1973 4270 ibat
1996 4211 2218 4270 Simois
2244 4218 2359 4271 etc.

1759 4298 2067 4362 31--34.
2134 4296 2208 4356 In
2252 4299 2754 4374 saepes—mim-

1675 4391 1773 4440 tur
1818 4381 1972 4443 male
2013 4392 2414 4463 argutantur5
2454 4390 2549 4442 est
2577 4383 2756 4464 poetis
