2882 5028
442 1568 527 1642 P.
619 1564 1254 1640 VIRGILII
1337 1564 1977 1640 MARONIS

121 1754 197 1860 A
406 1758 494 1862 E
709 1756 809 1864 N
1037 1756 1127 1861 Ε
1340 1756 1384 1859 Ι
1604 1757 1705 1861 D
1799 1793 1803 1800 ’
1933 1750 2046 1861 O
2259 1761 2330 1866 S

607 1976 1036 2065 LIBER
1143 1971 1805 2082 QUARTUS
1931 1913 1935 1918 ⁵

733 2355 1671 2419 ARGUMENTUM

122 2489 293 2596 Dido
332 2550 529 2592 amore
576 2530 808 2590 Aeneae
849 2528 1180 2607 insaniens,
1235 2531 1416 2590 animi
1474 2529 1567 2589 sui
1618 2527 1894 2588 morbum
1952 2530 2141 2590 sorori
2189 2550 2332 2611 ape-

125 2612 216 2673 rit:
254 2614 483 2696 eiusque
527 2615 840 2677 consilium
867 2625 1089 2690 secuta,
1133 2615 1211 2675 ad
1251 2617 1490 2695 nuptias
1526 2617 1789 2675 animum
1835 2613 2039 2673 adiicit
2083 2622 2111 2679 1
2138 2621 2329 2681 —89.

126 2694 247 2757 Iuno
290 2722 556 2781 quoque,
614 2710 687 2762 ut
727 2700 987 2761 Aeneam
1032 2701 1262 2761 facilius
1303 2702 1377 2761 ab
1420 2701 1589 2763 Italia
1635 2708 1966 2776 averteret,
2023 2702 2146 2780 agit
2192 2721 2332 2761 cum

128 2778 350 2863 Venere,
415 2797 485 2847 ut
526 2787 656 2847 eius
693 2787 850 2846 bona
908 2807 1043 2846 cum
1088 2787 1264 2846 venia
1320 2788 1499 2847 liceat
1540 2784 1770 2847 Aeneae
1814 2786 2034 2845 Elisam
2075 2806 2330 2846 uxorem

130 2865 337 2932 ducere:
389 2893 630 2953 quoque
682 2872 749 2931 id
805 2872 1175 2934 commodius
1229 2872 1361 2932 fieri
1420 2873 1635 2952 possit,
1700 2891 1761 2930 se
1819 2872 2332 2951 opportunitatem

131 2951 425 3018 oblaturam
480 2958 747 3020 ostendit
771 2991 851 3004 —
874 2961 1012 3022 128.
1110 2958 1404 3019 Postridie
1463 2956 1690 3016 Aeneas
1742 2965 1804 3015 et
1847 2957 2001 3017 Dido
2042 2966 2331 3018 venatum

131 3040 569 3115 proficiscuntur.
657 3044 746 3106 Ibi
790 3044 1065 3103 omnibus
1105 3043 1223 3103 iam
1266 3042 1525 3123 praedae
1566 3042 1814 3102 intentis
1870 3043 2022 3103 Iuno
2073 3043 2333 3104 subitam

132 3119 362 3188 immittit
413 3138 857 3210 tempestatem;
912 3130 1152 3189 comites
1212 3129 1361 3189 alins
1419 3125 1535 3188 alio
1593 3127 1930 3206 diffugiunt3
2002 3125 2230 3189 Aeneas
2272 3137 2334 3188 et

137 3205 255 3270 Dido
303 3214 365 3274 in
419 3214 579 3276 idem
643 3224 885 3274 antrum
958 3215 1359 3291 conveniunt,
1426 3215 1627 3292 ibique
1700 3212 1972 3274 infaustis
2036 3215 2334 3275 ominibus

136 3297 535 3378 coniunguntur
561 3304 809 3366 —172.
911 3301 1155 3361 Interim
1209 3301 1472 3380 Iupiter,
1535 3298 1740 3360 Iarbae
1798 3299 2186 3362 Gaetulorum
2231 3320 2334 3361 re-

135 3379 227 3456 giz,
278 3387 372 3463 qui
414 3386 707 3449 advenam
764 3385 875 3446 sibi
916 3386 1205 3465 praeferri
1253 3386 1458 3464 iniquo
1502 3387 1699 3445 animo
1742 3386 2001 3464 ferebat,
2059 3387 2335 3468 precibus

138 3463 407 3548 fatigatus,
461 3472 829 3533 Mercurium
894 3472 1080 3531 mittit
1137 3471 1217 3530 ad
1264 3471 1553 3544 Aeneam,
1614 3471 2012 3549 mandatque,
2069 3482 2175 3548 ut,
2230 3492 2335 3533 re-

137 3546 245 3610 licta
281 3554 487 3635 Africa,
528 3560 596 3618 in
638 3557 866 3617 Italiam
901 3558 1135 3636 naviget
1160 3560 1404 3621 —278.
1488 3556 1593 3615 Ille
1632 3556 1787 3615 Iovis
1814 3558 2062 3635 imperio
2105 3578 2334 3618 morem

137 3653 332 3717 gerens,
372 3663 758 3722 quaecunque
801 3642 880 3701 ad
925 3643 1362 3723 navigationem
1404 3651 1577 3701 erant
1618 3642 1973 3718 necessaria,
2031 3644 2185 3703 clam
2226 3664 2335 3724 per

138 3723 294 3782 socios
327 3730 520 3805 parari
561 3729 730 3788 iubet
755 3729 1004 3794 -295.
1088 3729 1366 3788 Ceterum
1408 3727 1596 3802 Dido,
1655 3727 1759 3787 ubi
1816 3727 2057 3790 classem
2098 3730 2336 3790 instau-

137 3807 238 3865 rari
272 3814 470 3891 sensit,
525 3816 823 3895 suspicata
872 3814 935 3873 id
977 3815 1143 3892 quod
1184 3833 1280 3873 res
1318 3822 1482 3889 erat,
1533 3813 1795 3891 graviter
1849 3833 1986 3872 cum
2049 3816 2178 3895 ipso
2222 3835 2335 3875 ex-

140 3895 393 3974 postulat,
434 3901 824 3980 precibusque
867 3908 928 3958 et
970 3900 1230 3960 lacrimis
1272 3908 1405 3959 tum
1449 3918 1557 3978 per
1595 3916 1656 3956 se
1695 3898 1904 3978 ipsam,
1947 3905 2171 3967 -892
2200 3910 2336 3962 tum

142 3991 229 4051 1³²¹·
262 3999 529 4063 sororem,
571 3984 794 4052 —449
837 4004 973 4046 eum
1015 3987 1092 4046 ab
1133 3987 1371 4065 incepto
1412 4002 1697 4045 revocare
1735 3993 2006 4046 conatur.
2091 3985 2336 4064 Aeneas,

145 4076 269 4153 neve
311 4066 420 4128 iam
476 4090 825 4149 conscensa,
876 4073 1097 4132 iterum
1148 4072 1214 4131 in
1270 4070 1491 4131 somnis
1542 4089 1577 4127 a
1634 4068 1931 4131 Mercurio
1974 4070 2336 4148 admonitus,

143 4154 449 4240 ¹ffltempesta
503 4166 679 4217 nocte
723 4178 971 4217 ancoras
1026 4157 1208 4219 solvit
1249 4154 1472 4222 554-
1491 4156 1634 4219 583.
1719 4155 1828 4215 Illa
1872 4156 2095 4218 doloris
2138 4158 2336 4240 impa-

144 4233 298 4309 tlssm,
333 4241 476 4301 mori
518 4242 896 4319 decreverat,
940 4240 1067 4309 450
1087 4278 1160 4288 —
1180 4243 1306 4308 473
1350 4250 1413 4301 et
1454 4241 1649 4301 celans
1690 4262 1957 4302 sororem
1999 4243 2165 4321 quod
2202 4261 2336 4303 me·-

145 4310 446 4402 ditflbatur,
490 4337 796 4389 exstructa
840 4329 901 4388 in
944 4328 1195 4387 editiore
1239 4327 1477 4387 aedium
1518 4336 1688 4407 parte
1730 4328 1954 4407 ingenti
1995 4348 2180 4408 pyra,
2234 4346 2332 4385 sa-

144 4415 285 4464 crum
322 4411 629 4493 magicum,
682 4434 803 4494 quo
864 4414 940 4473 ab
992 4432 1197 4475 amore
1252 4433 1314 4473 se
1356 4414 1649 4490 solveret,
1702 4422 2051 4494 paraverat,
2110 4409 2237 4477 474
2252 4448 2331 4460 —
