2882 5028
734 392 928 463 AD
1035 390 1690 467 LIBRUM
1792 391 1881 467 11
2293 402 2446 475 399

353 578 456 639 Ad
512 576 881 641 Pisandrum
936 601 1084 645 vero
1139 580 1600 641 Lamndensem
1650 582 1913 663 primum
1968 583 2190 645 Zosimi
2246 587 2454 650 locum

174 665 386 747 paullo
408 675 554 725 ante
578 666 930 744 laudatum,
972 676 1107 728 tum
1143 667 1277 727 loca
1309 668 1602 748 Stephani
1632 668 1950 747 Byzantini
1992 673 2189 732 resero
2231 675 2450 751 omnia,

171 774 257 898 2¹3
266 752 695 902 fflssff
668 753 798 899 ..31¹3
819 762 1428 920 Ἑῖῧοῖἰῖὴῗζοῗὲἐ
1445 753 1621 918 ,Ἓξ
1645 774 1954 901 ffisss.
1968 754 2451 917 ξ’ῗῗῖέοέἲῖἓ

172 945 313 988 voc.
346 917 767 1008 Ἀγᾶθνρσοι,
815 923 1115 989 Βοαύλεια
1145 935 1206 985 et
1230 926 1295 985 in
1323 919 1640 1001 Ἀστακός,
1686 948 1822 987 nam
1859 928 2134 989 Herculis
2174 951 2316 990 sane
2349 951 2450 991 res

169 1020 377 1090 gestae
408 1010 596 1070 etiam
626 1011 706 1071 ad
735 1011 1041 1091 Scythiam
1072 1021 1135 1071 et
1161 1009 1505 1091 Bithyniam
1547 1023 1854 1092 spectant,
1912 1025 2115 1075 tamen
2151 1016 2448 1077 librorum

171 1115 478 1156 numerus
502 1097 777 1158 adiectus
803 1099 1062 1174 evincit,
1105 1098 1184 1158 ad
1210 1098 1651 1160 Larandensem
1699 1119 1768 1159 ea
1801 1100 1934 1161 loca
1965 1120 2090 1160 esse
2129 1103 2448 1163 referenda

173 1205 304 1243 non
334 1182 542 1244 minus
572 1204 645 1242 ac
669 1184 905 1262 reliqua
929 1184 994 1243 in
1026 1185 1328 1265 Οἰνωτρία
1347 1228 1364 1259 ,
1416 1182 1771 1262 Ἀπέννιον,
1829 1180 2161 1263 Λυκόζεια,
2223 1184 2452 1260 Napai-

173 1294 284 1349 της
315 1265 475 1350 (quo
503 1270 641 1328 loco
669 1271 851 1329 etiam
876 1289 1086 1329 versus
1126 1270 1355 1349 integer
1393 1288 1425 1327 e
1466 1270 1568 1331 hb.
1612 1271 1719 1331 Vll
1758 1270 2077 1348 laudatur,
2137 1274 2246 1351 qui
2285 1254 2488 1333 idemx

176 1353 347 1435 apud
374 1355 633 1416 Suidam
660 1355 727 1415 in
774 1351 1062 1434 Νιφάτης
1099 1356 1344 1436 legitur:
1399 1350 1641 1435 Ταύρου
1679 1352 2108 1440 πρυμνώρειαν
2152 1355 2448 1424 ἒῦσκόπε-

178 1438 281 1504 λὸν
319 1463 390 1504 τε
430 1436 796 1520 Νιφάτην),
855 1440 1172 1523 Κυβὲλεια.
1255 1442 1409 1500 Nam
1450 1443 1758 1501 Heme-lea
1805 1444 2041 1503 duobus
2078 1445 2249 1505 libris
2294 1466 2446 1506 con-

175 1527 418 1604 stabat3
477 1536 544 1585 at
581 1526 922 1607 Stephanus
959 1528 1316 1588 Pisandrum
1361 1527 1571 1587 laudat
1605 1529 1759 1588 libro
1802 1529 1924 1589 Vll.
1962 1531 2038 1589 X.
2080 1531 2238 1591 Xlll.
2286 1532 2445 1592 xlv.

177 1613 407 1674 XXVI.
496 1613 688 1674 Porro
721 1634 796 1672 ex
822 1611 942 1673 hoc
981 1615 1172 1673 altero
1212 1613 1470 1694 petitum
1514 1633 1638 1673 esse
1680 1615 1886 1690 debet,
1945 1616 2111 1695 quod
2159 1617 2445 1697 Evagrius

178 1701 253 1759 Η.
306 1701 375 1758 Ε.
425 1699 489 1771 1,
545 1704 630 1763 20
686 1697 1073 1759 Antiochiam
1127 1700 1334 1779 Syriae
1380 1700 1501 1758 iam
1550 1699 1692 1760 olim
1738 1703 2106 1762 Graecorum
2150 1703 2445 1763 coloniam

175 1786 362 1845 fuisse
392 1785 688 1860 affirmat,
735 1805 890 1864 quae
918 1787 1188 1845 narratio
1222 1785 1415 1864 qualis
1437 1786 1623 1845 suerit
1641 1830 1658 1861 ,
1703 1804 1781 1845 ex
1807 1787 2028 1847 Ioanne
2052 1788 2264 1847 Malela
2299 1789 2443 1848 disci

176 1880 385 1952 potest
410 1869 746 1949 Chronogr.
770 1892 828 1950 p.
863 1875 946 1936 32
972 1891 1064 1950 sq.
1117 1880 1177 1931 et
1212 1871 1470 1931 Cedreni
1510 1871 1837 1951 Compend.
1877 1873 2035 1933 Hist.
2083 1894 2141 1953 p.
2188 1872 2309 1939 134
2357 1895 2443 1953 sq.

175 1958 380 2017 Etiam
419 1957 508 2032 is,
581 1957 684 2034 qui
732 1956 890 2016 inter
929 1958 1443 2038 Epigrammatum
1481 1967 1757 2018 auctores
1799 1969 2182 2034 recensetur,
2242 1959 2445 2020 iunior

176 2042 281 2104 hic
308 2041 605 2102 Pisander
635 2063 773 2102 cum
798 2043 1073 2102 Fabricio
1112 2043 1354 2103 videtur
1389 2063 1513 2102 esse
1545 2042 1890 2104 habendus:
1948 2065 2060 2104 nec
2110 2045 2267 2104 enim
2312 2047 2445 2126 epi-

178 2149 448 2208 gramma
469 2173 488 2202 ,
534 2129 697 2206 quod
733 2129 844 2187 sub
882 2129 1154 2189 Pisandri
1186 2127 1408 2188 Rhodii
1436 2128 1678 2188 nomine
1719 2130 2009 2191 laudatur
2045 2128 2130 2214 (v.
2174 2131 2443 2193 Brunck.
2493 2205 2496 2210 ᾖ

184 2213 359 2275 Anal-
381 2216 451 2274 T.
486 2214 560 2286 11,
592 2236 647 2294 p.
677 2212 862 2296 294),
907 2215 1328 2293 antiquitatem
1356 2224 1464 2274 aut
1486 2215 1944 2295 ,simplicitatem
1987 2217 2238 2277 redolet.
2322 2219 2443 2277 La-
2485 2213 2492 2216 ’

187 2309 316 2359 tere
344 2301 527 2360 etiam
556 2300 655 2360 ille
679 2299 924 2362 videtur
954 2301 1066 2360 sub
1104 2302 1474 2361 Thessandn'
1494 2301 1734 2362 nomine
1766 2323 1860 2382 sp.
1888 2305 2057 2364 Serv.
2089 2303 2168 2363 ad
2192 2303 2268 2380 11,
2295 2308 2443 2370 211.

190 2388 266 2447 cf⁴
288 2386 390 2447 int
418 2387 675 2445 Excurs.
701 2384 779 2444 ad
806 2386 877 2461 11,
906 2391 1046 2452 199.

358 2472 535 2547 Quae
582 2468 788 2532 adhuc
831 2472 1329 2550 commemoravi,
1396 2491 1466 2533 ea
1507 2492 1640 2550 me,
1708 2474 1813 2552 qui
1849 2472 2020 2535 nullo
2062 2494 2169 2536 seu
2212 2476 2301 2536 rei
2339 2494 2446 2536 seu

193 2558 488 2640 opinionis
515 2559 721 2619 studio
752 2567 991 2634 teneor,
1036 2570 1318 2635 movent,
1353 2568 1429 2619 ut
1459 2558 1553 2634 id,
1599 2559 1763 2637 quod
1792 2559 1935 2619 olim
1960 2571 2251 2639 sequutus
2291 2581 2445 2637 sum,

189 2644 575 2706 retinendum
598 2645 884 2705 arbitrer:
940 2645 1178 2705 diversa
1222 2645 1402 2705 fuisse
1449 2665 1633 2726 opera
1665 2645 2016 2723 Ἡρακλείας
2056 2656 2119 2705 et
2152 2646 2446 2730 ἧρωΐκῶν

80 2788 81 2793 ,
187 2734 564 2813 θεογαμιῶν·
652 2752 793 2790 nam
840 2741 916 2792 ut
967 2732 1342 2791 contrarium
1379 2732 1636 2805 tuearis,
1682 2732 1856 2811 plura
1899 2740 2006 2793 aut
2046 2732 2173 2792 sine
2210 2732 2448 2793 ratione

186 2827 295 2878 aut
320 2816 615 2876 adversus
639 2835 877 2876 omnem
904 2818 1203 2877 rationem
1234 2817 1649 2897 amplectenda
1680 2826 1839 2877 sunt.
1924 2820 2230 2897 Superest,
2272 2828 2345 2878 ut
2371 2818 2447 2877 de

183 2904 319 2983 ipso
348 2902 656 2962 macrobio
685 2902 1064 2984 dispiciamus
1081 2948 1099 2980 ,
1142 2903 1245 2982 qui
1273 2907 1633 2963 eversionem
1692 2905 1908 2961 Troiae
1948 2903 2014 2964 V
2009 2906 2369 2983 &gulanam
2403 2925 2447 2963 a

186 2988 486 3050 Pisandro
504 3010 704 3066 paene
732 2988 823 3047 ad
842 2989 1086 3048 verbum
1118 2992 1573 3069 humant-§olam
1601 2996 1877 3048 testatur.
1938 2987 2079 3063 Qua
2119 2990 2183 3050 in
2227 3008 2297 3049 re
2335 3009 2448 3048 ne-

186 3095 347 3135 cesse
374 3083 495 3150 est,
531 3084 641 3134 aut
667 3073 1040 3135 Macrobium
1065 3075 1329 3154 graviter
1355 3094 1612 3148 errasse,
1659 3084 1769 3135 aut
1798 3071 2077 3155 ἦρωϊκὰς
2109 3078 2449 3158 θεογαμίας

186 3160 324 3221 uon⁴
353 3161 787 3235 Larandensia,
859 3161 1025 3239 quod
1073 3161 1290 3221 Suidas
1339 3169 1707 3237 asseruerat,
1769 3161 1876 3221 sed
1921 3161 2170 3222 alterius
2213 3171 2446 3242 poetae,

186 3248 291 3325 qui
351 3257 495 3306 ante
535 3247 850 3326 Virgilium
900 3246 1167 3323 vixerat,
1226 3266 1379 3327 opus
1418 3248 1614 3308 fuisse.
1715 3246 2072 3324 Videamus,
2122 3257 2332 3308 utrum
2368 3249 2448 3309 sit

187 3333 586 3413 probabilius.

360 3420 425 3478 si
454 3417 574 3479 hoc
608 3438 834 3498 ponas,
877 3417 1056 3477 fuisse
1078 3435 1320 3478 carmen
1354 3416 1506 3477 illud
1541 3417 1784 3496 Virgilio
1828 3418 2165 3497 antiquius,
2222 3426 2295 3478 ut
2337 3437 2449 3477 nec

186 3513 388 3565 tamen
417 3503 499 3563 ad
525 3503 883 3565 Pisandrum
924 3502 1229 3565 Rhodium
1255 3503 1473 3562 referri
1512 3502 1664 3563 illud
1701 3504 1920 3582 possit3
1962 3504 2028 3563 id
2072 3503 2237 3583 quod
2284 3505 2448 3564 vidi-

184 3612 322 3651 mus
365 3590 499 3651 fieri
547 3611 671 3650 non
710 3608 912 3670 posse;
968 3609 1204 3651 sumere
1248 3588 1479 3669 aliquid
1530 3607 1764 3651 necesse
1803 3598 1922 3664 est,
1968 3589 2134 3668 quod
2180 3600 2243 3650 et
2285 3591 2451 3650 omni

183 3678 556 3737 auctoritate
597 3684 801 3751 caret,
862 3684 924 3734 et
961 3696 1106 3736 vero
1159 3676 1340 3735 etiam
1389 3673 1841 3755 probabilitate,
1893 3696 2031 3734 nam
2077 3695 2253 3736 nemo
2298 3676 2450 3737 alius

185 3774 296 3825 sut
323 3765 509 3822 talem
556 3762 940 3835 Pisandrum,
997 3771 1107 3821 aut
1138 3762 1264 3822 tale
1307 3781 1551 3821 carmen
1592 3761 1983 3836 memoravit,
2041 3762 2207 3839 quod
2242 3773 2448 3821 tamen

182 3849 257 3909 iis
290 3848 599 3909 aetatibus
637 3847 931 3928 scriptum
974 3866 1101 3908 esse
1144 3848 1418 3923 deberet,
1493 3845 1569 3907 de
1615 3846 1834 3925 quibus
1874 3848 2015 3906 satis
2047 3849 2241 3907 multa
2278 3848 2453 3908 nobis

186 3935 411 3996 tradita
438 3943 603 3994 sunt.
677 3933 966 3994 Macrobii
1005 3943 1203 3994 autem
1229 3933 1617 3993 Grammatici
1642 3933 1972 3992 auctoritas
2000 3934 2162 4015 tanti
2187 3955 2312 3993 non
2340 3942 2450 4009 est,

186 4031 258 4082 ut
290 4031 419 4082 tam
460 4040 684 4101 parum
726 4019 1061 4100 probabilia
1104 4020 1377 4101 amplecti
1414 4019 1633 4080 malim.
1720 4016 1806 4077 At
1850 4021 2108 4079 alterum
2146 4039 2287 4081 cum
2322 4020 2452 4102 ipsa

186 4127 393 4170 rerum
415 4106 542 4167 fide
570 4116 635 4167 et
676 4105 916 4166 ratione
960 4106 1352 4167 coniunctum
1396 4114 1489 4165 est
1502 4127 1521 4183 3
1577 4127 1719 4167 nam
1758 4104 1876 4165 suit
1917 4105 2129 4186 aliquis
2163 4107 2452 4165 Pisander

186 4192 617 4270 larandensis3
673 4191 792 4251 suit
827 4192 1096 4252 Nestoris
1133 4202 1377 4273 poetae,
1450 4192 1553 4271 qui
1600 4193 1715 4252 sub
1769 4194 1993 4251 Severo
2037 4192 2179 4271 Imp.
2221 4190 2450 4264 floruit,

186 4280 338 4343 lilius
352 4304 370 4359 3
415 4290 597 4361 pater
624 4277 874 4337 Iliadem
902 4277 1101 4337 denuo
1138 4286 1527 4355 exaraverat3
1568 4278 1727 4338 filius
1753 4297 1990 4339 omnem
2021 4275 2452 4357 mythologiam

183 4388 299 4430 uno
324 4384 515 4450 opere
552 4362 911 4444 complexus
952 4372 1097 4424 erat.
1184 4364 1667 4425 Consentaneum
1706 4362 1827 4423 hoc
1871 4372 1963 4423 est
2002 4362 2245 4423 illarum
2284 4367 2452 4418 aeta-

180 4464 307 4519 tum
347 4451 642 4537 ingeni05
700 4458 797 4509 est
832 4459 895 4509 et
936 4448 1089 4511 illud
1128 4448 1423 4528 sollenne,
1496 4458 1568 4513 ut
1581 4496 1600 4529 ,
1663 4449 1947 4530 neglectis
1993 4444 2451 4527 antiquioribus,
