2882 5028
573 375 1185 454 AENEIDOS
1239 378 1445 453 LIB.
1501 380 1594 473 V,
1648 381 1982 459 50-58
2288 391 2441 462 733

126 552 138 562 ’
165 561 650 662 Argolicove
680 564 880 639 mari
922 562 1400 663 deprensuS‚
1457 577 1534 638 et
1563 563 1765 639 urbe
1795 570 2214 663 Mycenae3

163 673 458 745 Annua
492 680 676 741 vota
710 681 976 742 tamen
1010 667 1582 767 sollemnisque
1615 667 1900 743 ordine
1934 694 2276 773 pompas

163 774 712 871 Exsequerer,
765 786 1324 870 strueremque
1354 772 1512 845 suis
1547 770 1806 846 altaria
1847 771 2101 852 donis.

165 880 405 951 Nunc
435 874 646 949 ultro
682 874 780 948 ad
815 875 1119 949 cineres
1153 875 1392 974 ipsius
1438 885 1517 948 et
1549 898 1719 949 ossa
1756 877 2127 973 parentis,
2335 881 2439 955 55

171 976 410 1052 Haud
472 977 851 1079 equidem
906 978 1074 1052 sine
1119 990 1394 1053 mente
1439 1001 1663 1073 reor,
1718 979 1887 1053 sine
1935 981 2268 1055 numine
2316 979 2436 1054 di-

1342 1105 1558 1174 vom,

169 1184 608 1278 AdsuniuS‚
661 1197 740 1259 et
765 1196 1044 1282 portus
1080 1182 1315 1258 delati
1345 1184 1728 1258 intramus
1768 1185 2081 1262 amicos,

165 1292 386 1387 Ergo
416 1289 614 1386 agite
634 1349 654 1384 ‚
715 1300 794 1361 et
830 1287 1126 1362 laetum
1162 1286 1421 1362 cuncti
1457 1285 1958 1364 celebremus
1988 1287 2433 1382 honorem3

275 1447 399 1523 56.
441 1464 727 1535 mmm,

309 1651 383 1706 52
415 1651 781 1722 Argolicoque
819 1651 1003 1703 Franc.
1073 1650 1367 1721 depressus
1399 1649 1549 1701 Leid.
1588 1667 1673 1701 un.
1713 1661 1768 1701 et
1802 1650 1966 1702 Goth.
2003 1668 2128 1714 sec.,
2165 1668 2227 1701 ex
2266 1667 2431 1702 more.

165 1721 238 1773 cf.
289 1721 362 1772 lv
411 1722 604 1787 Georg.
655 1721 777 1775 421.
849 1724 1121 1788 Mycenae
1179 1720 1370 1771 Medic.
1424 1720 1557 1771 Gnd.
1623 1738 1734 1771 cum
1785 1721 1900 1772 aliis
1955 1720 2432 1790 praestantioribus

164 1810 254 1861 ap.
293 1789 429 1841 Pier.
467 1800 520 1839 et
575 1790 754 1840 Heius.
803 1790 930 1841 item
981 1790 1221 1852 Servius,
1273 1800 1332 1840 ut
1379 1789 1563 1840 urbem
1608 1792 1816 1840 Patavi
1865 1808 1979 1860 sup.
2028 1792 2069 1855 1,
2118 1791 2240 1845 247.
2309 1787 2432 1851 Alii,

164 1861 266 1911 sed
300 1860 608 1910 recentioris
643 1869 831 1923 notae,
867 1870 1005 1910 teste
1043 1860 1251 1924 licina„
1288 1862 1535 1925 Mycene.
1606 1860 1867 1910 Romanus
1904 1869 1959 1909 et
2007 1879 2039 1910 a
2089 1878 2169 1928 pr.
2218 1877 2286 1909 m.
2339 1858 2432 1910 alii

166 1929 441 1996 (Pieriani,
488 1929 631 1994 Wr.)
670 1931 936 1996 Mycenis,
973 1929 1115 1996 quod
1150 1927 1396 1995 placebat
1427 1926 1618 1989 Pierio,
1654 1928 1748 1978 sed
1777 1940 1860 1979 est
1893 1928 2124 1995 vulgare.
2195 1928 2432 1980 Tandem

167 1998 376 2067 aliquot
410 1998 543 2049 Pier.
582 2008 637 2049 et
673 1997 852 2050 Heius.
890 2016 1000 2049 cum
1040 1999 1279 2051 Parthas.
1318 2009 1372 2047 et
1409 1998 1491 2048 ed.
1531 1999 1663 2047 Ven.
1702 1997 1864 2049 Goth.
1901 2015 2005 2049 sec.
2041 2000 2296 2065 Mycena,
2334 1996 2431 2064 (sic

167 2069 329 2120 etiam
369 2070 417 2121 1.
450 2052 500 2122 7³.
538 2069 589 2121 8.
631 2069 776 2132 Wr.)
839 2068 980 2135 quod
1030 2067 1246 2117 Heinsio
1296 2066 1645 2135 probabatur,
1695 2076 1955 2135 tamquam
2002 2066 2326 2118 numerosius
2376 2076 2431 2118 et

165 2139 236 2189 ad
274 2148 463 2206 poetae
499 2154 697 2188 morem
732 2139 931 2189 Graeca
966 2136 1128 2187 latina
1168 2137 1537 2187 terminatione
1573 2135 1825 2187 efferendi
1875 2137 2108 2205 propius.
2196 2137 2281 2188 Sic
2335 2136 2428 2188 inf.

164 2209 274 2262 718
329 2206 515 2258 urbem
564 2212 836 2260 Acestam.
918 2210 1136 2256 Onwens
1187 2208 1348 2257 Noct.
1401 2207 1536 2272 Hag.
1583 2224 1637 2273 p.
1684 2207 1788 2260 868
1846 2205 1985 2256 hunc
2030 2205 2202 2258 locum
2248 2206 2430 2257 laudat

163 2287 436 2344 tamquam
472 2276 839 2326 retundentem
874 2274 1101 2343 impetus
1139 2292 1345 2337 eorum,
1381 2275 1468 2344 qui
1521 2274 1712 2342 ubique
1762 2293 1829 2326 ve
1878 2292 1975 2343 pro
2027 2294 2130 2345 que
2176 2276 2429 2336 inferant3

162 2364 291 2398 nam
328 2362 443 2395 esse
479 2345 795 2427 Mgolicpve
840 2344 969 2426 mari
1001 2374 1068 2383 —
1096 2357 1149 2394 et
1198 2345 1344 2395 urbe.
1423 2346 1618 2425 Recte:
1668 2344 1825 2395 modo
1873 2362 1940 2395 ne
1989 2345 2276 2396 contendas
2326 2363 2432 2414 que

166 2431 433 2537 ³2⁸3&
450 2414 1083 2553 ,ᾶξὲἳῗέἲῖἐέὖῗῶῗῖὲ
1119 2413 1261 2534 „52⁰5ss
1274 2430 1398 2547 ‚¹³22
1422 2413 2430 2554 {52³³211325312220.33‘55232‘2322ssss

224 2571 446 2624 ycenae.
496 2555 611 2621 (sed
645 2554 748 2605 vid.
787 2556 851 2617 Q.
888 2555 955 2605 V.
995 2554 1294 2615 XXXHH,
1331 2556 1381 2606 1.
1424 2552 1569 2617 Wr.)
1725 2554 1797 2608 53
1854 2571 1959 2622 que
2005 2553 2155 2604 abest
2208 2572 2239 2604 a
2288 2553 2428 2604 binis
2540 2590 2548 2598 .

165 2627 341 2676 Burm.
412 2643 515 2693 que
550 2642 617 2675 ex
652 2624 845 2676 ordine
878 2625 1011 2675 Ven.
1169 2620 1239 2676 54
1284 2634 1622 2674 strueremve
1674 2623 1793 2673 edd.
1842 2639 1928 2688 ap.
1976 2623 2150 2673 Burm.
2222 2622 2426 2691 (-55.

164 2693 361 2746 Medic.
398 2705 466 2744 σε
499 2695 709 2745 cineres
743 2711 774 2743 a
808 2710 875 2745 m.
913 2709 992 2760 pr.
1033 2720 1100 2730 -
1169 2693 1255 2746 56.
1291 2690 1483 2743 sustuli
1518 2708 1735 2755 comma,
1772 2690 1911 2760 quod
1937 2701 2054 2743 erat
2077 2702 2198 2757 post
2223 2705 2428 2754 menen

167 2763 485 2831 iungendum
520 2781 549 2813 e
585 2763 764 2814 uidem
794 2781 936 2813 reor.
983 2758 1123 2825 lVr.)
1263 2761 1334 2815 57
1378 2760 1545 2812 dilati
1585 2765 1763 2830 Sprot.
1837 2778 2008 2811 aenos
2044 2761 2203 2812 Goth.
2239 2772 2360 2813 tert.
2397 2779 2429 2813 a

166 2851 237 2885 m.
279 2850 363 2902 pr.
514 2832 547 2885 5
631 2844 687 2882 et
735 2833 921 2882 cuncti
968 2831 1174 2881 laetum
1221 2830 1393 2898 vulgg.
1449 2830 1603 2880 codd.
1652 2838 1707 2880 et
1756 2829 1875 2880 edd.
1924 2839 2136 2894 praeter
2184 2830 2318 2882 Pier.
2374 2836 2429 2879 et

165 2901 354 2955 naim.
392 2901 551 2969 (hunc
586 2900 823 2951 ordinem
858 2901 1041 2951 cuncti
1073 2899 1276 2950 laetum
1311 2898 1400 2967 qui
1437 2897 1715 2960 exhibeat,
1773 2898 1969 2949 nullum
2017 2897 2257 2966 equidem
2304 2898 2427 2950 novi

166 2971 436 3035 codicem,
501 2981 713 3039 praeter
760 2968 929 3020 Palat.
981 2968 1085 3020 vid.
1135 2968 1279 3019 Cort.
1329 2967 1398 3018 ad
1444 2968 1638 3019 Lucan.
1689 2969 1778 3030 1V,
1824 2969 1944 3022 778.
2005 2967 2149 3034 Wr.)
2220 2968 2425 3020 laetum

167 3042 386 3094 cunctis
412 3040 550 3091 coni.
583 3039 784 3105 Heius„
816 3038 914 3090 sed
944 3057 992 3090 v.
1032 3040 1160 3091 Not.
1228 3039 1353 3091 Non
1386 3036 1664 3089 iucundum
1697 3037 1794 3089 sed
1841 3046 2045 3105 gratum
2094 3055 2296 3090 sacrum
2346 3036 2427 3089 si-

166 3110 419 3181 gnificare
451 3108 579 3161 vult.

169 3302 332 3362 diem
383 3299 755 3360 habitarunt.
834 3297 1251 3376 deprehensus,
1341 3298 1676 3359 offeruntur
1702 3343 1720 3375 ,
1762 3309 2143 3357 exstruuntur
2181 3301 2246 3357 in
2285 3320 2421 3358 ara.

167 3389 440 3447 sollenne
474 3387 549 3446 de
576 3385 855 3467 procella.
883 3383 1010 3446 vid.
1046 3385 1257 3463 Georg.
1340 3388 1468 3444 suis
1486 3430 1516 3461 1,
1589 3383 1652 3446 h.
1721 3403 1770 3445 e.
1841 3383 2071 3443 debitis.
2159 3385 2235 3444 cf.
2302 3386 2427 3446 Ecl.
2518 3383 2522 3388 ’

169 3474 272 3549 lv,
302 3473 449 3540 421.
494 3492 659 3532 nunc
685 3481 884 3532 tamen
914 3470 1260 3551 simpliciter
1339 3470 1440 3545 111,
1487 3474 1587 3534 62.

173 3559 249 3619 de
284 3579 394 3633 eo,
440 3559 537 3619 cui
563 3558 912 3638 importuna
939 3575 1034 3615 res
1067 3557 1257 3614 alieno
1357 3597 1366 3600 -
1426 3554 1510 3622 55
1558 3575 1645 3633 sq.
1704 3554 1955 3627 Quanto
2006 3554 2189 3633 magis
2242 3576 2427 3629 nunc,

170 3655 445 3724 tempore
471 3643 848 3724 supervenit3
891 3662 1003 3722 pro
1046 3641 1260 3720 vulga-
1347 3661 1487 3700 cum
1527 3650 1638 3700 etc.
1729 3639 1960 3720 (ultre,
2034 3641 2164 3703 vid.
2224 3641 2300 3715 Q.
2355 3643 2427 3703 V.

171 3731 263 3791 ri:
324 3731 375 3789 si
417 3749 695 3790 versarer
758 3729 823 3787 in
886 3727 1265 3807 navigatione
1348 3725 1595 3801 xxvn,
1642 3731 1696 3791 1.
1768 3728 1996 3802 ipsim,
2062 3727 2187 3786 vid.
2235 3728 2310 3802 Q.
2355 3729 2428 3790 V.

172 3825 286 3875 aut
315 3816 381 3874 in
408 3817 536 3875 solo
562 3815 783 3879 hostili.
831 3812 942 3894 (et
981 3835 1043 3871 u.
1083 3817 1257 3891 Myc.
1348 3811 1564 3886 XVIII,
1592 3816 1653 3880 2,
1679 3811 1737 3869 b.
1788 3808 1965 3890 Wr.)
2051 3816 2179 3870 sine
2209 3826 2422 3888 mente,

174 3899 303 3963 vid.
332 3901 400 3962 V.
430 3904 495 3961 L.
548 3898 724 3981 Wr.)
759 3920 1060 3977 panapas,
1109 3899 1265 3957 infe-
1347 3900 1475 3955 sine
1517 3899 1759 3954 numine
1802 3898 2006 3955 divom
2052 3897 2177 3956 sine
2225 3899 2427 3958 consi-

173 3987 297 4047 rias
327 3996 401 4046 ,et
451 3987 786 4066 parentalia
844 3984 919 4043 ab
973 3993 1266 4064 apparatu
1346 3983 1429 4043 lio
1483 4003 1554 4040 ac
1606 3983 1910 4041 voluntate
1966 3982 2236 4045 deorum.
2322 3986 2428 4049 58.

175 4073 450 4133 sacrificii
479 4072 733 4136 sollenni
775 4071 1061 4149 designat.
1116 4066 1262 4149 (vid.
1347 4070 1650 4143 honorem,
1685 4068 1917 4129 easdem
1951 4068 2190 4128 inferias
2214 4070 2279 4128 in
2307 4067 2427 4128 ho-

176 4159 397 4219 Tibull.
457 4159 553 4235 111,
605 4163 658 4233 1,
709 4162 767 4221 8.
820 4157 1018 4234 ibique
1068 4156 1263 4235 Heyn.
1347 4175 1559 4214 norem
1597 4152 1891 4213 Anchisae
1921 4154 2249 4231 faciendas,
2292 4157 2428 4214 Iae-

174 4245 314 4306 Not.
366 4242 543 4329 Wr.)
631 4242 733 4309 54.
780 4243 1068 4320 exquisite
1097 4244 1264 4300 alla-
1349 4254 1511 4316 tum,
1562 4240 1869 4316 alacriter,
1912 4240 2144 4299 lubenti
2188 4260 2259 4299 ac
2311 4260 2427 4320 pa-

173 4335 268 4391 ria
291 4335 601 4403 stmimm,
650 4330 1034 4401 exstruimus,
1066 4329 1259 4386 donis.
1348 4336 1485 4386 rato
1516 4327 1712 4385 animo
1751 4325 2145 4385 celebrandas.
2228 4324 2429 4385 Factis

175 4417 366 4498 Vulgo
397 4419 560 4477 dona
585 4414 648 4476 h.
665 4434 717 4477 e.
738 4433 939 4475 sacrae
962 4433 1076 4490 res,
1114 4432 1267 4491 quae
1348 4412 1576 4474 inferiis
1629 4413 1771 4473 deos
1840 4432 2169 4492 poscamus
2224 4424 2427 4471 ventos
