2882 5028
62 4480 87 4595 1

572 408 1187 484 AENEIDOS
1239 409 1454 485 LIB.
1508 410 1609 505 11,
1665 416 2099 491 439—451
2312 422 2458 495 ³31

164 592 707 671 Dardanidae
740 607 1018 670 contra
1042 595 1281 671 turris
1314 620 1401 670 ac
1430 608 1636 671 tecta
1667 595 2105 674 domorum
2316 606 2471 681 445

172 697 574 775 Culmina
605 698 1103 775 convellunt:
1138 697 1262 774 his
1287 723 1398 796 se,
1431 699 1757 800 quando
1791 701 2070 777 ultima
2106 718 2469 804 cernunt,

168 804 576 879 Extrema
606 801 766 877 iam
796 802 879 876 in
907 815 1172 878 morte
1193 816 1476 903 parant
1510 800 1954 882 defendere
1988 806 2205 901 telis-»3

174 905 1026 1006 Aurumque-trabes,
1074 919 1446 982 veterum
1481 905 1780 983 decora
1823 908 1973 984 alta
2007 924 2464 1010 parentum,

173 1008 706 1103 Devolvunt3
760 1008 886 1085 alii
923 1010 1210 1085 strictis
1239 1009 1991 1088 mucronibusimas

182 1111 640 1190 obsedere
658 1110 933 1206 fores3
990 1112 1129 1188 has
1157 1127 1479 1190 servant
1499 1116 1817 1212 agmine
1855 1115 2129 1194 denso.
2317 1121 2474 1198 45⁰

184 1218 627 1294 Instaurati
665 1217 907 1292 animi
927 1277 949 1314 ,
1001 1217 1207 1315 regis
1236 1241 1702 1304 succurrere
1738 1221 1987 1318 tectis,
2324 1257 2328 1262 ·

337 1424 454 1482 445
502 1444 539 1478 e
584 1438 783 1478 contr-a
824 1444 905 1496 pr.
950 1426 1143 1477 Moret.
1158 1463 1175 1489 ‚
1223 1425 1375 1477 male.
1424 1445 1472 1479 v.
1508 1428 1681 1479 Bnrm.
1752 1440 1942 1480 turres
1992 1441 2048 1480 σε
2090 1425 2295 1496 aliquot
2334 1424 2472 1478 Pier.

201 1509 323 1548 sota
348 1496 644 1548 domorum
669 1505 796 1564 post
818 1495 1009 1547 Medic.
1037 1492 1227 1560 Pierii,
1262 1495 1459 1547 Μαι-οὶ.
1485 1505 1610 1549 tert.
1637 1506 1694 1549 et
1719 1498 1910 1550 Hamb.
1936 1515 2045 1550 sec.
2114 1513 2174 1548 ro
2207 1514 2319 1548 var.
2343 1493 2473 1547 lect.

204 1575 263 1616 et
298 1565 446 1617 idem
488 1581 607 1617 cnm
663 1563 831 1616 altera
867 1564 1099 1616 lectione
1145 1564 1202 1615 in
1251 1563 1511 1617 Servianis
1554 1565 1812 1620 laudatur.
1884 1579 2011 1620 tutu
2100 1603 2113 1617 .
2155 1566 2348 1616 Moret.
2388 1580 2476 1633 qu.

202 1640 339 1687 Sunt
368 1633 548 1686 etviri
580 1633 725 1685 docti
744 1672 760 1697 ‚
794 1635 886 1703 qui
913 1634 1156 1685 Culmine
1185 1633 1400 1702 legunt,
1435 1634 1493 1686 h.
1517 1653 1567 1687 e.
1589 1653 1622 1687 a
1648 1635 1907 1701 culmine,
1957 1644 2018 1688 ut
2041 1652 2093 1686 v.
2134 1637 2257 1697 603,
2296 1634 2393 1686 sed
2425 1651 2474 1684 v.

204 1714 322 1756 not.
465 1702 577 1758 446
609 1704 674 1754 lu·
694 1707 872 1772 sprot.
902 1713 954 1756 et
984 1702 1069 1754 ed.
1099 1705 1234 1754 Ven-
1304 1704 1456 1755 hisce
1478 1716 1609 1774 eeq.
1637 1705 1879 1757 Parthas.
1907 1715 1960 1755 et
1990 1704 2153 1756 Goth.
2180 1713 2304 1754 tert.
2343 1721 2375 1754 a
2404 1719 2474 1753 m.

271 1810 288 1826 .
362 1774 611 1825 Ceterum
645 1789 892 1843 quorsum
918 1772 1254 1840 parenthesis
1296 1772 1401 1824 hoc
1441 1783 1500 1824 et
1543 1790 1691 1842 sequ.
1727 1790 1880 1825 versu
1915 1774 2144 1838 faceret,
2178 1788 2286 1824 non
2321 1770 2479 1824 vide-

346 1862 362 1893 :
413 1845 597 1912 itaque
640 1860 754 1893 eam
812 1841 1017 1893 sustuli.
1064 1842 1300 1911 (Wakef.
1346 1842 1417 1896 ad
1451 1842 1663 1894 Lucret.
1699 1844 1763 1909 ΙΙ,
1808 1843 1927 1897 191.
1960 1842 2180 1910 corrigit
2221 1841 2478 1902 eulmine,

209 1913 354 1982 quod
422 1913 497 1965 sit
561 1907 913 1979 πρυμνόθεν.
966 1914 1052 1966 W
1043 1912 1111 1979 r.)
1248 1910 1355 1967 447
1394 1912 1456 1963 in
1497 1912 1652 1964 abest
1680 1931 1712 1965 a
1753 1929 1939 1980 magna
1994 1911 2250 1963 librorum
2304 1919 2478 1978 parte,

214 1982 391 2051 (etiam
421 1984 490 2034 nb
521 1980 642 2033 Alb.
683 1982 831 2063 Wr.)
867 1991 921 2032 ut
943 1982 1057 2033 fere
1081 1978 1240 2043 alibi3
1275 1981 1373 2032 sed
1407 1991 1490 2032 est
1515 1981 1572 2035 in
1596 1981 1782 2050 fragm.
1808 1981 1977 2034 Vatic.
2013 1991 2067 2032 et
2104 1981 2174 2033 sl.
2219 1980 2396 2050 (etiam
2422 1979 2477 2029 in

213 2053 403 2105 Medic.
435 2064 491 2103 et
522 2049 703 2101 multis
751 2050 887 2103 ahia.
944 2053 1026 2103 W
1020 2051 1087 2119 r.)
1149 2062 1355 2120 parent
1394 2051 1637 2103 Parrhas-
1775 2051 1879 2108 448
1914 2056 2258 2122 Aetolusque
2295 2048 2480 2102 trabes

216 2122 411 2191 ntiqui
434 2120 597 2174 codd.
631 2120 775 2187 apud
798 2117 1021 2173 Pierium
1038 2159 1055 2185 ,
1090 2119 1232 2188 quod
1257 2129 1402 2171 recte
1443 2120 1497 2172 h.
1523 2120 1561 2172 1.
1607 2119 1796 2172 reiicit.
1868 2122 2157 2191 aeriasque
2194 2120 2477 2187 Hamburg.

218 2210 301 2262 pr.
322 2209 421 2262 pro
447 2207 562 2243 var.
589 2189 715 2241 lect.
735 2227 751 2253 ,
786 2190 882 2241 sed
908 2207 956 2242 v.
984 2191 1158 2240 Burm.
1231 2188 1353 2239 alta
1381 2188 1438 2239 in
1464 2189 1671 2242 dnobus
1698 2201 1791 2242 sut
1825 2190 2001 2242 tribus
2049 2189 2275 2258 antiquis
2313 2188 2480 2241 omis-

221 2279 331 2315 sum
354 2261 565 2313 viderat
588 2259 777 2310 Heius.
801 2268 858 2310 et
883 2260 939 2310 in
968 2258 1207 2311 Gudiano
1238 2275 1474 2322 erasum3
1505 2258 1706 2310 Pierius
1737 2269 1915 2311 autem
1938 2258 1996 2310 in
2037 2258 2323 2310 nonnullis:
2378 2259 2480 2310 de-

220 2351 353 2384 cora
374 2333 511 2393 illa3
548 2330 659 2381 hoc
704 2338 761 2379 et
801 2330 985 2397 fragm.
1028 2328 1204 2380 Vatic.
1246 2327 1445 2392 habet,
1494 2329 1756 2396 superseri
1794 2338 1852 2379 to
1891 2329 2038 2390 αἱεας
2085 2328 2226 2398 quod
2265 2326 2481 2380 defendi

225 2401 417 2472 possit,
451 2412 511 2452 et
553 2400 764 2450 decom
802 2399 986 2469 ampla
1035 2398 1119 2449 ed.
1148 2398 1284 2448 Ven.
1356 2398 1453 2449 sed
1485 2399 1688 2450 decora
1784 2410 1846 2449 ta
1884 2415 2060 2449 verum
2101 2416 2216 2449 esse
2235 2437 2251 2463 ,
2293 2398 2379 2449 vel
2416 2414 2481 2448 ex

226 2471 375 2524 statii
399 2468 700 2523 imitatione
745 2485 809 2538 ap
849 2477 965 2520 aret
993 2469 1044 2522 V
1089 2466 1263 2519 Theb.
1307 2466 1429 2522 422.
1470 2467 1593 2523 423.
1662 2467 1815 2521 Addo
1855 2484 1971 2538 sup.
2008 2466 2104 2520 lib.
2149 2469 2191 2534 1,
2227 2466 2333 2525 429
2382 2485 2480 2520 co—

222 2543 433 2594 Inmae
464 2569 536 2580 --
565 2540 754 2592 coenis
838 2557 999 2590 ecoe-u
1037 2537 1158 2589 alea
1189 2534 1430 2607 suturis.
1563 2536 1669 2592 449
1703 2536 1919 2619 fractis
1958 2538 2145 2590 Hamb.
2183 2557 2267 2607 pr.
2338 2554 2484 2588 unae

220 2612 320 2663 duo
341 2630 429 2682 sp.
454 2613 640 2661 Burm.
668 2624 785 2658 cum
813 2608 1015 2675 aliquot
1037 2604 1291 2658 Pierianis
1307 2644 1322 2670 ,
1368 2624 1403 2675 p
1559 2624 1626 2657 uo
1667 2606 1817 2659 ntio.
1954 2607 2062 2663 4250
2108 2605 2368 2659 obsidere
2399 2623 2481 2675 pr.

222 2683 409 2734 Horet-
438 2697 561 2732 cum
589 2679 779 2744 fragm.
809 2676 984 2730 Vatic.
1052 2676 1195 2729 Vide
1228 2676 1295 2727 ad
1336 2677 1410 2734 1v
1504 2692 1650 2744 eorg.
1685 2675 1819 2731 436:
1878 2693 1992 2745 sup.
2032 2676 2155 2741 332,
2193 2687 2249 2727 et
2285 2675 2357 2727 nl.
2405 2674 2483 2742 (in

285 2751 301 2763 “
351 2750 365 2763 ‘
417 2752 493 2800 V.
521 2749 586 2798 L.
614 2747 684 2797 ad
711 2746 821 2797 Ecl.
858 2748 975 2808 Vn,
1020 2749 1069 2799 1.
1126 2745 1272 2811 lVr.)
1343 2762 1486 2815 quas
1524 2758 1750 2797 servant
1789 2746 2000 2812 Mensg.
2040 2763 2121 2814 pr.
2194 2755 2485 2797 asser-vam

303 2820 318 2832 ‘
398 2835 535 2870 unus
566 2835 601 2868 a
627 2834 700 2867 m.
739 2834 823 2884 pr.
891 2816 1192 2867 adservant
1229 2813 1288 2865 in
1321 2814 1601 2866 Servianis.
1673 2813 1868 2866 ordine
1907 2815 2074 2884 longo
2113 2814 2316 2882 Bigot„
2366 2830 2485 2864 me-

237 2887 424 2939 moriae
449 2889 602 2957 ἱερου
623 2924 641 2949 ,
675 2903 742 2935 ex
770 2885 888 2937 aliis
914 2884 1064 2937 locis.
1202 2885 1303 2939 451
1342 2885 1541 2935 animis
1568 2901 1648 2950 pr.
1681 2884 1875 2939 Moret.
1912 2883 2173 2935 Montalb.
2208 2900 2315 2935 sec.
2344 2884 2486 2933 Rot-

240 2956 381 3008 tend.
412 2968 467 3008 et
488 2957 648 3009 Witt.
684 2955 866 3024 (etiam
891 2954 945 3006 in
970 2954 1090 3006 Alb.
1138 2954 1282 3021 Wr.)
1352 2954 1406 3004 N
1408 2970 1470 3003 ec
1514 2951 1791 3019 displicet,
1841 2961 1901 3003 ut
1944 2971 2265 3005 succurrere
2305 2951 2486 3002 infini-

239 3026 376 3078 tivus
404 3026 680 3078 historicus
708 3025 796 3076 sit.
862 3024 1144 3093 vulgatam
1168 3022 1322 3075 etium
1348 3023 1535 3092 fragm.
1557 3021 1731 3077 Vatic.
1757 3020 1931 3073 habet
1962 3031 2017 3073 et
2056 3022 2315 3091 Pompon.
2361 3022 2484 3074 Sub.

235 3106 620 3166 mterpretatns.

232 3257 606 3334 ωὲεοίρσεοε
632 3253 723 3312 ad
751 3256 874 3313 tela
906 3255 1162 3331 protecti
1178 3296 1211 3328 ‚.
1240 3261 1314 3312 ut
1385 3261 1504 3313 tur
1532 3260 1731 3310 autem
1758 3250 1836 3310 de
1872 3269 1994 3309 uns
2030 3250 2247 3311 Priami
2277 3250 2489 3311 domo:

230 3340 516 3401 adversus
544 3339 668 3401 tela
687 3357 942 3420 superne
964 3339 1137 3398 missa
1163 3359 1315 3418 pro-
1399 3338 1497 3397 cui
1521 3336 2090 3417 magnificentiorem
2105 3338 2357 3417 speciem
2375 3337 2488 3396 sd—

226 3437 494 3507 tuga-ent
520 3446 607 3487 se.
689 3423 963 3505 (protecti
1001 3426 1310 3502 clipeis,
1396 3423 1567 3500 iecit,
1629 3443 1810 3502 quam
1851 3441 2006 3502 quae
2048 3423 2214 3503 apud
2258 3422 2490 3482 Homo-

230 3532 376 3592 qnse
401 3523 497 3573 est
536 3511 787 3571 Graecis
826 3511 1017 3591 poetis
1052 3531 1176 3569 non
1213 3510 1317 3568 in·-
1397 3529 1540 3570 rum
1564 3519 1715 3568 erat.
1760 3508 1882 3590 (his
1910 3510 2046 3567 telis
2064 3554 2082 3586 ‚
2128 3528 2199 3570 eo
2230 3510 2493 3570 telorum

231 3600 395 3659 solita
420 3599 587 3660 ratio
630 3597 946 3656 adiiciendi
985 3594 1318 3677 participis.
1400 3613 1642 3677 genere3
1682 3594 1811 3655 vid.
1842 3594 1920 3668 Q.
1948 3595 2019 3655 V.
2049 3597 2189 3667 XX,
2220 3599 2280 3660 8.
2317 3592 2491 3676 Wr.)

230 3685 359 3745 vid.
384 3684 580 3767 Soph.
618 3684 816 3763 Antig.
857 3687 960 3749 23.
1048 3682 1317 3742 Adscen-
1402 3676 1549 3748 449.
1598 3679 1897 3740 Videntur
1942 3678 2006 3740 hi
2049 3682 2279 3741 stetisse
2330 3681 2530 3740 intra.

230 3770 438 3832 dentes
478 3778 772 3853 prensant
817 3768 1081 3848 fastigia,
1146 3777 1221 3827 ut
1252 3767 1318 3826 in
1403 3768 1583 3826 fores.
1640 3766 1714 3825 cf.
1750 3766 1859 3826 ins.
1896 3764 2043 3830 484.
2081 3765 2228 3833 485.
2286 3766 2389 3848 (de
2428 3766 2496 3827 vi

228 3859 468 3918 culmen
497 3857 787 3917 evadant.
836 3856 941 3915 W
932 3852 1061 3936 ch.)
1403 3851 1775 3931 pronominis
1802 3852 1919 3911 has
1955 3852 2081 3912 vid.
2118 3853 2193 3928 Q.
2241 3853 2313 3914 V.
2352 3853 2494 3929 XX,

312 3943 459 4008 445.
511 3945 799 4005 cadmina
814 3940 1125 3998 domorum
1139 3952 1316 4015 tecta,
1407 3946 1452 4006 2
1483 3946 1641 3996 extr.
1688 3938 1793 3997 W
1783 3935 1866 4020 r.)

234 4029 406 4089 docte
441 4051 559 4112 pro
598 4030 736 4109 ipso
793 4034 953 4085 tecto
992 4025 1179 4104 iisque
1220 4044 1322 4084 re-
1498 4022 1642 4088 451.
1686 4023 1820 4082 Hoc
1839 4024 1970 4103 ipso
1988 4044 2192 4085 rerum
2209 4022 2498 4102 adspectu

228 4115 342 4175 bus
358 4162 376 4191 ‚
467 4115 692 4196 quibus
766 4112 1038 4193 superior
1111 4112 1327 4172 domus
1409 4118 1772 4169 renovatum
1818 4113 1883 4168 in
1920 4113 2130 4169 Aenea
2185 4109 2496 4169 consilium

227 4223 368 4283 pars
394 4203 621 4284 tegitur
640 4246 659 4277 ‚
704 4198 771 4258 h.
802 4218 855 4259 e.
882 4197 1112 4277 tegulis.
1172 4210 1327 4256 tecta
1413 4217 1486 4255 sc
1524 4196 1932 4277 propositum,
1989 4194 2156 4274 quod
2201 4195 2320 4255 iam
2367 4194 2499 4274 pri-

223 4292 563 4368 penettalia
594 4286 819 4348 eodem
854 4284 1035 4344 modo
1052 4284 1087 4343 ·1
1112 4284 1331 4362 Georg.
1412 4281 1556 4342 dem
1583 4293 1856 4364 ceperat,
1897 4279 2010 4363 (v.-
2030 4279 2157 4346 815
2191 4300 2499 4341 concum-

228 4380 366 4442 379.
409 4378 615 4438 Etiam
643 4386 840 4432 cums
867 4391 979 4450 pro
1003 4369 1211 4430 eodem
1236 4362 1331 4428 te-
1410 4388 1476 4428 re
1502 4371 1569 4428 in
1597 4366 1858 4452 amem),
1909 4377 1980 4427 ut
2001 4367 2193 4448 regiae
2227 4363 2501 4426 Priamo-

224 4473 321 4527 cto
350 4464 535 4543 dicit,
584 4460 741 4543 quia
777 4457 964 4517 altum
994 4465 1102 4516 est.
1190 4454 1333 4536 Agi-
1417 4474 1535 4534 quo
1561 4448 1958 4519 succurreret.
