2882 5028
489 368 644 442 586
1101 355 2148 433 EXCURSUSI

490 570 698 614 rerum
725 550 1215 630 interpolatorem
1258 547 1419 610 inter
1474 548 1726 610 seriores
1768 547 2031 607 Graecos
2073 546 2341 608 extitisse
2381 566 2617 607 necesse
2662 559 2778 621 est,

490 639 602 699 sub
649 636 898 715 Siqyphi
955 637 1065 695 C'os’
1107 635 1381 712 nomine3
1424 656 1503 695 ex
1546 655 1666 715 quo
1709 635 1901 694 multa
1944 633 2185 732 petiisse
2230 633 2478 696 videtur
2502 634 2584 696 Io.
2615 635 2759 696 Μι-

493 725 652 783 lelas.
738 721 940 782 Alium
982 723 1400 796 Idomeneum,
1459 720 1572 803 (ita
1630 721 1790 780 enim
1832 719 2070 780 mentiti
2111 728 2259 780 sunt
2298 721 2542 780 nomina
2586 723 2761 783 anti-

492 828 752 888 quorum
794 808 1080 884 heroum,
1148 827 1258 868 nec
1318 808 1395 869 de
1457 808 1774 868 Idomeneo
1834 804 2194 910 philosopho
2250 826 2284 864 e
2341 806 2561 867 Schola
2605 809 2764 903 Epi-

492 895 623 955 curi
666 893 1051 974 cogitandum
1100 913 1223 953 esse
1267 891 1445 975 puto)
1509 893 1613 972 qui
1657 892 1724 957 ἐν
1765 888 1986 977 πρώτῳ
2040 896 2335 974 Τρωϊκων
2371 893 2680 954 excitatur
2723 912 2764 952 a
2801 945 2804 948 ,

501 980 702 1040 Schol.
758 980 1062 1059 Apollonii
1124 985 1261 1060 Arg.
1319 980 1364 1055 Ι,
1429 984 1576 1044 916
1636 978 1711 1037 de
1770 978 2006 1037 Electra
2047 977 2340 1054 Dardani,
2389 979 2656 1039 Eetionis
2697 989 2763 1038 et

486 1067 856 1127 Harmoniae
911 1076 1123 1125 matre.
1222 1066 1475 1130 Videtur
1530 1064 1632 1124 ille
1688 1063 2065 1125 Hellanicum
2121 1082 2246 1123 esse
2303 1074 2631 1143 sequutus,
2697 1074 2763 1124 et

493 1173 631 1212 eum
673 1154 833 1212 forte
888 1161 1196 1211 auctorem
1242 1152 1462 1212 habuit
1501 1152 1753 1211 Nonnus
1794 1150 2037 1230 Dionys.
2081 1149 2180 1224 111,
2229 1152 2368 1216 115.
2422 1156 2562 1215 132.
2608 1150 2762 1215 274.

492 1239 598 1300 ubi
639 1239 852 1298 similia
892 1247 1245 1298 narrantur.
1329 1237 1413 1299 At
1455 1240 1707 1299 Daretis
1761 1237 2026 1314 Phrygii
2081 1235 2157 1294 de
2199 1235 2435 1295 excidio
2486 1236 2764 1296 Troiano

492 1324 730 1384 libellus
772 1323 942 1384 haud
984 1324 1166 1383 dubie
1211 1324 1487 1404 ineptum
1523 1322 1779 1401 aliquem
1822 1321 2167 1402 sophistam
2207 1320 2392 1381 habet
2442 1331 2765 1394 auctorem

500 1420 565 1470 et
608 1410 1060 1470 declamationis
1118 1410 1319 1490 potius
1358 1429 1544 1488 genus
1591 1408 1940 1484 constituit,
1995 1427 2117 1486 quo
2162 1418 2482 1487 poetarum
2522 1409 2764 1468 fabulas

493 1498 559 1555 in
606 1495 896 1556 historiae
938 1497 1336 1577 pragmaticae
1361 1497 1619 1555 formam
1664 1493 1981 1553 deflectere
2007 1494 2383 1573 propositum
2423 1503 2532 1553 est.
2592 1493 2765 1553 cha-

490 1591 753 1642 racteres
792 1581 1081 1656 heroum,
1130 1602 1280 1661 quos
1323 1581 1621 1656 intexuit,
1665 1589 1809 1640 sunt
1855 1599 1932 1638 ex
1975 1584 2232 1659 μελετων
2270 1598 2505 1658 genere,
2547 1582 2763 1640 cuius-

490 1667 657 1728 modi
698 1669 919 1748 passim
961 1667 1105 1727 alibi
1147 1677 1502 1729 occurrunt.
1585 1668 1680 1726 Ex
1723 1666 1936 1745 Dictye
1977 1664 2214 1744 repefiit
2255 1669 2441 1724 Isaac
2468 1666 2763 1768 Porphy-

489 1767 791 1833 rogennet.
829 1774 887 1834 Ρ.
916 1752 1041 1820 804
1072 1774 1199 1832 sqq.
1245 1755 1307 1813 in
1336 1753 1477 1837 περὶ
1523 1776 1650 1815 των
1678 1751 2208 1829 καταλειφθέντων
2251 1747 2374 1814 tino
2418 1755 2530 1815 τοῦ
2558 1745 2761 1832 Ὁμή-

498 1863 652 1920 pov:
698 1859 851 1918 quae
893 1849 1040 1899 sunt
1082 1839 1529 1900 Posthomerica
1571 1837 1873 1898 rhetorice
1916 1836 2224 1916 exposita3
2267 1837 2430 1896 edita
2471 1837 2536 1896 in
2585 1837 2761 1896 Alla-

497 1926 563 1985 tii
611 1927 931 2003 Exn-erpa}
975 1929 1163 1984 variis
1208 1919 1582 2006 (Ro.1641,
1624 1923 1695 2006 8)
1741 1944 1800 2005 Ρ.
1847 1925 1993 1989 259.
2080 1922 2360 1983 Eiusdem
2414 1931 2564 1981 sunt
2609 1923 2758 1982 cha-

491 2019 755 2070 racteres
798 2012 1168 2072 Graecorum
1221 2020 1284 2070 et
1326 2012 1769 2085 Romanorum,
1817 2030 1967 2088 quos
2009 2009 2360 2112 Rutgersius
2396 2008 2592 2067 edidit
2618 2010 2759 2069 Var-

492 2097 650 2156 Lect.
695 2095 767 2171 V,
828 2101 930 2160 20.
1016 2096 1282 2156 Melioris
1334 2105 1517 2156 notae
1571 2106 1662 2155 est
1705 2054 2108 2174 fragmentum
2165 2118 2289 2157 των
2343 2100 2640 2173 Τρωίκαίν
2681 2115 2762 2153 ex

495 2183 642 2242 Cod.
685 2182 886 2242 XXIV
935 2182 1352 2244 Bibliothecae
1406 2181 1771 2264 Uffenbach.
1819 2182 1882 2241 P.
1920 2181 1994 2256 ΙΙ,
2036 2201 2095 2260 Ρ.
2145 2183 2538 2255 655-686,
2590 2181 2761 2260 quod

495 2266 959 2331 Antehomerica
1027 2270 1452 2350 complectitur
1511 2268 1821 2346 multaque
1889 2264 2077 2326 habet
2134 2285 2288 2345 quae
2343 2285 2482 2325 cum
2535 2268 2759 2329 Tacta

494 2355 880 2414 conveniunt.

662 2438 858 2499 Fuere
906 2438 1087 2499 etiam
1140 2439 1283 2499 olim
1334 2435 1580 2521 Τρωϊκὰ
1620 2435 2014 2517 Palae-phata
2050 2436 2313 2511 tributa,
2358 2437 2466 2497 sed
2502 2437 2756 2499 iunioris

495 2526 917 2602 Grammatici‚
995 2525 1263 2586 eiusdem
1319 2526 1480 2585 forte
1536 2525 1826 2599 nominis,
1879 2525 2054 2584 setus.
2121 2544 2183 2584 v.
2224 2523 2442 2584 Suidas
2484 2523 2549 2585 h.
2598 2547 2657 2585 v.
2697 2535 2752 2582 et

496 2613 664 2672 Voss.
709 2612 785 2673 H.
830 2613 936 2673 Gr.
983 2613 1064 2673 111
1104 2612 1168 2672 h.
1214 2632 1277 2672 v.
1366 2612 1459 2670 Ex
1500 2610 1572 2671 iis
1628 2611 2015 2692 depromtum
2070 2629 2195 2669 esse
2241 2610 2519 2687 videtur,
2592 2610 2752 2690 quod

493 2700 771 2759 Servium
817 2696 1065 2759 laudare
1107 2697 1285 2760 video
1333 2697 1413 2757 ad
1455 2698 1559 2757 lib.
1602 2698 1704 2774 ΙΙΙ,
1748 2701 1788 2761 8
1837 2697 2152 2775 „quamvis
2180 2696 2586 2776 Palaephatus
2631 2707 2754 2757 tra-

494 2786 672 2861 ‚,dat,
716 2796 892 2864 capto
936 2786 1047 2845 Ilio
1094 2783 1359 2845 Aeneam
1401 2792 1542 2864 post
1600 2783 1930 2844 triennium
1996 2782 2319 2861 navigasse.
2337 2786 2375 2817 “
2461 2783 2637 2844 Idem
2684 2783 2761 2842 de

493 2871 651 2930 Anio
692 2890 830 2951 rege
872 2881 935 2930 et
993 2870 1304 2931 sacerdote
1365 2878 1601 2949 egerat,
1644 2890 1704 2930 v.
1751 2867 2009 2929 eundem
2070 2867 2150 2927 ad
2193 2869 2302 2943 111,
2347 2872 2481 2945 80,
2528 2871 2764 2929 scilicet

493 2957 826 3017 secundum
870 2957 1288 3035 antiquiores,
1333 2976 1486 3035 quos
1521 2954 1932 3035 exscripserat.
2031 2954 2128 3013 Ad
2176 2973 2314 3014 eum
2356 2955 2521 3015 loan.
2567 2955 2764 3016 Male-

491 3043 585 3100 lae
628 3061 867 3120 quoque
907 3042 1110 3101 locum
1153 3044 1347 3102 refero
1377 3041 1988 3121 Chronogr.p.101..
2056 3041 2271 3100 Troica
2297 3039 2565 3100 Abarnis
2596 3041 2761 3122 apud

494 3128 774 3187 Servium
821 3125 901 3185 ad
943 3127 1089 3186 Aen.
1130 3128 1240 3203 IX,
1284 3129 1411 3194 264
1459 3135 1789 3188 memorata
1836 3126 2036 3187 video.
2120 3124 2216 3185 Ex
2267 3126 2362 3185 his
2412 3147 2485 3185 ac
2538 3128 2757 3187 simili-

491 3213 639 3289 bus,
682 3212 785 3290 qui
826 3221 1095 3287 veteres,
1139 3232 1288 3291 quas
1329 3215 1680 3289 narrabant,
1722 3211 2005 3272 historias
2045 3212 2227 3273 simul
2266 3214 2758 3293 interpretaban-

492 3307 598 3357 tur
617 3343 633 3373 ,
687 3298 936 3358 fluxisse
994 3255 1283 3358 videntur
1344 3299 1607 3360 absurda
1666 3306 2035 3375 commenta,
2096 3299 2313 3378 quibua
2348 3302 2756 3359 contaminata

495 3393 589 3443 est
625 3384 870 3444 Troiani
914 3383 1134 3443 excidii
1172 3384 1440 3445 Historia
1482 3386 1546 3445 in
1591 3386 1839 3445 Malela
1857 3429 1877 3459 ‚
1943 3385 2236 3461 Cedreno,
2298 3386 2458 3444 sorte
2520 3395 2590 3445 et
2629 3386 2758 3446 aliis

496 3471 803 3531 Graeculis
817 3514 835 3547 ,
895 3472 1001 3549 qui
1058 3490 1136 3529 ex
1195 3471 1560 3532 telesmatica
1612 3480 1675 3530 et
1715 3471 2029 3550 astrologia
2075 3471 2270 3530 multa
2309 3470 2590 3532 intexere
2630 3472 2762 3533 ausi

494 3566 675 3633 sunt,
718 3577 780 3618 v.
825 3576 875 3616 c.
922 3556 997 3615 de
1039 3556 1305 3617 Palladio
1348 3569 1484 3633 etc„
1530 3557 1639 3616 alia
1684 3567 1882 3617 autem
1931 3558 2240 3637 allegorice
2285 3576 2632 3638 exponere,
2693 3569 2763 3619 ut

496 3640 686 3721 ipsius
752 3644 1000 3701 Tzetzae
1057 3642 1371 3724 allegoriae
1434 3644 1786 3704 Homericae
1835 3642 1900 3702 in
1964 3642 2341 3704 bibliothecis
2396 3655 2768 3721 servant-1113

496 3747 755 3806 quarum
811 3727 1023 3787 similia
1083 3732 1274 3790 multa
1329 3730 1396 3790 in
1455 3729 1824 3790 Chiliadibus
1886 3730 2184 3810 apposuit.
2267 3730 2407 3789 Non
2449 3749 2526 3789 eo
2574 3750 2768 3810 usque

497 3812 781 3873 audaciae
829 3824 975 3874 sunt
1015 3815 1340 3896 progressi,
1383 3816 1492 3876 sed
1532 3816 1695 3876 intra
1741 3815 1964 3895 Dictyis
2005 3818 2128 3876 fere
2185 3824 2251 3875 et
2301 3816 2540 3876 Daretis
2588 3838 2770 3878 oon-

497 3908 696 3959 menta
739 3898 1141 3961 substiterunt
1183 3903 1505 3983 scriptores
1541 3902 1850 3962 deterioris
1883 3902 2013 3962 aevi
2054 3901 2248 3979 latini,
2291 3910 2365 3962 ut
2391 3903 2770 3977 Εἱὶιιωιώιε,

498 3992 561 4044 et
615 3985 720 4064 qui
775 4004 913 4044 eum
955 3988 1254 4068 excerpsit
1268 4033 1284 4063 ,
1352 3991 1708 4050 Vincentius
1754 3988 2207 4049 Bellovacensis
2248 3987 2483 4068 Specul.
2533 3988 2770 4050 Hister.

497 4070 600 4131 lib.
646 4070 744 4148 ΙΙΙ,
793 4074 895 4145 62,
938 4070 1082 4132 item
1128 4076 1335 4134 Guido
1377 4076 1453 4133 de
1505 4075 1800 4134 Columna
1857 4074 1921 4133 in
1979 4074 2247 4134 Historia
2291 4075 2561 4134 Troiana
2603 4076 2774 4136 eima

502 4160 671 4223 1287
711 4155 930 4238 scripta
974 4166 1038 4218 et
1084 4159 1252 4224 1477
1299 4159 1491 4235 edita;
1528 4180 1682 4240 quae
1725 4160 1777 4219 si
1818 4161 1952 4238 quis
1994 4181 2116 4220 non
2161 4161 2539 4236 meminerit,
2599 4162 2776 4224 unde

500 4242 686 4304 ducta
740 4245 892 4318 sint,
949 4264 1073 4304 nou
1118 4266 1331 4327 parum
1374 4244 1655 4324 haereat,
1709 4244 1759 4305 si
1801 4255 1896 4306 tot
1935 4246 2239 4307 inauditas
2279 4268 2375 4306 res
2419 4266 2454 4305 a
2501 4247 2780 4329 scripto-

497 4329 668 4391 ribus
695 4349 1073 4477 {xpel-iorum
1114 4332 1489 4393 saeculorum
1521 4332 1678 4394 sub
1661 4353 1789 4413 ipsa
1829 4332 2170 4394 litterarum
2212 4333 2586 4395 incunabula
2611 4355 2780 4395 nar-

497 4416 619 4476 rari
666 4436 725 4477 vn
772 4435 840 4475 ea
