2882 5028
388 382 543 457 406
926 371 1838 448 EXCURSUS
1942 374 2130 449 IV*

391 568 615 642 fuerit,
669 565 912 624 aliunde
952 586 1080 625 non
1129 563 1356 642 liquet,
1438 562 1557 623 nisi
1589 562 1757 643 quod
1801 583 1838 622 e
1877 564 2174 624 Pausania
2218 564 2258 624 l.
2297 583 2351 625 c.
2392 575 2658 643 apparet,

391 657 510 715 iam
541 654 606 713 in
639 653 864 732 Cyprio
902 651 1168 711 carmine
1193 647 1416 709 lectum
1449 648 1662 726 fuisse,
1704 649 1872 728 quod
1897 649 2250 710 Palamedes
2295 660 2660 710 tesserarum

393 740 611 802 ludum
640 737 1025 817 excogitarit,
1068 745 1131 795 et
1171 734 1355 815 quod,
1407 755 1549 796 cum
1589 736 1883 817 piscatum
1922 737 2116 813 iisset,
2156 736 2385 816 Ulyssis
2421 746 2484 796 et
2515 738 2662 796 Dio-—

394 826 585 887 medis
632 825 847 884 fraude
888 824 955 884 in
984 822 1151 901 aquis
1208 821 1517 884 demersus
1561 821 1862 883 interiisse
1911 822 2116 883 dictus
2151 822 2260 882 sit:
2336 841 2371 881 e
2413 824 2665 883 seriori-

394 914 511 973 bus
551 920 755 970 tamen
797 909 1222 991 scriptoribus,
1265 908 1313 967 si
1354 917 1692 968 commenta
1734 928 1946 968 eorum
1986 908 2349 982 detraxeris,
2392 909 2538 968 satis
2563 931 2666 968 aa-

397 998 564 1076 sequi
613 1017 932 1077 possumus
948 1041 966 1073 ,
1030 995 1100 1054 in
1136 994 1243 1054 illo
1285 994 1550 1054 carmine
1586 995 1725 1055 odia
1771 994 1937 1054 inter
1976 995 2250 1075 Ulyssem
2290 1003 2351 1053 et
2389 995 2665 1055 Palame-

399 1084 538 1145 dem
594 1084 847 1162 agitata,
902 1082 1267 1160 insidiasque
1306 1079 1450 1141 huic
1491 1081 1569 1140 ab
1604 1081 1724 1140 isto
1776 1082 2001 1159 factas,
2058 1090 2192 1141 tum
2234 1081 2444 1141 sollers
2487 1082 2666 1141 Pala·
2718 1125 2722 1129 -

396 1169 588 1232 medis
636 1169 941 1249 ingenium
1008 1177 1072 1229 et
1132 1187 1428 1227 summam
1477 1186 1556 1226 ex
1601 1186 1811 1228 rerum
1859 1187 1979 1228 usu
2038 1167 2422 1248 prudentiam
2482 1168 2666 1228 fuisse

400 1256 842 1317 adumbratam.
939 1253 1065 1313 Nec
1099 1253 1322 1314 mirum
1367 1252 1519 1314 adeo
1565 1252 1631 1313 in
1671 1252 1991 1313 rhetoricis
2045 1253 2287 1333 scriptis
2333 1251 2490 1314 nihil
2545 1256 2665 1314 tri-

408 1343 531 1403 tius
573 1361 698 1402 esse
741 1340 1072 1401 Palamedis
1113 1337 1492 1418 integritate,
1544 1338 1773 1401 iniusta
1817 1358 1994 1414 nece,
2051 1348 2115 1399 et
2154 1339 2379 1418 Ulysnis
2420 1339 2667 1400 fraude:
2702 1347 2712 1368 ⁶

399 1449 465 1490 v.
507 1449 559 1487 c.
605 1428 784 1491 Dion.
826 1425 1040 1508 Chrys.
1083 1425 1192 1485 Or.
1237 1425 1401 1500 xm,
1439 1446 1502 1505 p.
1548 1424 1676 1490 428
1719 1425 1814 1486 ed.
1845 1425 2047 1485 Reisk.
2090 1426 2197 1486 Or.
2222 1425 2376 1502 LIX,
2419 1446 2479 1505 p.
2519 1429 2668 1491 860.

401 1515 764 1575 Involarunt
805 1523 948 1595 post
985 1511 1141 1573 haec
1179 1511 1245 1570 in
1289 1520 1711 1590 argumentum
1754 1511 1984 1591 Tragici
2021 1510 2346 1592 Sophocles
2389 1520 2449 1570 et
2487 1511 2668 1571 Euri-

399 1599 606 1682 pides,
648 1600 746 1659 ille
789 1597 1033 1679 quidem
1082 1618 1208 1658 non
1255 1596 1440 1657 modo
1484 1597 1689 1658 fabula
1736 1596 2079 1672 Palamede,
2122 1617 2366 1671 verum,
2418 1607 2494 1658 ιιι
2517 1618 2670 1677 pro-

399 1686 607 1747 babile·
638 1684 746 1763 fit,
788 1705 902 1745 nec
942 1687 1144 1745 mium
1183 1685 1250 1743 in
1292 1682 1522 1763 duplici
1564 1683 1857 1763 Nauplio,
1895 1683 2004 1743 sed
2045 1684 2242 1743 ιιιιιΙιο
2283 1683 2505 1743 clarior
2551 1683 2670 1743 fuit

399 1771 762 1833 Palamedes
788 1770 1126 1851 Euripidis,
1185 1770 1359 1831 cuim
1390 1771 1731 1876 fragmenta
1772 1770 2066 1831 nonnulla
2105 1766 2429 1845 habemus,
2499 1779 2564 1828 et
2605 1770 2669 1829 in

401 1857 499 1919 his
539 1857 916 1918 notissimum
947 1856 1133 1918 illud·
1172 1848 1426 1931 lucius-H,
1471 1850 1712 1919 ἐκάνετι
1753 1852 1869 1918 τᾶν
1910 1850 2262 1934 πάνσοφον,
2310 1880 2360 1917 ω
2406 1855 2670 1933 Δαναοὶ,

408 1941 526 2007 τᾶν
569 1937 782 2007 ουὸέν’
846 1936 1233 2024 ἆλὶύνουσαν
1284 1900 1547 2021 ’Amlo'voe
1605 1945 1896 2004 Μουσᾶν.
1984 1943 2151 2002 Neci
2202 1941 2491 2014 dedistis,
2555 1942 2667 2015 ab,

403 2032 541 2090 neci
582 2029 1039 2104 doctissimam,
1098 2030 1360 2102 Danai,
1437 2030 1842 2102 innocentem,
1904 2029 2238 2103 musicam,
2302 2028 2669 2099 lusciniam,-

407 2114 575 2194 quod
637 2114 700 2174 in
758 2116 1069 2173 Socratem
1126 2133 1372 2174 versum
1417 2122 1509 2170 est
1550 2133 1583 2170 a
1628 2113 2102 2192 spectatoribus,
2159 2133 2300 2172 cum
2361 2122 2503 2190 post
2547 2113 2675 2172 eius

405 2220 612 2261 necem
659 2198 724 2259 in
768 2219 1006 2260 scenam
1047 2207 1331 2260 revocata
1372 2197 1583 2258 suisset
1623 2199 1725 2257 illa
1767 2199 1967 2259 fabula
2014 2197 2147 2279 (ιη’
2129 2220 2192 2257 ιιι
2218 2198 2427 2276 fragm.
2464 2200 2676 2280 Eur-ip.

406 2296 472 2346 et
512 2286 580 2345 in
625 2286 890 2344 Distribe
933 2283 1154 2367 Valk.).
1239 2283 1562 2344 intellectu
1615 2281 1783 2344 haud
1827 2284 2072 2345 difficile
2114 2293 2237 2359 est,
2295 2285 2680 2344 Palamedem

406 2391 487 2431 ex
540 2373 909 2450 tragicorum
966 2370 1214 2432 invento
1275 2369 1625 2431 sustinuisse
1678 2390 1996 2450 personam
2052 2370 2234 2430 modo
2294 2371 2680 2450 imperatoris

406 2457 667 2519 sollertis
711 2466 781 2517 et
815 2456 1079 2534 strenui,
1135 2455 1315 2516 iuxta
1371 2456 1564 2537 posita
1606 2454 2067 2537 Agamemnonis
2110 2457 2388 2536 superbia
2448 2466 2512 2516 et
2565 2479 2680 2518 cu—

408 2543 696 2626 piditate,
742 2541 830 2625 (v.
880 2544 1050 2603 Plato
1095 2543 1171 2602 de
1213 2543 1362 2622 Rep.
1406 2541 1536 2618 vn,
1580 2562 1640 2622 Ρ
1687 2546 1815 2609 522
1840 2543 1917 2622 D)
1958 2543 2140 2602 modo
2170 2544 2288 2603 viri
2314 2544 2479 2619 iusti,
2522 2564 2682 2603 con·

406 2630 657 2705 stantis,
718 2629 1031 2729 sapientis,
1106 2647 1285 2708 quem
1332 2628 1493 2688 cives
1542 2628 1751 2688 iniusti
1811 2640 1874 2689 et
1924 2629 2144 2709 ingrati
2198 2649 2311 2709 pro
2370 2629 2681 2689 beneficiis

410 2715 671 2797 acceptis
715 2715 940 2776 iniuria
977 2724 1039 2776 et
1076 2714 1489 2775 maledicentia
1539 2724 1912 2793 persequunt
1888 2736 2005 2776 tur.
2093 2714 2192 2775 Ad
2233 2715 2412 2774 talem
2459 2736 2681 2796 perso-

409 2823 551 2863 nam
613 2801 885 2861 alludere
938 2810 1091 2883 puto
1149 2798 1619 2881 Xenophontem
1679 2800 1756 2861 de
1821 2810 2023 2861 venat.
2077 2802 2213 2877 1,1
2230 2806 2286 2877 1,
2347 2801 2456 2861 ubi
2497 2802 2681 2876 ultio,

410 2909 567 2967 quae
607 2888 664 2948 ei
703 2908 739 2945 a
797 2887 911 2947 diis
954 2886 1270 2966 contigisse
1312 2886 1573 2962 dicitur,
1616 2886 1863 2967 respicit
1903 2846 2146 2967 Nauplii
2187 2887 2466 2947 consilia.
2521 2907 2683 2966 quae

412 2975 684 3055 exposita
726 2973 961 3034 videbis
1001 2994 1070 3037 v.
1111 2993 1166 3033 c.
1210 2972 1378 3055 apud
1417 2970 1617 3032 Schol.
1659 2972 1957 3055 Lycophr.
1989 2973 2135 3038 384.
2192 2973 2362 3033 Conf.
2392 2972 2682 3054 Xenopb.

409 3061 588 3121 Mem.
638 3063 700 3119 S.
740 3059 844 3134 IV,
887 3064 948 3134 2,
1007 3063 1116 3123 33.
1173 3058 1347 3139 Apol.
1391 3060 1558 3119 Soet.
1616 3080 1661 3118 s.
1709 3063 1814 3124 26.
1897 3060 2034 3119 Pari
2086 3058 2270 3119 modo
2323 3059 2569 3140 Ulysses
2614 3061 2683 3119 in

412 3146 681 3224 Tragicis
723 3164 1040 3224 personam
1079 3143 1290 3203 induit
1330 3143 1636 3223 demagogi
1664 3144 2010 3223 perniciosis
2053 3146 2280 3205 artibus
2320 3146 2684 3226 popularem

413 3252 632 3291 auram
676 3231 994 3311 captantis.
1079 3226 1479 3309 Amphionem
1521 3230 1586 3290 in
1627 3230 1887 3311 Antiope
1927 3232 2243 3311 Euripides
2295 3232 2363 3290 in
2400 3230 2683 3312 philoso-

411 3315 609 3416 phum
663 3315 880 3376 studiis
940 3322 1001 3373 et
1058 3315 1187 3374 otio
1228 3315 1525 3375 litterario
1574 3316 1917 3394 addictum,
1966 3317 2369 3398 Hippolytum
2409 3317 2575 3379 idem
2613 3320 2680 3378 in

416 3403 751 3482 sapientem
790 3399 1238 3482 Pythagoreum
1278 3402 1837 3465 transformaverat.

586 3571 735 3632 Inde
776 3570 1094 3653 sophistae
1135 3571 1467 3633 Palamedis
1508 3593 1780 3633 caussam
1824 3575 1901 3633 ab
1929 3574 2136 3653 Ulyssc
2179 3572 2539 3653 proditionis
2576 3595 2685 3635 ao-

416 3659 609 3718 cuaati
626 3703 648 3735 ,
684 3658 905 3738 ingenii
931 3659 1306 3735 ostentandi,
1349 3668 1487 3720 tum
1530 3658 1807 3720 rhetores
1847 3660 2217 3719 exercitandi
2256 3680 2484 3735 caussa,
2529 3682 2684 3741 pro-

415 3763 699 3825 posuere:
768 3744 1007 3807 Scilicet
1045 3765 1222 3822 cum,
1273 3755 1353 3805 ut
1398 3745 1467 3804 in
1507 3745 1730 3805 iudicio
1773 3766 2081 3806 armorum
2134 3747 2295 3807 inter
2336 3746 2583 3806 Aiacem
2625 3757 2687 3807 et

415 3830 722 3909 Ulyssem,
775 3830 863 3892 ita
905 3830 971 3891 in
1012 3830 1132 3892 hac
1169 3830 1502 3892 Palamedis
1559 3851 1769 3891 caussa
1826 3833 2137 3893 materiam
2177 3829 2459 3893 idoneam
2500 3834 2686 3893 vide-

415 3924 559 3977 rent
609 3917 691 3976 ad
742 3926 1091 3994 argumenta
1150 3917 1413 3979 eruenda
1474 3925 1537 3975 et
1586 3918 1945 3995 refellenda3
2016 3919 2090 3978 cf.
2139 3919 2259 3979 Cic.
2312 3919 2520 3999 Topic.
2577 3925 2686 3997 20,

418 4022 466 4063 s.
510 4005 613 4066 76.
657 4000 737 4061 ad
780 4002 1045 4063 Herenn.
1087 4004 1162 4079 11,
1212 4008 1311 4068 19.
1396 4004 1584 4064 Extat
1638 4004 1749 4064 sub
1790 4004 2245 4064 Alcidamaneis
2284 4006 2532 4065 nomine
2579 4028 2686 4066 ae-

417 4087 652 4149 cusatio
707 4087 1077 4166 Palamedis,
1169 4086 1324 4151 ιιατὰ
1384 4084 1803 4170 Παλαμήδους
1862 4092 2226 4170 προδοσίας,
2308 4111 2466 4170 quae
2531 4093 2688 4154 nihil

418 4173 605 4234 habet
655 4175 1074 4250 memorabile,
1132 4184 1554 4255 praeterquam
1597 4175 1795 4254 quod,
1852 4185 1925 4237 ut
1965 4176 2271 4257 suspiocr,
2326 4197 2540 4239 rerum
2583 4201 2686 4239 ar-

419 4270 707 4341 gumenta
744 4280 827 4320 ex
866 4260 1130 4322 carmine
1185 4260 1411 4341 Cyprio
1454 4261 1813 4324 adumbrata
1870 4272 2047 4340 sunt;
2105 4262 2362 4324 ductum
2417 4273 2506 4324 est
2565 4266 2688 4326 cri·

419 4367 563 4408 men
607 4367 645 4406 a
701 4347 914 4426 sagitta
953 4346 1239 4423 inventa,
1296 4348 1363 4407 in
1405 4347 1580 4409 cuius
1622 4349 1922 4409 arundine
1976 4348 2247 4409 latebant
2284 4350 2530 4413 litterae
2569 4352 2692 4412 Pa·

419 4433 603 4495 ridie:
645 4433 884 4495 crimini
935 4435 1118 4495 etiam
1164 4432 1291 4494 hoc
1328 4432 1547 4513 datur,
1603 4435 1771 4514 quod
1823 4435 2084 4516 clipeum
2131 4435 2456 4498 tridente
2435 4439 2690 4520 insigni·-
