2882 5028
653 286 906 359 ,ΑΒ
1011 283 1659 361 LIBRUM
1760 286 1887 362 VI
2221 292 2421 367 1023

164 472 339 532 libro
365 471 748 534 exhibentur.
832 473 962 534 Etsi
990 491 1138 534 vero
1163 473 1284 533 hoc
1311 473 1687 533 manifestum
1736 482 1825 533 est
1842 521 1860 549 ,
1915 494 2053 535 cnm
2090 483 2294 537 tamen
2327 495 2429 537 re-

166 559 591 639 praesentatio
631 560 728 620 illa
767 559 1096 635 Eleusinia,
1133 569 1207 620 ut
1248 580 1321 619 ex
1365 558 1574 619 iisdem
1612 558 1759 619 locis
1799 558 2121 639 intelligas,
2179 562 2259 621 ad
2287 562 2430 624 vul-

164 663 351 722 gares
406 645 667 722 fabulas,
737 644 1233 725 philosophorum
1284 647 1685 706 vetustiorum
1738 645 2014 705 doctrina
2051 647 2313 725 primum
2366 647 2430 707 in

169 729 496 789 Graeciam
565 731 795 806 illatas,
868 740 1264 812 attemperata
1324 730 1539 806 fuerit;
1610 750 1734 790 non
1783 730 1981 790 minus
2036 730 2432 792 demonstrari

167 834 356 896 posse
408 815 556 875 velis
595 835 833 894 quoque
875 816 1025 894 hoc,
1090 817 1401 897 Virgilium
1449 837 1572 876 non
1612 815 1853 875 aliunde
1891 836 2057 876 suam
2104 816 2432 877 inferorum

171 902 464 961 locorum
520 900 979 980 descriptionem
1035 903 1272 982 petiisse
1289 946 1306 977 ,
1374 920 1628 980 eumque
1690 900 2016 961 Eleusinias
2070 902 2434 961 ceremonias

174 988 432 1065 vulgare
476 997 585 1046 aut
621 988 879 1048 voluisse
917 996 1018 1048 aut
1057 989 1352 1068 potuisse,
1420 1007 1559 1047 cum
1602 1006 1712 1046 nec
1762 988 1960 1067 ipsum
2001 986 2213 1046 iisdem
2254 987 2435 1047 sacris

167 1073 490 1132 initiatum
541 1092 665 1132 esse
707 1083 977 1148 constet,
1032 1094 1172 1150 nec,
1217 1075 1265 1133 si
1302 1072 1423 1133 hoc
1472 1082 1805 1148 constaret,
1859 1073 1998 1133 talis
2049 1073 2326 1152 impietas
2368 1074 2435 1132 in

172 1158 585 1218 castissimum
617 1169 856 1239 poetam
888 1159 1098 1234 cadat,
1154 1168 1229 1219 ut
1268 1179 1519 1236 arcana,
1579 1158 1745 1238 quod
1772 1159 1939 1218 nefas
1969 1166 2133 1232 erat,
2179 1158 2256 1218 ad
2284 1177 2433 1239 pro-

169 1246 354 1305 fanos
388 1244 596 1303 efferre
628 1245 907 1304 voluerit.
991 1245 1110 1304 Sed
1140 1264 1216 1304 ne
1245 1245 1307 1304 in
1339 1246 1635 1324 ingeniosa
1670 1243 1786 1303 hac
1820 1244 2050 1304 Summi
2078 1244 2207 1303 Viri
2231 1243 2433 1325 hypo·

170 1329 342 1391 thesi
373 1329 702 1390 retexenda
749 1330 1192 1390 immorandum
1244 1330 1354 1405 sit,
1417 1330 1608 1390 otium
1656 1330 1799 1388 fecit
1835 1330 1933 1389 vir
1985 1329 2273 1412 doctus,*)
2330 1330 2433 1408 qui

171 1435 314 1476 eam
342 1415 408 1474 in
435 1415 719 1494 singulari
745 1416 946 1475 libello
982 1413 1260 1496 (Cr-ilica}
1293 1416 1715 1476 Observations
1742 1437 1820 1474 on
1846 1415 1944 1474 the
1971 1416 2135 1474 six-th
2166 1416 2340 1474 Book
2367 1414 2451 1493 of

172 1502 281 1560 the
306 1501 546 1560 Aeneid
561 1545 580 1575 ,
641 1501 831 1561 Lond.
877 1502 1088 1582 1770.)
1134 1501 1337 1581 paullo
1383 1503 1579 1562 acrius
1622 1521 1802 1580 quam
1832 1501 2009 1575 velis,
2058 1500 2433 1580 perstrinxit.

171 1587 317 1648 Hoc
346 1586 626 1665 equidem
669 1586 830 1646 inter
867 1595 1064 1646 cetera
1100 1587 1511 1647 doctissimum
1551 1588 1885 1647 Praesulem
1923 1587 2187 1666 posuisse
2224 1586 2432 1660 nolim,

174 1671 673 1752 quandoquidem
714 1673 780 1732 id
817 1672 1237 1733 alienissimum
1275 1683 1365 1731 est
1408 1673 1483 1731 ab
1520 1671 1827 1749 Aeneidis,
1873 1672 2185 1750 omnisque
2210 1672 2434 1731 carmi-

174 1759 276 1818 nis
332 1757 514 1838 epici,
571 1767 790 1818 natura
830 1768 893 1817 et
930 1758 1208 1835 consilio,
1263 1768 1532 1838 poetam,
1591 1758 1855 1818 Platonis
1882 1777 1952 1816 ae
1986 1757 2286 1817 Ciceronis
2322 1777 2434 1815 ex-

177 1844 413 1923 emplo,
477 1844 907 1922 rempublicam
950 1844 1211 1903 carmine
1237 1845 1405 1924 spico
1448 1844 1734 1920 condere,
1784 1842 2161 1920 Aeneamque
2200 1843 2434 1923 legum-
2482 1863 2495 1869 ·

173 1928 390 1990 latoris
419 1928 665 2007 perfecti
707 1930 1011 2010 exemplar
1049 1948 1385 2010 proponere
1426 1930 1716 2006 voluisse3
1782 1947 2023 2008 quoque
2066 1928 2248 1988 modo
2301 1928 2434 1987 Ho-

173 2034 383 2075 merus
432 2014 727 2091 ethicum,
772 2036 842 2074 ae
887 2015 1176 2075 Miltonus
1207 2015 1548 2095 religiosum
1588 2014 1922 2089 ediderint,
1977 2015 2065 2073 ita
2109 2034 2145 2072 a
2186 2013 2431 2092 Virgilio
2530 2004 2546 2022 ⁸

175 2100 355 2161 civile
387 2118 494 2160 seu
520 2101 830 2180 politicum
858 2119 1000 2181 epos
1025 2101 1336 2160 conditum
1383 2121 1526 2164 esse.
1612 2101 1734 2161 Nec
1769 2100 1966 2159 minus
2003 2100 2133 2158 leve
2164 2109 2226 2157 et
2255 2098 2433 2157 infir-

177 2206 353 2246 mum
398 2195 519 2261 est,
556 2186 724 2264 quod
773 2188 964 2246 altero
1005 2185 1140 2246 loco
1182 2188 1421 2265 posuit,
1483 2187 1717 2246 nullum
1756 2186 1983 2265 legibus
2007 2185 2269 2245 ferendis
2294 2183 2434 2242 ido-

174 2291 366 2334 neum
411 2271 614 2330 virum
654 2272 797 2332 olim
832 2271 1028 2345 fuisse,
1072 2274 1219 2350 quin
1248 2272 1482 2331 arcanis
1514 2273 1697 2332 sacris
1729 2272 2002 2332 initiatus
2043 2279 2212 2330 esset.
2256 2269 2435 2343 Quo-

173 2369 283 2418 tus
311 2355 468 2415 enim
501 2357 751 2436 quisque
794 2356 956 2417 inter
993 2357 1261 2433 Minoes,
1323 2357 1706 2434 Charondas,
1765 2357 2051 2417 Zaleucos
2093 2365 2215 2433 est,
2258 2374 2436 2434 quem

171 2442 495 2506 Eleusiniis
529 2443 717 2503 initiis
752 2443 1053 2503 imbutum
1084 2461 1207 2501 esse
1238 2443 1553 2522 quisquam
1599 2441 1969 2502 tradiderit?
2028 2442 2202 2516 Quae
2236 2440 2435 2500 omnia

175 2550 322 2591 cum
364 2530 489 2588 sine
531 2538 780 2589 auctore
821 2528 1063 2608 prodita
1105 2527 1261 2604 sint,
1332 2539 1465 2588 tum
1515 2529 1810 2588 Eleusinia
1862 2527 2035 2586 initia
2080 2527 2155 2585 ab
2204 2527 2438 2584 Aeneae

171 2614 553 2695 temporibus
581 2625 644 2675 et
669 2623 857 2674 aetate
891 2614 1259 2694 aliquantum
1288 2624 1431 2674 sunt
1459 2624 1722 2688 remota,
1777 2612 1853 2671 ad
1883 2614 2193 2672 Avernum
2233 2620 2434 2670 autem

170 2700 681 2781 Necyomantium
730 2700 969 2780 quidem
1014 2700 1337 2778 aliquando
1376 2700 1723 2760 inclaruisse
1760 2707 2069 2757 narratum
2116 2704 2224 2771 est,
2268 2696 2437 2755 initia

170 2796 385 2850 autem
433 2785 557 2863 ulla
602 2786 666 2845 in
700 2785 796 2845 his
832 2786 979 2845 locis
1021 2786 1234 2862 fuisse,
1310 2805 1423 2845 nec
1459 2786 1760 2859 traditur,
1824 2802 1937 2843 nec
1987 2782 2297 2863 probabile
2347 2781 2436 2839 fit.
2520 2806 2527 2815 ·

166 2871 346 2936 Perit
374 2868 620 2929 tandem
652 2872 843 2931 omnis
885 2871 1051 2951 epica
1097 2872 1190 2932 vis
1231 2881 1291 2930 et
1332 2876 1570 2953 poetica
1614 2870 1908 2946 suavitas,
1969 2869 2017 2928 si
2045 2886 2142 2930 res
2175 2887 2213 2926 a
2258 2876 2437 2949 poeta

169 2965 431 3022 narrata
457 2957 533 3016 ad
566 2958 903 3038 allegoriam
929 2968 1267 3020 revocetur.

324 3211 370 3280 ⁹)
407 3211 530 3263 Fuit
568 3211 645 3278 is,
688 3210 1003 3265 clarissimus
1038 3211 1295 3264 historiae
1327 3215 1593 3265 Romanae
1627 3210 1881 3264 seriorum
1917 3219 2215 3278 temporum
2251 3208 2441 3261 condi-

171 3298 300 3348 tor,
334 3283 441 3335 Ed.
470 3280 697 3346 Gibbon,
733 3283 876 3351 quod
910 3283 1027 3352 ipse
1064 3283 1330 3352 professus
1368 3292 1476 3347 est,
1514 3300 1629 3333 cum
1661 3280 2039 3332 memoratione
2075 3278 2228 3331 huius
2252 3297 2441 3330 censu-

169 3371 277 3411 rae
328 3362 558 3404 nostrae.
621 3351 728 3404 vid.
763 3353 1194 3405 Macellaneous
1233 3353 1444 3405 Works
1478 3352 1538 3403 of
1582 3351 1680 3404 Ed.
1717 3351 1958 3413 Gibbon,
2014 3351 2168 3403 1796.
2215 3349 2336 3401 Vol.
2372 3351 2439 3399 11.

169 3428 369 3493 Nuper
401 3420 703 3490 ingeniosus
743 3421 854 3487 vir,
886 3424 1134 3473 Erasmus
1170 3424 1428 3485 Darada,
1477 3421 1530 3472 in
1564 3419 1706 3473 notis
1744 3420 1813 3472 ad
1848 3420 2066 3471 Carmen
2103 3418 2439 3482 didacticum,

169 3497 277 3551 clu
313 3490 533 3543 bocania
570 3490 825 3552 Gordos,
870 3490 1050 3543 nobile
1096 3508 1188 3542 vas
1223 3490 1585 3542 Portlandinm
1634 3507 1697 3543 ex
1732 3489 1963 3558 Virgilio
2000 3488 2076 3541 ita
2112 3489 2442 3558 interpreta-

167 3578 264 3619 tus
303 3570 415 3626 est,
451 3571 510 3612 ut
542 3559 896 3629 anaglyphum
930 3559 1000 3611 ad
1049 3560 1300 3628 mysteria
1336 3559 1599 3612 Eleusinia
1633 3561 1877 3611 referret.
1963 3560 2045 3610 lta
2097 3576 2226 3610 sane
2263 3575 2350 3609 res
2385 3574 2443 3608 se

165 3634 373 3689 habet:
423 3629 587 3682 multa
644 3628 842 3697 passim
889 3629 944 3680 in
979 3630 1228 3697 operibus
1274 3630 1480 3697 priscae
1517 3629 1647 3683 artis
1670 3667 1686 3694 ,
1755 3628 1810 3680 in
1854 3628 2073 3682 caelatis
2120 3628 2341 3680 maxime
2388 3635 2444 3676 et

166 3700 418 3772 scalptis,
454 3717 750 3765 occurrere,
786 3698 1077 3770 symbolica
1113 3708 1166 3751 et
1199 3700 1436 3768 mystica,
1475 3718 1608 3768 quae
1644 3700 1711 3751 ad
1746 3699 1906 3752 vitam
1943 3698 2228 3751 animarum
2262 3695 2315 3746 in
2354 3695 2444 3744 in-

167 3774 309 3829 feris
345 3768 697 3840 probabiliter
731 3769 920 3820 referri
955 3768 1193 3837 possint3
1243 3769 1345 3822 etsi
1381 3769 1600 3822 difficile
1635 3779 1749 3835 est,
1806 3769 1863 3821 in
1911 3768 1996 3821 bis
2033 3768 2159 3820 satis
2196 3764 2299 3818 sibi
2350 3782 2441 3814 ca-

101 3842 102 3849 ’
168 3860 330 3907 vere,
364 3857 433 3892 ne
467 3838 668 3908 ingenii
702 3838 838 3892 lusui
875 3838 1250 3908 indulgeamus.
